3984 6034
83 218 139 275 889
388 213 491 273 LIBER
509 216 663 275 brunon.
684 218 788 278 OPER.
810 219 984 281 starttcts
1003 222 1160 281 tlottltttS.
1177 254 1211 265 -
1222 222 1313 281 PARS
1332 224 1354 293 l,
1374 222 1465 283 VlSIO
1483 192 1526 280 tv.
1783 222 1835 281 890

82 350 146 421 Ego
158 363 210 421 per
223 346 428 419 memetipsum
449 345 511 403 dies
528 363 593 403 sum
610 346 660 421 qoi
675 350 765 407 asota
784 367 934 426 nunquam
951 353 1124 423 adeelerat,
1142 352 1210 427 quia
1232 352 1358 425 plurime
1382 353 1411 409 in
1432 368 1463 411 εε
1486 353 1650 425 ostendunt,
1667 352 1736 428 quie
1749 351 1836 409 lucidi

82 438 224 510 processi,
248 437 298 493 sed
319 436 356 492 de
383 452 440 509 qno
467 436 509 491 sol
533 451 669 493 accensus
687 441 739 493 est.
769 440 827 512 Ego
847 441 934 497 etiam
988 448 1018 499 et
1039 442 1140 515 aquosi
1156 447 1231 511 sunt,
1249 443 1494 515 quemadmodum
1508 444 1609 499 umbra
1624 442 1746 499 aliarum
1760 458 1836 497 crea-

82 526 159 582 ratio
175 542 240 581 sum
265 540 328 598 quae
342 525 378 581 ab
403 526 459 580 alio
478 541 536 582 non
555 527 664 598 sonuit,
680 529 729 583 sed
747 544 781 585 ex
796 546 853 601 qua
872 546 934 587 om·
989 536 1120 587 tanarum
1144 530 1175 586 in
1189 546 1262 603 aqua
1277 535 1406 604 apparet.
1430 533 1522 589 Homo
1540 532 1617 587 anim
1638 531 1669 587 in
1692 532 1753 587 visu
1770 548 1836 586 om-

82 614 131 671 nis
162 615 342 671 rationalitas
374 614 474 686 spirat.
505 616 548 671 Ad
575 616 713 672 intuitum
738 617 828 691 igitur
851 617 935 675 laciei
989 619 1037 675 nia
1057 619 1204 690 cognoscit
1217 622 1245 675 el
1264 619 1409 687 discernit,
1425 622 1455 674 et
1478 619 1503 673 si
1517 620 1577 674 visu
1603 625 1722 687 careret,
1738 619 1767 674 in
1791 618 1836 676 bis

84 702 291 775 meoespecula
313 703 378 771 ieci,
403 702 562 775 inquibus
588 705 685 760 omnia
705 707 844 763 miracula
862 707 936 763 nnti-
988 709 1067 763 velut
1096 712 1226 764 mortuus
1256 712 1339 763 esset.
1365 709 1398 762 ln
1421 708 1518 763 auditu
1544 708 1631 763 etiam
1653 708 1715 780 ejus
1736 724 1836 765 omnes

84 793 204 864 quitatis
231 808 304 847 meaa
339 808 404 864 qum
429 808 578 865 nunquam
612 794 747 850 deficient
774 796 933 866 considero,
988 814 1075 854 sonos
1107 798 1223 853 laudam
1254 800 1429 852 secretorum
1455 797 1658 868 mysteriorum
1682 800 1710 853 et
1728 796 1837 868 angeli·

83 898 118 937 ac
137 881 238 937 eadem
265 881 381 951 specula
405 881 436 936 in
461 882 593 938 laudibus
618 884 799 940 concinentia
821 884 931 956 paravi,
989 902 1089 943 corum
1121 885 1280 958 agminum,
1308 885 1467 959 inquibus
1501 885 1564 957 ipse
1590 888 1664 941 Deus
1691 886 1835 953 laudatur,
1945 932 1946 935 ,

83 969 155 1041 quia
179 985 277 1025 vocem
301 975 333 1025 ut
360 969 521 1025 tonitruum
553 971 646 1027 babeo
671 988 736 1027 cum
763 989 820 1046 qua
843 978 935 1029 totum
989 975 1090 1049 aperit,
1114 976 1253 1048 quoniam
1281 972 1435 1047 indignam
1458 980 1532 1030 assat
1552 974 1576 1029 ει
1599 974 1781 1046 ιιοιιιιιειρει
1806 990 1836 1030 εε

82 1058 185 1114 orbem
213 1063 355 1114 terrarum
387 1057 546 1114 viventibus
571 1060 650 1115 sonis
674 1061 805 1117 omnium
827 1067 937 1118 creatu·
988 1070 1219 1137 cognosceretur,
1235 1080 1300 1119 cum
1327 1064 1413 1120 homo
1435 1064 1470 1119 ab
1493 1062 1610 1119 homine
1624 1062 1655 1117 in
1679 1063 1836 1118 audituro·

83 1161 183 1201 rarum
209 1162 321 1202 moveo.
348 1148 412 1201 llaec
444 1162 498 1219 ego
529 1148 673 1219 Antiquos
705 1148 818 1205 dierum
851 1150 934 1219 facio,
988 1158 1151 1225 gnoscatur,
1167 1153 1215 1210 ubi
1231 1153 1317 1209 etiam
1341 1151 1372 1208 in
1391 1152 1545 1224 semetipso
1570 1151 1669 1207 omnia
1689 1150 1835 1223 intelligit,

84 1235 223 1306 quoniam
238 1250 292 1307 per
315 1234 438 1290 Verbum
460 1251 567 1305 meum,
592 1236 669 1309 quod
684 1238 745 1294 sine
759 1237 842 1294 initio
857 1255 936 1294 sem·
989 1246 1020 1297 et
1040 1243 1118 1297 velut
1136 1242 1231 1297 inanis
1250 1246 1334 1311 esset,
1358 1242 1382 1297 si
1406 1240 1506 1297 auditu
1526 1244 1645 1297 careret.
1671 1238 1837 1297 lunaribus

83 1322 181 1395 peria
205 1339 251 1378 me
270 1323 326 1379 tuit
344 1327 373 1378 et
396 1329 439 1379 est
461 1326 615 1397 quemdam
637 1341 776 1398 magnum
796 1326 934 1395 lucidum,
989 1336 1086 1388 autem
1110 1331 1291 1402 sapientiam,
1317 1346 1381 1403 qnae
1403 1330 1546 1386 odorilera
1565 1328 1709 1385 ordinatio
1732 1328 1763 1384 in
1778 1344 1837 1384 om·

84 1417 114 1467 at
131 1428 197 1467 cum
212 1428 246 1467 co
261 1412 485 1468 innumerabiles
505 1413 653 1485 scintillas,
676 1414 784 1471 scilicet
806 1416 933 1487 angelos,
988 1421 1073 1477 nibus
1087 1420 1198 1476 artibus
1219 1423 1272 1487 est,
1295 1419 1429 1487 ostendit,
1454 1418 1496 1475 ite
1520 1422 1552 1474 ut
1576 1418 1663 1473 honio
1690 1432 1743 1489 per
1767 1418 1836 1472 ndo-

83 1500 202 1573 prodire
223 1501 308 1573 jussi,
339 1500 391 1575 qul
414 1507 446 1556 ut
468 1502 629 1559 inlumina
652 1518 705 1559 suo
729 1504 936 1575 evigilaverunt
989 1526 1050 1565 ram
1088 1512 1239 1581 cognoseat
1267 1508 1337 1578 quid
1364 1507 1505 1579 sapientia
1536 1506 1659 1563 ordinat.
1694 1505 1837 1563 Odenatus

84 1591 143 1647 mei
159 1588 332 1656 oblitisunt,
349 1594 378 1646 et
395 1589 469 1646 sicut
492 1607 545 1663 ege
565 1594 936 1649 sumessevoluerunt.llt
989 1599 1067 1655 enim
1102 1599 1133 1655 tn
1160 1597 1295 1654 omnihus
1323 1597 1459 1655 dilatatur
1491 1597 1540 1653 illa
1567 1596 1707 1651 trahendo
1739 1598 1838 1667 quate·

84 1677 151 1735 ideo
165 1679 197 1733 in
222 1694 328 1750 magno
349 1679 458 1734 tonitru
480 1679 553 1735 ultio
573 1680 627 1735 zeli
645 1680 713 1749 mei,
738 1680 766 1737 in
795 1697 934 1755 praesum·
954 1655 1044 1744 Brius
1059 1686 1128 1743 sciat
1149 1702 1213 1759 quae
1229 1690 1258 1741 et
1278 1687 1376 1759 qualia
1390 1702 1424 1741 ea
1440 1686 1508 1741 sint.
1524 1684 1579 1743 Sed
1594 1700 1647 1756 ρει·
1661 1700 1693 1739 os
1710 1681 1838 1739 bominis

84 1769 185 1841 ptione
201 1768 269 1840 quia
284 1768 357 1824 mibi
378 1768 623 1835 contradixerunt,
650 1770 714 1826 illos
738 1771 851 1843 dejecit,
867 1772 935 1845 quia
989 1778 1065 1833 Deus
1089 1776 1210 1832 Verbum
1232 1792 1328 1845 suum,
1352 1792 1405 1847 per
1418 1775 1495 1848 quod
1510 1772 1609 1829 omnia
1627 1771 1741 1837 creavit,
1759 1770 1838 1827 desi-

86 1857 269 1913 solommodo
283 1872 358 1913 unus
374 1858 448 1913 Deos
468 1862 519 1926 ast,
540 1862 570 1915 et
588 1857 660 1914 alius
677 1874 813 1915 essenon
830 1863 933 1931 potest.
989 1871 1070 1937 gnat,
1085 1864 1159 1921 sicut
1180 1864 1267 1920 etiam
1283 1880 1333 1920 ore
1356 1864 1454 1919 omnia
1477 1878 1546 1919 sono
1561 1859 1763 1917 rationalitatis
1778 1874 1840 1931 pro

87 1946 168 2003 Unde
188 1962 307 2017 pervum
333 1962 414 2017 opus,
431 1946 507 2017 quod
523 1947 609 2003 homo
627 1951 679 2016 est,
703 1946 735 2002 in
758 1964 803 2002 me
823 1948 934 2015 dictavi,
989 1952 1131 2019 terantur,
1146 1952 1214 2025 quia
1226 1952 1565 2025 bomoplurimaprolert
1582 1949 1724 2017 sonando,
1740 1963 1840 2020 quiem·

87 2037 117 2087 et
138 2033 210 2089 illud
226 2034 263 2089 ad
285 2032 443 2106 imaginem
463 2039 492 2090 et
511 2034 730 2092 similitudinem
754 2052 847 2093 meam
871 2036 934 2105 laci,
989 2043 1147 2099 admodum
1172 2040 1296 2097 Verbum
1311 2041 1363 2097 Dei
1380 2041 1504 2098 creando
1519 2040 1550 2096 in
1571 2037 1752 2111 amplexione
1772 2037 1837 2092 cba-

88 2121 129 2175 ita
151 2125 184 2177 nt
203 2121 234 2178 in
258 2122 355 2195 aliquo
378 2124 535 2179 secundum
554 2138 601 2179 me
622 2129 769 2197 operatur,
797 2126 935 2198 quoniam
989 2131 1082 2189 citatis
1100 2130 1178 2201 lacit,
1200 2130 1242 2187 ita
1256 2135 1287 2186 ut
1309 2130 1390 2202 operi
1405 2145 1457 2185 suo
1473 2128 1546 2185 nihil
1572 2126 1766 2184 necessarium
1788 2126 1838 2182 de-

89 2210 175 2266 Filios
196 2226 279 2268 meos
304 2212 335 2267 iu
359 2210 475 2267 homine
497 2212 668 2269 indumento
686 2214 779 2269 carnis
803 2214 936 2286 operieu·
990 2219 1037 2276 ait.
1070 2220 1104 2275 Et
1138 2219 1211 2275 sicut
1237 2234 1319 2291 gena
1346 2221 1376 2275 et
1410 2220 1540 2274 mentum
1569 2216 1612 2273 ori
1637 2214 1839 2287 circumposita

88 2298 142 2353 dus
163 2304 235 2355 eret.
260 2299 333 2355 lllad
357 2316 473 2373 quoque
496 2301 531 2356 da
550 2301 743 2358 rationalitate
762 2317 827 2357 mea
846 2303 937 2358 ratio·
991 2312 1068 2377 sunt,
1084 2306 1124 2363 sic
1142 2306 1235 2363 eidem
1257 2306 1428 2363 Verborum
1452 2306 1549 2362 sonuit
1567 2306 1640 2362 illud
1663 2303 1839 2378 principium

87 2387 153 2442 ⁰³¹³
175 2387 298 2456 institui,
322 2392 351 2444 θῑ
365 2388 396 2443 in
410 2405 445 2443 eo
460 2388 681 2460 possibilitatem
700 2406 794 2445 meam
814 2389 937 2463 signavi,
991 2397 1085 2452 omnis
1105 2402 1242 2452 creaturae
1264 2395 1362 2464 allicit,
1388 2412 1453 2451 cnm
1477 2394 1576 2451 omnia
1596 2397 1691 2450 creata
1707 2398 1784 2464 sunt,
1811 2395 1841 2447 et

88 2476 163 2533 sicut
184 2477 362 2533 rationalitas
383 2478 509 2533 hominis
530 2478 562 2533 in
584 2482 644 2534 arte
667 2494 718 2533 sua
745 2494 797 2551 per
821 2479 939 2535 nomina
992 2485 1056 2541 sic:
1084 2507 1095 2535 ι
1121 2486 1154 2540 ln
1177 2484 1320 2555 principio
1337 2488 1399 2540 erat
1415 2484 1550 2547 Verbum,
1574 2488 1603 2539 et
1626 2482 1751 2539 Verbum
1779 2484 1840 2537 erat

89 2570 118 2621 et
141 2583 194 2638 per
211 2582 365 2622 numerum
384 2567 482 2622 omnia
508 2567 736 2639 comprehendit,
757 2567 826 2641 quia
849 2568 937 2623 bomo
992 2575 1068 2648 apud
1084 2574 1393 2640 Deum,et1)eueerat
1410 2572 1544 2629 Verbum.
1563 2571 1673 2637 »Quod
1698 2570 1739 2626 sic
1754 2568 1839 2625 inlel-

90 2655 200 2711 nullam
225 2672 287 2710 reru
314 2656 371 2711 alio
398 2656 484 2712 modo
505 2655 561 2711 nisi
580 2671 634 2727 per
652 2656 771 2711 nomina
790 2656 937 2724 discernit,
992 2663 1079 2719 lactui
1103 2666 1204 2735 patet:
1232 2662 1264 2716 ln
1290 2660 1433 2733 principio
1460 2659 1641 2731 incmplionis
1660 2657 1748 2727 illius,
1774 2670 1839 2711 cum

91 2759 143 2798 nec
165 2743 408 2815 multiplicitatem
430 2759 528 2800 rerum
557 2744 614 2799 nisi
637 2760 690 2816 per
714 2760 869 2801 numerum
895 2762 939 2801 co
992 2753 1125 2808 veluntas
1148 2749 1199 2806 liei
1220 2750 1257 2806 ad
1281 2748 1454 2821 pariendum
1478 2748 1618 2804 iacturam
1643 2752 1840 2803 creaturarum

90 2832 211 2904 gnoscit.
239 2832 367 2904 Angelus
395 2832 482 2888 etiam
502 2831 681 2889 fortitudinis
700 2850 775 2903 sum,
800 2834 938 2906 quoniam
993 2841 1094 2913 sejam
1112 2822 1315 2912 aperuitque
1335 2838 1396 2895 sine
1417 2838 1502 2893 initio
1520 2838 1550 2892 in
1568 2838 1633 2909 ipso
1651 2837 1717 2905 luit,
1741 2838 1840 2907 quate-

92 2922 228 2992 lfflls’sslicis
253 2920 416 2993 ‘liminibus
442 2939 494 2995 pel·
513 2923 651 2979 miracula
672 2940 718 2979 me
739 2924 889 2989 annuntie
910 2929 939 2980 et
958 2945 1049 3010 gnus
1072 2944 1102 2983 se
1121 2944 1180 2983 nou
1196 2927 1365 3001 aperuisset,
1389 2932 1447 2981 erat
1466 2926 1588 2982 Verbum
1605 2926 1711 2997 absque
1730 2922 1841 2997 princi-

93 3011 310 3083 qoiaomnibus
329 3012 467 3067 creaturis
488 3011 592 3067 iulide
615 3028 661 3067 me
683 3013 940 3084 ostendo,ubime
992 3018 1042 3091 pio
1068 3016 1146 3073 illius
1184 3013 1375 3087 incoeptiouia,
1407 3033 1422 3063 u
1442 3018 1472 3069 at
1508 3013 1632 3069 Verbum
1667 3014 1728 3069 erat
1765 3008 1841 3081 apud

93 3104 250 3155 creatorem
270 3114 331 3156 esse
346 3105 531 3172 cognoscunt,
558 3102 608 3157 sed
624 3105 752 3157 tamena
770 3101 857 3159 nullis
873 3118 939 3175 per·
994 3111 1084 3165 Deam
1111 3128 1126 3158 a
1145 3106 1219 3163 sicut
1239 3103 1359 3161 verbum
1378 3103 1408 3159 in
1430 3102 1622 3159 rationalitate
1640 3106 1693 3170 est,
1705 3099 1842 3171 quoniam

93 3190 164 3245 lecte
187 3190 369 3260 pronuntiari
389 3206 518 3262 possum.
540 3192 631 3257 llomo
655 3190 763 3264 quippe
787 3192 940 3248 vestimen·
994 3195 1173 3251 rationalitas
1198 3193 1319 3250 verbum
1341 3192 1371 3248 in
1395 3209 1426 3249 se
1449 3190 1536 3247 babet
1562 3194 1590 3246 et
1605 3190 1634 3245 in
1650 3188 1842 3246 rationalitate

94 3284 154 3334 tum
169 3277 241 3334 illud
256 3284 308 3347 εει,
325 3295 383 3351 quo
406 3278 495 3335 Filius
508 3295 591 3335 meos
605 3280 835 3337 circumamictus
850 3282 882 3337 in
895 3298 941 3337 re·
994 3288 1039 3339 eat
1053 3284 1184 3355 verbum,
1209 3287 1238 3337 et
1255 3281 1317 3339 hnc
1331 3297 1390 3339 aee
1413 3282 1504 3338 divisa
1517 3297 1577 3336 non
1599 3283 1675 3335 eunt.
1695 3280 1765 3335 Nam
1781 3276 1842 3331 sina

94 3367 153 3438 gali
175 3369 311 3439 potentia,
343 3384 374 3425 se
400 3370 492 3423 Deum
523 3368 616 3423 omnis
649 3372 787 3424 creatorae
807 3370 942 3427 civitam
994 3372 1138 3445 principio
1162 3376 1229 3427 ante
1261 3371 1437 3445 principium
1465 3375 1671 3437 creaturarum,
1699 3373 1728 3424 et
1756 3366 1843 3422 etiam

94 3454 308 3513 vitaeostendit.
332 3456 386 3513 Sed
405 3472 510 3527 agmen
526 3457 760 3529 angelorumqui
778 3459 869 3530 regali
889 3476 942 3531 po·
995 3461 1027 3517 in
1054 3458 1196 3533 principio
1218 3459 1346 3530 ipsarum
1374 3464 1435 3515 crat
1461 3458 1596 3524 Verbum,
1626 3462 1655 3515 ει
1673 3456 1751 3513 idam
1776 3455 1843 3509 Var-

95 3545 193 3601 tentiae
213 3544 291 3599 illius
311 3544 473 3617 specialiter
492 3544 608 3611 adsunt,
623 3560 709 3599 nemo
732 3548 839 3615 prater
853 3545 942 3600 Derim
996 3550 1067 3607 hum
1082 3553 1147 3605 anta
1169 3548 1354 3620 principium,
1375 3552 1404 3603 et
1428 3549 1459 3604 in
1481 3548 1543 3620 ipso
1567 3547 1709 3619 principio
1730 3549 1845 3601 creatu-

94 3631 279 3688 dinumerare
293 3636 397 3704 potest,
421 3649 473 3689 nec
494 3632 624 3705 illosqui
643 3648 710 3688 eum
730 3633 821 3688 Deum
850 3632 944 3689 omnis
997 3654 1095 3695 rarum
1108 3642 1169 3693 erat
1182 3638 1258 3709 apud
1275 3637 1375 3703 Deum,
1391 3641 1420 3693 et
1431 3637 1511 3693 nullo
1527 3636 1611 3692 modo
1636 3637 1693 3690 Deo
1710 3632 1843 3699 divisum,

94 3726 235 3776 creaturae
260 3720 445 3793 singulariter
474 3720 657 3793 profitentur,
692 3721 768 3776 ullos
792 3720 826 3775 ad
855 3721 944 3775 tinam
998 3726 1136 3798 qnoniam
1153 3726 1225 3779 Deus
1248 3724 1278 3781 in
1293 3724 1379 3781 verbo
1394 3741 1447 3781 suo
1465 3724 1557 3779 voluit
1572 3728 1604 3779 ut
1619 3722 1744 3779 Verbum
1759 3734 1845 3777 suurn

95 3810 252 3882 producere
271 3809 356 3879 valet,
381 3826 434 3866 nec
464 3810 587 3882 eosqui
615 3809 710 3881 ipsum
737 3809 825 3864 vitam
849 3808 945 3864 omnis
998 3812 1096 3869 omnia
1123 3816 1241 3878 crearet,
1272 3812 1346 3867 sicut
1369 3816 1434 3868 anta
1463 3812 1567 3867 saecula
1588 3809 1843 3882 preordinaverat.

95 3898 162 3954 vilre
180 3897 343 3969 specialiter
363 3898 564 3968 vociferantur,
585 3898 644 3955 ulla
661 3897 760 3971 lingua
780 3896 885 3955 suflicit
899 3898 945 3954 da·
1001 3904 1033 3960 Et
1047 3916 1135 3975 quare
1161 3900 1265 3956 dicitnr
1283 3900 1430 3958 Verbum?
1446 3901 1519 3968 Qviia
1541 3914 1606 3955 cuna
1630 3901 1751 3954 sonante
1779 3910 1846 3950 voca

96 3987 263 4044 terminare.
290 3987 369 4043 Unda
389 3986 466 4043 beati
486 3990 554 4043 sunt
574 3985 625 4060 qui
644 4002 710 4043 cum
729 3987 779 4043 illo
801 3986 943 4042 habitant.
998 4005 1099 4045 omnes
1122 3994 1266 4045 creaturas
1293 3988 1448 4057 suscitavit,
1480 3993 1510 4045 et
1533 4003 1580 4043 aas
1608 3988 1643 4045 ad
1668 4001 1698 4041 sa
1727 3982 1844 4039 vocavit.

134 4078 209 4131 Deus
230 4081 327 4132 autem
342 4093 428 4132 onme
442 4092 514 4148 opus
539 4092 623 4132 suum
647 4076 678 4131 in
702 4077 795 4132 forma
817 4074 945 4132 bominis
1000 4079 1070 4133 Nam
1086 4077 1162 4151 quod
1183 4077 1258 4133 Deus
1279 4077 1310 4132 in
1334 4078 1421 4134 verbo
1446 4076 1571 4145 dictavit,
1593 4077 1649 4132 hoo
1662 4073 1785 4130 Verbum
1801 4088 1846 4125 εο-

98 4164 266 4237 designavit,
292 4169 325 4221 ut
346 4165 516 4237 praedictum
542 4170 596 4232 cst,
619 4164 693 4220 sicut
715 4166 801 4220 etiam
824 4166 871 4221 bic
894 4180 946 4237 per
999 4166 1095 4223 nando
1106 4165 1202 4237 jussit,
1227 4168 1255 4221 at
1278 4164 1356 4238 quod
1382 4164 1508 4225 Verbum
1526 4164 1621 4236 jussit,
1640 4163 1694 4218 hoc
1717 4161 1792 4216 Deus
1817 4158 1848 4212 in

100 4254 230 4326 quaedam
254 4255 384 4326 exempla
418 4254 450 4309 in
477 4253 541 4325 ipso
568 4253 788 4309 demonstratur.
818 4254 891 4309 Nam
914 4252 944 4307 in
964 4252 1089 4311 liverbo
1106 4253 1231 4309 dictavit·
1255 4253 1290 4309 Et
1313 4253 1354 4308 ita
1378 4255 1452 4310 Dens
1474 4258 1535 4310 erat
1562 4252 1696 4309 Verbum.
1722 4246 1847 4304 Verbum

3 4353 4 4360 ¹
99 4344 206 4401 circulo
236 4343 346 4400 cerebri
377 4342 502 4399 bominis
537 4341 767 4399 dominationem
802 4358 884 4397 suam
905 4357 948 4397 os·
1001 4342 1127 4400 enimin
1149 4343 1207 4399 Deo
1231 4343 1296 4412 luit,
1317 4348 1346 4399 et
1367 4344 1442 4399 Deus
1462 4344 1561 4400 inille
1580 4340 1848 4399 ornnemvolunta-

99 4433 203 4502 tendit,
225 4434 294 4505 quia
318 4431 467 4488 cerebrum
484 4435 696 4503 corpustotum
717 4435 797 4486 tenet
815 4430 946 4503 etregit3
1000 4439 1060 4491 tem
1084 4450 1164 4490 suam
1186 4438 1295 4489 secreto
1325 4432 1451 4503 dictavit,
1478 4437 1508 4489 et
1540 4432 1660 4490 verbnm
1691 4430 1798 4497 sonuit,
1820 4432 1850 4484 et

99 4527 129 4576 et
151 4522 180 4577 in
202 4521 328 4577 crinibus
343 4520 521 4593 cepitisejus
537 4520 755 4592 possibilitatem
771 4534 863 4587 suain,
881 4534 948 4591 quoe
1003 4540 1103 4581 omnes
1127 4527 1270 4579 creaturas
1298 4520 1435 4593 produxit
1461 4526 1491 4577 ει
1511 4520 1551 4575 sic
1573 4519 1696 4577 Verbum
1724 4523 1753 4573 et
1776 4516 1850 4571 Deus

100 4615 303 4666 ornamentum
330 4609 420 4681 ipsius
442 4613 495 4676 est,
529 4607 669 4680 designat,
704 4606 949 4679 quemadmOdum
1003 4631 1093 4671 unum
1108 4616 1183 4669 sunt.
1200 4613 1272 4670 Cum
1286 4616 1383 4667 autem
1397 4610 1516 4666 verbum
1536 4608 1587 4665 Dei
1604 4606 1711 4670 sonuit,
1732 4618 1850 4659 omnem

99 4699 193 4755 crines
216 4702 301 4770 caput
326 4701 439 4754 ornant·
466 4698 498 4754 111
522 4695 681 4769 superciliis
709 4711 825 4769 quoque
855 4696 949 4751 oculo·
1002 4708 1243 4774 creaturamque
1265 4705 1330 4755 ante
1356 4714 1449 4754 aevum
1478 4698 1508 4754 in
1529 4700 1589 4754 Deo
1610 4692 1801 4767 preordinata
1823 4692 1852 4745 at

100 4805 165 4843 rum
187 4787 265 4844 illins
281 4787 478 4843 tortitudinem
498 4802 580 4843 suam
606 4786 794 4854 demonstrat,
811 4784 963 4856 quoniam¹
1003 4788 1143 4862 disposita
1166 4788 1222 4845 luit
1241 4786 1277 4842 ad
1302 4801 1332 4843 so
1356 4786 1477 4855 vocavit,
1494 4789 1522 4841 at
1535 4802 1587 4857 per
1600 4798 1700 4839 vocem
1719 4782 1851 4854 ejvvsom·

100 4876 251 4949 supercilia
273 4880 403 4931 tutamen
428 4875 578 4930 oculorum
600 4874 725 4931 bominis
750 4876 827 4942 sunt,
853 4871 893 4928 ita
916 4877 950 4928 ut
1004 4878 1051 4934 uia
1068 4877 1102 4933 ad
1119 4876 1205 4931 vitam
1228 4874 1365 4931 suscitata
1388 4879 1464 4943 sunt,
1490 4874 1564 4929 sicut
1587 4872 1674 4928 etiarn
1688 4869 1719 4925 in
1733 4866 1851 4923 homine

100 4981 223 5037 quaeque
245 4965 346 5020 nociva
366 4964 403 5020 ab
432 4961 474 5019 eis
499 4966 637 5033 avertant,
665 4966 695 5020 et
711 4963 843 5019 decorem
867 4960 949 5017 laciei
1003 4965 1174 5039 designavit,
1205 4962 1255 5036 qui
1288 4964 1412 5020 Verbum
1438 4963 1469 5019 in
1492 4962 1579 5018 corde
1599 4976 1653 5017 auo
1677 4956 1786 5014 occulte
1810 4953 1851 5010 di·

101 5054 254 5111 ostendant
275 5058 305 5110 et
326 5057 359 5109 ιιι
382 5067 486 5125 penne
508 5056 660 5107 ventorum
684 5056 761 5120 sunt,
778 5049 883 5124 quibus
906 5046 950 5105 illi
1003 5058 1061 5109 etat
1079 5058 1233 5126 antequam
1255 5049 1326 5105 illud
1350 5050 1471 5119 emittat,
1492 5049 1569 5121 quod
1591 5048 1622 5105 in
1644 5045 1797 5103 emissione
1811 5058 1853 5099 sa-

101 5143 287 5200 sublevanlur
309 5147 338 5199 et
358 5144 566 5208 sustentantur,
580 5140 657 5195 velut
682 5139 741 5194 avis
763 5155 829 5211 que
846 5138 950 5211 pennis
1003 5147 1136 5211 comest,
1153 5144 1182 5197 et
1202 5142 1242 5197 sic
1257 5140 1379 5196 dictatus
1395 5138 1473 5195 verbi
1494 5138 1526 5193 ιιι
1549 5136 1637 5191 verbo
1653 5140 1705 5191 est.
1731 5132 1851 5199 Quando

101 5234 160 5289 suis
177 5231 325 5289 interdum
347 5229 433 5299 volat,
454 5228 600 5283 interdum
614 5243 632 5282 a
647 5228 743 5282 volatu
763 5232 863 5296 cessat,
881 5242 950 5299 qno·
1004 5234 1082 5292 anim
1106 5232 1226 5289 verbum
1250 5229 1302 5287 Dei
1328 5229 1436 5297 sonuit,
1463 5228 1542 5285 idem
1569 5226 1689 5283 verbum
1717 5223 1747 5279 in
1771 5220 1853 5279 omui

101 5322 180 5377 Iliam
197 5322 232 5377 do
254 5318 424 5377 fortitudine
450 5318 500 5373 Dei
523 5320 625 5372 lelitls
652 5316 715 5385 ssat,
731 5316 950 5373 etssatusventi
1003 5325 1134 5381 creatura
1165 5321 1309 5393 apparuit,
1341 5324 1371 5375 οι
1402 5318 1479 5375 idom
1507 5332 1593 5372 sonus
1618 5314 1648 5369 in
1670 5312 1750 5370 omni
1778 5326 1854 5366 erog.

100 5426 206 5484 penit&
218 5410 308 5483 ipsius
328 5412 405 5464 snnt.
428 5405 482 5464 Sed
499 5404 572 5461 etin
600 5403 689 5461 oculis
707 5404 834 5461 hominis
857 5404 949 5461 scien·
1003 5419 1068 5471 tura
1089 5408 1146 5466 vita
1173 5409 1238 5467 fuit,
1272 5406 1350 5465 Unde
1382 5405 1470 5462 etiam
1500 5404 1535 5460 de
1568 5401 1670 5458 eodem
1695 5398 1782 5455 verbo
1807 5414 1853 5453 ra.

101 5499 174 5557 ιιειιι
196 5515 289 5570 suam,
312 5513 365 5570 per
384 5511 472 5571 quam
491 5492 589 5551 omnia
609 5492 750 5566 praevidet
774 5496 804 5551 et
825 5492 949 5567 prescii,
1004 5491 1149 5549 tionalitas
1172 5488 1299 5548 bominis
1322 5503 1410 5560 opera
1424 5502 1476 5543 sua
1498 5487 1643 5559 operatur,
1659 5484 1687 5539 et
1701 5480 1737 5537 de
1752 5479 1853 5535 codem
