3984 6034
200 190 267 241 1039
939 186 968 237 S.
989 184 1224 241 llllutlcafltlls
1886 192 1948 245 poto

195 318 304 374 nativam
319 315 549 389 propinquorum
571 328 690 369 snorum
713 314 911 385 suggestiones
935 329 1043 385 propo-
1062 314 1216 374 Astitutus
1247 314 1296 383 sis,
1326 315 1402 373 disce
1436 322 1534 373 umen
1567 320 1704 391 quoniam
1740 321 1947 393 longanimiter

195 407 282 462 sitnm
298 402 408 461 abbatis
424 403 460 459 nd
479 408 508 457 te
530 401 722 475 protendendi
744 401 944 470 conturbante,
968 403 1042 457 nlte-
1098 407 1127 457 et
1138 403 1279 475 patienter
1293 418 1393 459 omnes
1409 420 1460 462 nos
1483 406 1579 462 divina
1593 406 1706 464 bonitas
1731 408 1854 465 tolerat.
1878 411 1944 481 fuga

195 498 256 553 rius
269 492 442 551 destitimus.
457 492 511 548 Sed
527 507 612 564 spero
627 491 696 564 quia
718 491 795 563 qnod
818 491 946 547 ablatum
970 490 1043 546 mibi
1098 490 1184 545 etiam
1199 490 1420 548 inconstantiam
1435 493 1512 566 pigri
1525 494 1609 564 servi,
1632 496 1683 568 qui
1705 497 1793 553 bodie
1817 498 1876 553 uni
1903 499 1944 552 dc·

196 585 292 651 doleo,
312 580 512 655 opportuniori
533 584 673 651 tempore,
695 577 813 634 mmotis
835 576 969 633 omnibus
992 577 1044 632 im·
1098 580 1188 647 mino,
1213 597 1273 636 cras
1288 582 1370 637 alteri
1394 583 1495 650 servit;
1512 589 1539 638 et
1555 584 1652 654 gladic
1668 584 1745 641 verbi
1762 586 1814 641 usi
1829 586 1943 641 virilitas
1963 580 1964 595 i

197 674 379 749 pedimentis,
410 672 502 744 gratia
529 671 601 726 mibi
628 670 725 727 divina
751 670 894 726 restituet.
923 669 1042 725 iuterim
1098 668 1256 741 accingere,
1273 671 1404 742 exemplo
1423 670 1644 728 lectissimorum
1668 675 1806 741 militum,
1831 676 1890 747 qui
1913 676 1943 730 le

196 771 293 822 tamen
317 763 352 819 de
379 760 585 835 questionibus
605 759 673 829 illis,
703 774 775 831 quas
798 776 851 831 per
871 776 918 815 rna
940 759 1044 815 lratres
1098 760 1174 813 ctum
1188 758 1249 813 veri
1259 758 1419 815 Salomonis
1434 760 1594 816 ambientes
1604 762 1766 819 costodiunt
1776 764 1944 831 (contari.

195 855 368 910 villarenses
383 851 419 907 ad
438 855 466 906 le
486 848 636 904 solvendas
657 846 820 918 mittebant,
844 864 972 922 quasque
988 864 1043 919 ego
1098 847 1199 903 Mentis
1225 863 1340 920 qnoque
1365 852 1422 903 tnae
1451 849 1647 907 sinceritatem
1669 868 1734 907 cum
1759 854 1945 926 vigilantibus

194 948 345 999 revocatus
358 940 393 995 ab
415 939 528 1007 itinere,
553 937 606 993 tibi
626 937 819 1009 perferendas,
846 938 949 992 dilecto
970 936 1043 992 mihi
1098 935 1187 991 oculis
1205 936 1264 991 Deo
1288 936 1493 1009 omnipotenti,
1515 954 1552 993 ne
1571 938 1602 994 in
1619 940 1708 996 dubio
1730 940 1865 997 dormire
1888 942 1944 997 inei

195 1032 282 1089 Baldo
302 1026 441 1094 commisi,
471 1026 541 1099 quid
569 1028 663 1082 actum
689 1024 735 1094 sit,
764 1025 950 1082 vehementer
969 1025 1043 1081 scire
1097 1023 1169 1096 pias,
1185 1024 1289 1080 iterum
1309 1032 1396 1098 atque
1415 1027 1520 1083 iterum
1537 1030 1718 1085 commenda.
1741 1030 1775 1086 Et
1802 1036 1870 1086 esto
1892 1048 1943 1102 pro

194 1121 289 1192 cupio,
317 1124 414 1174 utrum
439 1115 583 1182 videlicet,
612 1131 703 1171 necne
729 1116 765 1171 ad
789 1119 817 1170 te
849 1114 1040 1187 pervenerint.
1096 1112 1327 1170 busetdilectns
1349 1115 1431 1169 miles
1453 1115 1511 1170 veri
1537 1116 1707 1184 Salomonis,
1722 1133 1812 1190 quem
1839 1134 1897 1189 pro
1916 1122 1943 1172 n'·

193 1209 275 1275 Quod
291 1208 314 1264 si
330 1210 532 1279 pervenerunt,
542 1203 725 1260 obsecramus
739 1219 851 1270 omnes,
861 1207 1043 1274 nostraepar-
1096 1200 1186 1256 cteris
1200 1202 1376 1273 quotidianas
1388 1218 1494 1276 pugnas
1514 1202 1608 1276 diligit
1627 1209 1657 1260 et
1677 1211 1806 1261 coronat.
1824 1206 1942 1278 Spiritus

192 1300 229 1354 tis
245 1294 329 1353 amici
343 1295 387 1351 tui
408 1294 439 1350 in
463 1294 575 1366 spiritu,
591 1292 649 1349 tuis
670 1292 754 1348 adusi
767 1293 899 1364 pedibus,
914 1297 947 1347 nt
963 1305 1042 1346 mare
1097 1295 1210 1345 sanctus
1236 1290 1304 1361 igne
1324 1290 1369 1345 sui
1385 1292 1492 1347 amoris
1514 1296 1542 1347 ta
1565 1294 1711 1363 accendat,
1735 1298 1769 1350 nt
1793 1295 1826 1351 in
1853 1312 1942 1351 amors

192 1386 343 1442 solutionis
361 1398 461 1440 earum
481 1382 652 1438 fiducialiter
672 1381 846 1454 ingrediens,
871 1396 948 1435 avarae
973 1379 1042 1452 Spi-
1096 1378 1203 1434 servitii
1231 1378 1276 1434 sui
1300 1379 1466 1436 indeficiens
1495 1396 1669 1453 perseveres,
1698 1388 1848 1456 quatenus
1874 1386 1943 1439 virm

191 1476 264 1532 ritus
286 1472 465 1534 sanctivela
489 1470 668 1526 committere
684 1486 742 1525 non
768 1470 964 1542 pertimescas,
991 1468 1042 1524 tati
1096 1466 1168 1539 lapis
1182 1466 1304 1523 coelestis
1328 1468 1485 1524 Jerusalem
1505 1470 1679 1543 quandoque
1702 1471 1768 1527 lieri
1792 1476 1941 1529 merearis.

190 1565 262 1620 duce
278 1564 352 1619 lreta
365 1562 426 1617 sine
446 1559 624 1627 difficultate,
648 1558 759 1632 placido
783 1559 881 1631 portui
900 1575 967 1613 mor
990 1558 1041 1614 ad·
1439 1573 1560 1621 onasrro
1579 1574 1598 1614 ι.

190 1655 314 1725 lapsura.
332 1649 489 1722 Dequibus
505 1649 592 1703 etiam
608 1664 717 1720 precor,
739 1652 771 1703 ut
790 1663 855 1703 curn
870 1645 1043 1719 prescriptis
1062 1620 1241 1709 BQttcmodo
1268 1644 1489 1718 intelligendum
1516 1649 1559 1703 est
1588 1647 1666 1721 quod
1699 1647 1808 1721 legitur
1829 1666 1840 1705 .·
1865 1672 1877 1700 a
1898 1651 1942 1716 θαι

189 1741 293 1798 litteris
319 1737 532 1795 Willarensium
559 1740 587 1791 et
611 1735 715 1791 nostris
731 1735 922 1791 solutionibus
941 1750 1041 1790 earum
1130 1730 1941 1805 unicissimum,areanisomnuumatlncctsavnu,=·

188 1828 366 1902 prescribes,
384 1831 415 1881 nt
438 1827 536 1880 alterae
552 1840 585 1879 ex
614 1823 712 1879 alteris
739 1823 879 1893 gratiores
900 1821 982 1892 dant,
1013 1826 1041 1877 et
1129 1836 1262 1893 cumper-
1283 1838 1333 1879 aes
1356 1822 1418 1879 dies
1435 1840 1524 1896 opero
1541 1839 1596 1880 ruo
1613 1825 1890 1882 uaodisvriuuisae
1908 1845 1941 1881 re

188 1918 294 1975 clarius
308 1918 479 1971 elucescant.
1129 1909 1270 1974 seratur?
1283 1912 1368 1983 (Gen.
1389 1912 1418 1982 1.)

423 2016 594 2059 ansvonsuu
613 2016 808 2056 avanaosnnrs.
1452 2016 1587 2059 suamve.

224 2094 445 2165 charitasque
469 2106 535 2145 cnm
557 2088 730 2144 abstinentia
748 2092 931 2161 peccatorum
951 2087 1040 2143 iidem
1128 2086 1316 2160 Omnipotens
1337 2090 1421 2157 Dens,
1439 2088 1488 2161 qui
1510 2089 1571 2145 sine
1586 2089 1669 2146 initio
1683 2096 1712 2148 et
1726 2091 1790 2147 sine
1815 2092 1878 2149 fine
1892 2094 1938 2148 vita

187 2183 312 2238 institnit
340 2186 369 2237 et
399 2178 558 2235 castitatem
586 2193 651 2232 enm
675 2176 814 2249 patientia
837 2176 969 2246 aedilicat,
993 2192 1039 2231 co·
1092 2177 1360 2247 est,stqniomnia
1375 2177 1407 2233 in
1422 2178 1540 2235 scientia
1558 2194 1610 2235 sua
1631 2180 1809 2237 eternaliter
1835 2182 1938 2249 babuit,

186 2272 294 2327 lamnae
311 2286 374 2343 qnae
396 2273 521 2342 qvvatuor
547 2272 642 2339 partes
657 2266 760 2322 domus
784 2264 916 2332 sustinet,
935 2264 1039 2320 similis
1092 2266 1240 2321 materiam
1264 2266 1395 2321 omnium
1416 2267 1573 2323 celestium
1595 2272 1624 2324 et
1647 2268 1830 2325 terrestrium
1865 2272 1937 2326 simvl

186 2367 239 2416 est.
262 2362 325 2432 lpsa
353 2358 429 2414 enim
458 2355 581 2411 ebaritas
604 2355 784 2427 plantaverat
809 2353 927 2410 bortum
955 2354 1037 2410 valde
1090 2352 1204 2420 creavit,
1232 2354 1336 2412 coelum
1361 2354 1476 2424 scilicet,
1500 2356 1625 2412 lucidam
1645 2356 1806 2427 materiam,
1835 2366 1868 2415 et
1891 2366 1937 2415 ter·

185 2449 343 2521 gloriosum
366 2463 430 2502 cnm
454 2444 669 2518 pretiosissimis
697 2444 874 2500 aromatibus
902 2448 930 2497 ct
956 2443 1037 2499 nobi·
1090 2457 1162 2511 ram,
1187 2458 1252 2515 qnae
1271 2443 1437 2500 turbulenta
1452 2445 1572 2501 materia
1594 2451 1665 2501 erat.
1688 2447 1745 2503 Ista
1763 2464 1837 2503 vero
1855 2449 1938 2504 lucida

186 2538 300 2594 tissimis
315 2536 444 2604 floribus,
461 2535 533 2590 rosis
548 2539 577 2590 et
592 2533 665 2601 aliis,
680 2533 730 2604 qui
747 2532 947 2588 suavissimum
965 2532 1036 2588 odo·
1089 2532 1221 2599 materia,
1234 2532 1269 2588 de
1290 2533 1418 2588 claritate
1447 2550 1512 2607 quas
1527 2535 1673 2590 aeternitas
1687 2539 1739 2602 est,
1754 2536 1832 2593 sicut
1856 2539 1938 2611 spissa

183 2644 245 2684 rem
262 2626 419 2699 spirabant,
438 2624 469 2679 in
484 2622 589 2695 quibus
603 2638 688 2677 verns
703 2621 836 2677 &temon
855 2621 952 2676 ocutos
966 2636 1036 2676 suos
1088 2618 1137 2675 lux
1151 2619 1334 2690 fulminabat,
1348 2636 1414 2693 quse
1430 2622 1518 2677 etiam
1534 2638 1621 2694 snper
1635 2624 1803 2680 turbulenta
1818 2628 1936 2682 materis

183 2734 299 2788 pascere
325 2714 444 2770 solebat.
468 2712 572 2767 Hortus
596 2712 650 2767 isle
671 2712 792 2766 virtutes
824 2715 936 2765 sanctas
958 2709 1033 2764 desi·
1088 2707 1211 2776 lucebat,
1229 2709 1360 2781 itaqaod
1376 2710 1402 2764 ei
1422 2710 1555 2780 adjuncta
1571 2711 1776 2767 eratzetistte
1793 2714 1861 2769 duan
1885 2732 1935 2769 mr·

183 2812 264 2879 gunt,
287 2820 359 2878 quas
391 2804 476 2870 Deus,
505 2800 555 2873 qui
583 2816 651 2855 vera
674 2799 797 2855 charitas
820 2802 872 2866 est,
897 2797 928 2852 in
954 2796 1033 2869 virga
1087 2794 1267 2852 tenasimul
1288 2802 1389 2854 creatas
1412 2804 1489 2868 sunt,
1511 2804 1633 2855 utnnns
1653 2800 1778 2855 circulus
1797 2818 1935 2875 apparue-

182 2896 259 2951 tesse
272 2896 406 2965 operatus
420 2892 474 2958 est,
495 2888 583 2945 ilaris
607 2887 750 2956 videlicet,
767 2903 834 2960 quae
849 2886 881 2942 in
904 2887 1032 2942 castitate
1052 2902 1072 2957 g
1086 2884 1154 2941 rint.
1169 2885 1203 2941 In
1217 2886 1312 2957 primo
1327 2903 1452 2960 namque
1468 2888 1545 2957 Fiet,
1566 2888 1662 2960 angeli
1684 2890 1719 2945 de
1741 2891 1886 2961 praedicta
1900 2894 1935 2947 lo

181 2984 290 3050 lloruit,
319 2988 348 3038 et
376 2979 589 3036 nobilissimum
616 2976 718 3032 floram
743 2975 873 3048 protulit.
898 2976 938 3030 lle
960 2974 1033 3030 flore
1088 2972 1151 3030 cida
1171 2976 1291 3031 materia
1315 2992 1504 3033 cumeorum
1532 2978 1697 3034 habitaculo
1717 2988 1935 3051 processerant;

181 3074 234 3129 ista
247 3088 301 3128 vox
317 3069 438 3125 turturis
451 3066 553 3123 auditu
567 3068 610 3120 est
624 3064 720 3137 (cnut.
746 3064 788 3135 ιι),
816 3078 882 3135 quse
905 3061 1032 3134 virgina-
1087 3062 1199 3134 etquis
1224 3064 1307 3133 tlens,
1331 3066 1407 3122 Dens
1430 3066 1568 3123 ethome
1592 3071 1645 3134 ast,
1663 3066 1819 3123 adfaciem
1848 3070 1936 3125 Patris

180 3162 238 3217 lem
251 3167 385 3217 naturam
400 3155 523 3224 vomit,
544 3169 631 3227 qnam
657 3153 750 3207 lilium
775 3150 929 3222 significat,
955 3151 1031 3224 qaod
1086 3150 1204 3221 angelos
1216 3152 1321 3207 creavit
1336 3169 1343 3209 ε
1360 3158 1389 3209 et
1403 3153 1561 3223 hominem,
1580 3154 1615 3212 de
1629 3170 1688 3227 quo
1702 3156 1801 3211 tunica
1812 3158 1932 3213 induen-

180 3251 212 3306 in
227 3265 280 3305 suo
305 3245 403 3318 stipite
421 3243 556 3300 candidos
574 3241 669 3311 liores,
695 3256 761 3295 cum
784 3239 940 3311 fragrantia
961 3256 1031 3311 gra-
1085 3239 1138 3294 dus
1152 3244 1221 3309 erat,
1248 3241 1282 3297 ad
1302 3240 1458 3313 imaginem
1481 3246 1510 3297 et
1531 3242 1754 3299 similitudinem
1774 3261 1860 3299 snam
1881 3248 1932 3302 lor·

179 3338 280 3394 tissimi
299 3334 394 3391 odoris
413 3332 527 3388 emittit.
557 3329 635 3386 Sicut
660 3333 689 3384 et
711 3328 775 3399 ipsa
797 3326 947 3399 virginitas
965 3344 1031 3400 pro·
1084 3326 1174 3383 mavit
1187 3344 1195 3383 r
1210 3328 1250 3384 sic
1273 3345 1391 3402 quoque
1412 3329 1449 3385 ad
1472 3328 1628 3401 imperium
1649 3332 1859 3403 omnipotentis
1875 3334 1929 3399 ilci,

178 3430 243 3497 pter
256 3421 453 3478 dulcissimum
469 3418 589 3473 odorem
602 3414 687 3471 bonae
700 3413 871 3470 intentionis
879 3413 910 3470 in
920 3415 1029 3472 mundo
1083 3430 1148 3471 cnm
1164 3416 1291 3473 diceret:
1307 3416 1386 3487 stat,
1410 3417 1546 3490 qnalibet
1561 3422 1691 3475 creatura
1711 3420 1746 3475 de
1767 3420 1930 3479 turbulenta

178 3514 346 3569 honoratur.
363 3507 497 3564 Eramitae
513 3520 629 3579 quoque
644 3504 702 3559 sive
728 3502 872 3570 monachi,
894 3502 943 3574 qui
960 3518 1027 3574 pro·
1084 3504 1202 3560 matoria
1225 3506 1382 3562 secundum
1410 3506 1534 3579 speciem
1562 3510 1672 3563 naturas
1700 3524 1760 3563 suas
1785 3514 1927 3582 apparuit

176 3606 242 3673 pter
257 3599 402 3656 Christum
419 3594 524 3652 saeculo
546 3592 785 3649 renuntiaverunt
809 3590 869 3646 sine
891 3591 1028 3649 societate
1082 3592 1134 3649 Sex
1149 3594 1227 3649 enim
1243 3594 1314 3661 dies,
1344 3612 1392 3649 ser
1419 3610 1505 3667 opera
1534 3600 1617 3663 snut;
1646 3596 1715 3667 quia
1742 3598 1880 3671 incoeptio
1905 3606 1931 3655 et

177 3685 321 3743 saecularis
345 3700 461 3758 pompae
488 3683 585 3737 vivere
610 3680 725 3750 debent,
755 3680 828 3736 ucat
847 3679 928 3752 virgo
965 3688 1028 3753 post
1080 3682 1235 3755 completio
1249 3682 1354 3755 singuli
1368 3683 1508 3755 cujusque
1523 3684 1627 3755 operis,
1651 3685 1713 3741 dies
1730 3686 1847 3744 dicitnr.
1865 3692 1931 3745 Post

176 3781 274 3833 votum
289 3776 350 3831 sine
366 3771 507 3829 memoria
519 3770 591 3839 viri;
608 3770 678 3843 qnia
695 3768 818 3845 virgines
839 3773 869 3824 et
891 3769 1027 3825 monachi
1080 3770 1255 3826 creationem
1280 3771 1366 3827 etiam
1389 3772 1490 3843 prima
1513 3772 1639 3828 mabrica
1654 3773 1735 3829 nulla
1750 3790 1834 3831 mors
1859 3779 1927 3843 luit;

92 3850 98 3859 ’
176 3866 253 3921 inter
273 3856 558 3936 angelicos'ordines
582 3859 659 3915 idem
684 3862 767 3925 snut;
789 3856 928 3930 qnoniam
952 3857 1026 3913 sicot
1079 3858 1129 3913 sed
1145 3858 1523 3931 moxquasiinictuoculi,
1538 3860 1666 3932 Spiritus
1684 3863 1800 3919 Domtuv'
1811 3866 1929 3935 sarebo-

175 3954 271 4025 angeli
285 3951 357 4009 nihil
375 3950 453 4007 alind
472 3964 560 4023 qnam
581 3947 684 4004 ladam
709 3946 761 4002 ilai
783 3945 925 4017 inspicere
949 3946 1024 4002 desi-
1079 3950 1225 4019 turauper
1238 3962 1340 4018 aquus,
1355 3948 1505 4004 necetiam
1528 3952 1627 4020 postea
1640 3966 1719 4007 mora
1734 3951 1832 4026 aliqua
1849 3963 1926 4025 snut;

175 4044 287 4112 derant,
302 4042 342 4098 sic
356 4047 385 4097 et
399 4039 455 4113 ipsi
478 4037 613 4095 omnibus
633 4036 747 4109 pompis
769 4034 954 4092 sacularibus
978 4034 1025 4091 ab
1077 4035 1127 4092 sed
1142 4036 1216 4092 fleus
1227 4036 1305 4093 illico
1320 4036 1391 4093 dixit
1406 4052 1412 4092 :
1429 4037 1497 4093 aaut
1507 4036 1557 4093 tua
1572 4036 1649 4109 (Gen.
1664 4040 1695 4109 1).

170 4132 265 4203 iactis,
277 4132 390 4202 agnum
417 4128 475 4195 Dei,
504 4127 650 4184 Christum
679 4125 795 4194 scilicet,
823 4139 938 4181 crucem
962 4124 1023 4195 ejus
1414 4140 1542 4188 onnsrro
1558 4140 1592 4181 u.

172 4220 345 4292 bajarlantes,
368 4221 538 4289 sequuntur,
567 4216 599 4271 in
626 4214 731 4289 quibus
768 4219 887 4287 propter
921 4230 1023 4270 verum
1042 4203 1063 4254 ὓ
1079 4210 1154 4281 Quid
1167 4219 1208 4269 est
1225 4213 1301 4287 quod
1314 4213 1454 4286 scriptum
1472 4218 1516 4269 eat
1538 4231 1545 4270 :
1567 4214 1699 4271 «must
1723 4217 1801 4273 Deus
1822 4234 1924 4291 aguas,

172 4313 372 4381 contemptum
396 4306 494 4362 saculi
517 4305 669 4361 rutilantes
691 4303 777 4359 llorcs
800 4302 943 4374 passionis
967 4304 1021 4359 [lo-
1111 4302 1330 4375 quamarcia
1339 4304 1534 4374 firmamento,
1550 4304 1587 4359 ub
1600 4304 1818 4377 aequassent
1839 4324 1924 4381 super

172 4399 288 4454 minian
305 4402 455 4469 generant.
487 4396 580 4462 Nunc,
604 4410 622 4449 o
649 4392 692 4449 lili
717 4391 778 4459 Dei,
802 4392 834 4447 in
851 4392 924 4448 valle
945 4408 1021 4448 verse
1106 4390 1353 4461 limitamentum?
1367 4412 1382 4443 a
1398 4390 1480 4464 (Gau.
1497 4394 1529 4464 ι.)
1540 4392 1681 4465 Nunqus'd
1692 4393 1866 4453 eredendum
1883 4400 1923 4453 ert

170 4487 342 4543 humilitatis
355 4485 477 4558 positus,
503 4484 535 4539 in
553 4483 650 4556 quiete
671 4481 788 4537 ambula
809 4480 871 4537 aine
895 4480 1021 4536 elatione
1110 4478 1278 4537 materiales
1286 4496 1377 4552 aquus
1385 4498 1471 4552 super
1484 4485 1696 4552 firmamentum
1709 4484 1790 4539 esset

169 4590 235 4646 quse
248 4573 391 4646 precipiti
413 4572 506 4628 monti
530 4570 694 4639 assimilata,
718 4569 875 4637 difficilem,
899 4574 929 4625 et
943 4570 1021 4626 velut
1428 4584 1560 4627 susurro.

169 4662 379 4735 impossibilem
394 4676 543 4716 ascensum
562 4659 606 4715 vel
628 4658 797 4714 demensum
819 4656 927 4730 praebet
946 4656 1020 4713 inni·
1110 4657 1184 4711 Deris
1207 4671 1384 4729 aquasquas
1412 4672 1499 4729 super
1524 4658 1739 4715 firmamentum
1767 4666 1862 4731 erant,
1887 4662 1920 4717 ab

168 4752 305 4819 tentibus,
329 4754 359 4805 et
384 4749 510 4821 incujus
532 4747 699 4804 summitate
728 4747 841 4801 nullum
864 4745 1018 4801 aedificium
1073 4744 1117 4801 bis
1142 4760 1209 4817 quas
1230 4744 1283 4800 sub
1316 4744 1497 4802 firmamento
1526 4751 1618 4816 erant,
1646 4748 1712 4803 idco
1746 4747 1853 4815 divisit,
1892 4755 1920 4805 nt

167 4845 257 4913 putet.
275 4842 365 4896 tlonvo
381 4838 460 4893 enim
476 4837 527 4909 qni
540 4840 632 4892 tentat
649 4835 734 4891 altius
753 4834 908 4891 ascendere
928 4850 1016 4907 qnam
1072 4834 1146 4889 sicut
1169 4832 1321 4889 interiores
1346 4850 1428 4907 aquas
1450 4836 1572 4891 terranis
1600 4836 1857 4894 constitutionibus
1879 4840 1920 4895 ad.

167 4927 259 5000 possit
280 4925 441 4998 pervenire,
465 4924 515 4979 ille
538 4939 644 4979 nomen
663 4922 819 4979 sanctitatis
843 4922 951 4994 absque
971 4938 1016 4977 se-
1072 4926 1149 4990 snnt,
1178 4922 1219 4978 ita
1246 4922 1331 4977 etiarn
1364 4928 1393 4978 ct
1425 4923 1586 4995 superiores
1614 4940 1697 4995 aquae
1722 4924 1919 4995 superioribus

166 5016 286 5073 caritate
317 5013 461 5087 possidet;
488 5012 556 5085 quia
581 5012 642 5067 solo
661 5012 780 5068 nomine
803 5012 865 5067 sine
894 5009 1016 5067 aedilicio
1069 5009 1322 5067 constitutionibus
1337 5010 1476 5066 adessent.
1494 5010 1706 5083 lnaqnisenim
1721 5013 1918 5083 superioribas

165 5107 308 5162 bonorum
328 5118 449 5174 operum
475 5106 505 5157 et
526 5100 650 5175 quadam
666 5100 766 5171 inepta
786 5098 886 5154 latitia
910 5098 1016 5155 mentis
1070 5098 1141 5154 nihil
1156 5098 1289 5171 estquod
1304 5103 1411 5153 crescat
1425 5104 1475 5155 aut
1497 5098 1623 5167 deliniat,
1646 5100 1719 5154 sicut
1740 5100 1769 5155 in
1793 5100 1856 5157 istis
1879 5104 1918 5157 in·

165 5194 316 5265 gloriatur.
343 5192 386 5247 Tu
414 5190 492 5246 enim
519 5187 759 5263 gloriosissimum
786 5186 903 5243 bortum
926 5203 1013 5260 quem
1068 5187 1223 5243 tertoribus
1238 5186 1331 5260 aquis,
1347 5188 1377 5241 iu
1390 5188 1494 5260 quibus
1509 5187 1651 5261 quidquid
1660 5189 1740 5253 vivit,
1752 5189 1808 5244 hoc
1821 5206 1919 5263 quem·

164 5283 288 5339 charitas
312 5280 462 5352 plantavit,
485 5278 590 5350 aspice,
615 5281 645 5334 et
667 5291 902 5348 unamquamque
924 5276 1012 5331 virtu·
1068 5276 1224 5333 admodum
1240 5277 1328 5332 bomo
1344 5276 1444 5332 crescit
1464 5282 1492 5331 et
1510 5278 1615 5334 delicit.
1630 5278 1684 5335 Sed
1704 5278 1762 5335 illas
1781 5282 1916 5351 superio·

163 5376 223 5427 tem
238 5371 268 5426 in
284 5384 352 5426 vera
373 5368 538 5425 humilitate
559 5372 590 5423 et
609 5364 792 5439 simplicitate
810 5365 903 5421 cordis
926 5365 963 5446 ad
982 5368 1012 5421 te
1068 5380 1207 5437 rasaque
1221 5365 1251 5420 in
1265 5364 1359 5437 primo
1379 5369 1453 5420 stato
1476 5382 1527 5421 sno
1550 5366 1623 5422 sicut
1650 5365 1724 5423 Dens
1747 5384 1794 5423 eas
1816 5372 1916 5427 consti

164 5459 287 5530 collige3
302 5463 331 5513 et
345 5456 412 5513 licet
434 5458 510 5513 inter
524 5456 614 5512 varias
636 5454 788 5511 bominum
816 5458 926 5510 mentes
940 5471 1011 5510 eon·
1067 5452 1131 5521 tuit,
1147 5452 1313 5525 persistunt,
1333 5458 1360 5509 et
1382 5454 1412 5510 in
1439 5454 1545 5511 circulo
1568 5470 1619 5511 stro
1642 5455 1746 5521 tlnunt,
1772 5462 1801 5514 et
1825 5466 1914 5517 mate·
