3984 6034
896 220 926 277 S.
946 213 1185 277 hrcnncannts

729 442 1000 545 LIBER
1055 439 1362 546 NONUS.

907 612 957 669 llll
979 610 1179 671 utttuhhts.

368 826 435 880 Cir.
456 824 477 878 l.
497 852 533 863 -
551 822 592 877 lle
610 824 687 877 luno
706 820 738 891 [1,
759 820 814 894 15].
862 888 866 896 ¹
1033 818 1236 892 Aetfrigidos,
1247 835 1280 876 ec
1291 818 1428 877 humidos
1441 820 1590 890 humores,
1606 821 1739 877 acumine
1763 837 1827 889 suo,
1855 838 1924 878 cum

205 936 316 989 Aurum
337 931 461 987 calidum
483 932 536 998 031,
557 932 586 983 οι
602 926 758 1000 quamggm
785 931 919 982 napum„
935 924 1015 980 ,ΘΜ
1072 908 1173 963 ardore
1185 906 1272 979 ignis,
1296 914 1326 965 et
1346 924 1412 965 cum
1426 909 1520 965 calore
1542 910 1655 965 alterati
1674 910 1734 965 uini
1754 910 1874 978 minuit,
1889 918 1923 966 nt

170 1023 225 1088 301,
246 1026 275 1077 ος
288 1018 370 1093 quasi
391 1018 426 1074 de
450 1032 515 1073 ,θη
530 1020 582 1072 032,
606 1016 700 1071 Homo
715 1021 812 1071 autom
827 1014 876 1087 qui
890 1013 1016 1080 virore),-
1071 995 1222 1069 praefatum
1237 1001 1289 1053 est.
1305 995 1335 1053 Sl
1348 1002 1445 1053 autem
1461 996 1493 1053 in
1508 1002 1644 1069 argenteo
1658 1013 1725 1053 vase
1741 996 1850 1065 cibum,
1868 1015 1921 1053 seu

171 1113 305 1180 tfqetest,
331 1122 435 1162 aurum
454 1104 576 1177 accipiat
599 1107 628 1158 et
650 1102 721 1159 illud
743 1104 783 1157 ita
801 1106 915 1174 coquat,
939 1100 1017 1173 quod
1072 1090 1172 1156 ll⁰tum
1197 1084 1309 1158 0000000,
1334 1100 1387 1141 000
1408 1086 1463 1157 il)Si
1489 1086 1613 1141 mustum
1636 1085 1761 1158 000000οι
1788 1102 1840 1141 000
1865 1086 1924 1159 00οῘ

171 1197 245 1253 nihil
258 1194 350 1250 sordis
360 1194 391 1249 in
413 1209 448 1248 eo
471 1192 518 1260 sit,
534 1197 563 1247 et
576 1197 608 1246 nt
621 1190 648 1246 ei
664 1191 753 1246 nichil
767 1190 861 1258 coece,
881 1195 911 1245 et
924 1189 965 1244 sic
987 1187 1019 1243 iu
1073 1173 1108 1229 00
1125 1173 1277 1229 0000000001
1290 1174 1416 1247 00000000
1433 1174 1513 1230 000οῑ
1526 1174 1593 1230 000·
1607 1173 1662 1245 00]

171 1286 319 1357 pulverem
334 1280 454 1354 redigat,
470 1280 499 1335 id
525 1284 569 1335 est
582 1280 662 1346 mute,
682 1284 711 1334 et
734 1282 803 1334 tunc
817 1276 938 1350 accipiet
952 1292 1014 1331 mo·
1108 1260 1137 1318 Si
1152 1260 1750 1335 00000100000008000000001001000000
1769 1263 1923 1320 00000οῑ000

172 1373 267 1428 dicum
298 1370 399 1435 farinre
437 1367 539 1423 simila
575 1368 610 1423 ad
637 1368 828 1439 quantitatem
851 1366 1016 1423 medietatis
1073 1348 1248 1418 0000000000,
1272 1350 1358 1405 000ῑο
1380 1351 1518 1423 frigidum
1541 1358 1570 1407 00
1590 1352 1678 1407 0000ῑο
1700 1352 1796 1424 gravis
1815 1352 1847 1409 00
1864 1360 1924 1407 000·

171 1462 275 1533 palm
295 1461 399 1512 emm
425 1471 490 1511 gum
514 1471 589 1528 ,qua
616 1456 708 1522 knede,
739 1460 768 1510 ει
788 1454 856 1510 huic
884 1454 960 1509 mg
984 1452 1019 1508 de
1074 1438 1176 1493 mucho
1196 1438 1259 1508 ejus
1281 1444 1406 1508 areatat
1433 1440 1520 1495 etiam
1538 1437 1605 1495 iude
1631 1445 1729 1511 postea
1752 1441 1921 1507 laederetur,

171 1544 356 1621 pulvercillo
377 1544 440 1600 auri
460 1543 495 1599 ad
524 1541 638 1617 pondus
660 1543 746 1599 unius
769 1542 848 1599 ohuli
873 1540 969 1607 addat,
990 1546 1019 1595 et
1075 1527 1161 1583 00000
1184 1526 1277 1583 000000
1300 1544 1366 1583 0000
1390 1532 1490 1585 000000
1512 1527 1638 1601 aliquam
1660 1527 1860 1585 iflflffllllfflffl
1877 1529 1926 1599 ju·
1986 1592 1987 1597 ,

172 1634 285 1691 eumin
308 1649 393 1689 mana
414 1631 473 1688 diei
491 1631 611 1703 jejunus
633 1631 775 1702 comedat,
799 1630 952 1687 etiterum
974 1643 1019 1683 se·
1074 1619 1164 1672 0οῐ00·

172 1723 267 1779 cunda
281 1722 327 1778 die
340 1720 444 1776 eodum
460 1719 545 1775 modo
573 1735 639 1774 cum
659 1719 753 1774 ferina
779 1724 810 1774 et
831 1734 897 1774 cnm
920 1716 1022 1772 eodem
1240 1702 1305 1759 0⁴¹³·
1326 1704 1375 1760 ¹¹¹·
1395 1734 1430 1745 ··
1448 1704 1489 1759 00
1508 1706 1621 1761 Ρο0000
1641 1704 1674 1777 [Ῑι
1697 1702 1754 1777 ¹7]-

172 1811 302 1885 pondere
314 1810 379 1865 auri
391 1810 538 1865 tortellum
554 1807 649 1873 faciat,
665 1811 694 1865 et
707 1823 773 1863 cum
795 1807 859 1879 ipso
881 1805 928 1861 die
944 1804 1020 1876 jeju·
1112 1808 1266 1865 Plumhum
1286 1808 1426 1880 frigidum
1448 1816 1501 1879 est,
1526 1814 1554 1866 et
1575 1810 1724 1867 hominem
1748 1811 1876 1879 luderet,
1898 1811 1923 1865 si

174 1914 229 1956 nus
242 1899 429 1966 comedat-ct
451 1897 583 1952 tortellus
597 1897 651 1951 iste
670 1897 725 1951 hoc
748 1896 831 1951 modo
854 1898 972 1966 paratus
994 1896 1024 1947 et
1076 1897 1147 1954 iilud
1171 1896 1269 1969 atiquo
1291 1898 1376 1954 modo
1398 1897 1430 1954 in
1448 1914 1553 1969 corpus
1573 1915 1658 1955 suum
1674 1898 1801 1968 duceret,
1816 1904 1856 1965 [ot
1869 1898 1925 1953 hoc

174 1992 317 2045 comestus
347 1987 383 2042 ab
410 1984 458 2042 illo
481 1987 556 2054 gicht
581 2000 636 2057 pcr
661 2000 771 2040 annum
797 1982 963 2055 compescit.
989 1982 1024 2035 El
1076 1983 1194 2057 quidem
1212 1986 1319 2041 faceret
1339 1991 1459 2058 propter
1472 1986 1562 2059 frigus
1579 1987 1657 2060 quod
1677 1987 1708 2043 in
1722 2004 1753 2043 se
1772 1987 1871 2055 hahet,
1893 1994 1923 2043 et

174 2094 279 2135 aurum
308 2076 384 2132 istud
412 2075 444 2131 iu
467 2074 615 2129 stomacho
641 2071 718 2128 illius
740 2089 792 2145 per
813 2072 885 2128 duos
909 2084 1023 2124 menses
1042 2074 1145 2173 Bquia
1166 2075 1253 2129 etiam
1274 2073 1428 2147 aliquando
1453 2076 1608 2132 crudosum
1625 2076 1798 2148 cstctqnasi
1812 2076 1922 2147 despu-

172 2167 257 2239 jacct,
283 2170 313 2221 et
344 2165 440 2236 ipsum
471 2162 651 2217 stomachum
684 2177 744 2216 non
772 2160 932 2225 exacerbat,
972 2172 1024 2213 nec
1077 2162 1167 2217 mutio
1182 2166 1211 2217 et
1233 2168 1457 2234 purgamentum
1480 2164 1602 2219 eliorum
1616 2170 1841 2220 crementorum
1856 2164 1923 2219 cdd.
1987 2174 1988 2243 l

176 2256 330 2321 exulcerat,
346 2252 394 2307 sed
410 2251 434 2306 si
447 2250 569 2324 frigidus
588 2254 632 2305 est
654 2254 682 2305 ct
706 2250 852 2317 slimechte,
878 2263 946 2303 eum
961 2245 1025 2301 ehe-
1078 2247 1131 2322 ed.l
1146 2249 1200 2305 Sed
1215 2250 1241 2305 si
1256 2256 1387 2307 mortuns
1403 2250 1491 2307 homo
1505 2251 1682 2321 intumescit,
1697 2256 1726 2308 et
1740 2251 1765 2307 si
1785 2254 1813 2308 el
1827 2252 1924 2323 plum·
1987 2246 1988 2263 ¹

176 2357 233 2415 que
246 2338 375 2414 periculo
397 2339 526 2411 ejusdem
541 2336 669 2394 hominis
692 2336 820 2392 calefacit
848 2341 878 2391 et
905 2338 1021 2408 purgat.
1077 2335 1147 2393 hum
1174 2338 1357 2409 supponitur.
1383 2343 1528 2395 tumorem
1558 2338 1641 2395 illum
1670 2339 1852 2412 aliquantum
1878 2356 1924 2395 re·

175 2430 231 2486 Sed
255 2430 280 2484 si
303 2444 391 2485 sanus
413 2426 501 2481 humo
525 2426 601 2482 istud
629 2425 707 2495 facit,
736 2426 763 2480 ei
788 2424 941 2483 sanitatem
957 2422 1024 2478 reti·
1078 2426 1194 2496 stringit
1217 2424 1365 2499 [quoniam
1388 2427 1437 2483 ille
1461 2426 1581 2483 vitalem
1605 2427 1730 2483 halitum
1754 2428 1925 2485 nonhabet

177 2517 267 2585 uehit,
282 2521 312 2572 et
330 2514 500 2572 siinflrmus
521 2520 575 2582 cst,
592 2530 677 2570 sunus
696 2513 760 2570 crit.
782 2514 816 2569 Et
838 2514 943 2569 iterum
971 2528 1024 2583 pu·
1077 2512 1144 2569 cdd.
1161 2512 1225 2584 ed.].
1243 2512 1383 2591 Siculam
1404 2530 1491 2587 super
1511 2514 1607 2571 rivum
1630 2514 1777 2571 homiuem
1792 2516 1925 2587 {ponere-

176 2622 241 2662 rum
261 2620 365 2661 aurum
391 2602 499 2675 accipe,
527 2607 556 2659 ct
579 2602 651 2658 illud
675 2602 705 2657 in
732 2602 790 2658 olla
812 2606 862 2657 ant
889 2602 920 2657 in
948 2605 1024 2657 testa
1077 2602 1126 2655 tur
1146 2601 1197 2674 qui
1224 2600 1440 2669 intumesceret,
1465 2606 1542 2659 totus
1562 2602 1743 2658 scinderetur
1757 2618 1811 2659 uec
1829 2602 1923 2658 rivere

175 2692 409 2763 ghiwetotuwct),
425 2697 455 2748 et
467 2692 508 2747 itu
520 2691 643 2769 ignitum
659 2690 689 2746 in
713 2705 820 2762 purum
832 2690 930 2746 vinnm
944 2704 1023 2761 pone
1079 2694 1174 2761 posset
1194 2687 1346 2761 [quoniam
1366 2689 1511 2761 frigiditas
1535 2690 1597 2763 ejus
1614 2690 1772 2763 pertransit
1789 2690 1873 2747 illum
1899 2696 1926 2745 et

177 2788 210 2839 nt
220 2782 258 2837 ah
272 2798 308 2837 eo
323 2782 485 2849 incalescat,
502 2786 530 2836 et
544 2781 584 2835 ita
598 2779 723 2835 calidum
740 2777 817 2845 hihe,
834 2783 862 2834 et
875 2778 930 2833 hoc
944 2793 1022 2850 saepe
1079 2777 1222 2833 scinderet
1239 2776 1309 2849 qnia
1331 2779 1410 2834 velut
1434 2779 1615 2850 despumatio
1636 2779 1760 2835 aliorum
1784 2796 1924 2835 rorameu-

176 2870 232 2939 fac,
247 2875 277 2926 et
292 2870 396 2939 pielta
420 2874 447 2925 te
467 2868 597 2924 cessabit.
624 2866 679 2923 Sed
702 2872 731 2922 et
752 2867 802 2939 qui
823 2868 891 2939 fider
909 2867 941 2921 iu
963 2871 1024 2920 sto·
1077 2866 1175 2921 torum
1190 2868 1242 2921 est.
1258 2865 1311 2921 Sed
1327 2882 1380 2923 nec
1396 2866 1476 2923 cihus
1487 2870 1546 2941 lucc
1560 2873 1644 2940 potus
1664 2868 1695 2923 iu
1709 2868 1845 2941 plumheo
1862 2884 1926 2923 vase

180 2960 283 3016 macho
299 2959 396 3026 hahet,
431 2957 470 3014 ita
491 2972 558 3013 cum
581 2956 674 3030 ignito
693 2972 764 3011 auro
788 2972 894 3028 purum
923 2956 1022 3011 vinnm
1077 2952 1152 3009 ualet
1171 2959 1291 3026 propter
1313 2954 1502 3026 frigiditatem
1533 2958 1662 3029 quamin
1684 2974 1714 3013 se
1736 2956 1831 3013 habet.
1849 2958 1923 3013 Add.

177 3046 325 3103 calefaciat
343 3051 372 3101 et
388 3046 428 3101 sic
444 3045 532 3113 hibat,
555 3048 585 3100 ct
603 3045 671 3115 illes·
686 3058 753 3099 cum
775 3044 965 3116 derelinquet.
990 3044 1025 3098 Et
1078 3042 1134 3114 ed]

177 3135 199 3191 si
216 3135 319 3192 alicuhi
335 3134 365 3191 iu
379 3150 499 3206 corpore
520 3139 572 3190 tuo
588 3138 685 3189 tumor
707 3133 844 3204 exsurgit,
867 3147 972 3187 aurum
986 3132 1024 3187 ad
1252 3132 1318 3189 Car.
1339 3132 1383 3189 lv.
1403 3162 1440 3177 -
1457 3134 1495 3188 lle
1513 3134 1620 3190 Saccuo
1639 3134 1673 3205 [l,
1698 3134 1755 3205 201.

178 3224 267 3280 solem
288 3224 435 3280 calefaciat
457 3227 488 3279 et
510 3223 552 3277 ita
575 3223 650 3276 circa
674 3222 801 3299 permutet
823 3220 952 3291 ejusdem
975 3227 1023 3275 tu·
1116 3236 1276 3309 srangnum
1291 3237 1357 3308 plus
1370 3236 1506 3310 frigidum
1529 3245 1573 3296 est
1593 3256 1680 3313 quam
1699 3240 1833 3297 calidum.
1851 3241 1924 3297 Etsi

179 3313 266 3368 moris
289 3312 431 3376 cestrum,
458 3315 487 3365 et
507 3315 604 3365 tumor
635 3310 684 3364 ille
721 3315 881 3363 evanescet.
910 3310 945 3363 Et
972 3307 1024 3380 qui
1080 3322 1184 3397 aliqui,
1201 3326 1288 3381 homo
1311 3333 1466 3399 ,mgnum
1488 3344 1575 3400 ,uper
1606 3334 1702 3385 cum„
1724 3344 1806 3386 ,uam
1830 3331 1923 3401 ponit,

179 3401 278 3456 surdus
307 3415 390 3454 ³⁰r0³
417 3398 505 3453 hahet
525 3413 591 3453 0000
618 3398 748 3467 0000000ῐο
781 3412 851 3453 0000
877 3402 906 3452 00
932 3397 1026 3453 willa
1045 3408 1066 3465 C
1083 3414 1124 3469 itu
1138 3412 1215 3487 quod
1230 3414 1305 3469 cutis
1319 3420 1348 3471 et
1362 3429 1427 3471 caro
1442 3416 1504 3488 ejus
1525 3417 1591 3473 inde
1613 3418 1777 3486 incalescet,
1803 3418 1925 3474 infirmi-

178 3488 281 3543 similes
295 3487 370 3543 00000
384 3489 466 3559 paret
481 3490 613 3558 ut³¹¹lll'll
632 3485 741 3542 0000000
755 3491 807 3556 00οι
827 3490 857 3542 00
878 3485 1025 3542 000000οῐ0
1080 3507 1167 3558 tatem
1187 3503 1300 3575 corpori
1312 3518 1364 3558 suo
1387 3504 1610 3577 aufertpropter
1623 3505 1808 3577 frigiditatem
1831 3522 1923 3562 suam.

179 3577 214 3633 00
237 3593 271 3632 00
293 3576 325 3632 3¹²
347 3591 431 3631 00000
454 3591 519 3631 0000
541 3574 623 3647 0800,
644 3580 786 3648 (10000000
806 3575 884 3631 00100
908 3575 971 3647 0300
994 3576 1024 3630 00
1080 3592 1130 3648 Vel
1151 3592 1175 3647 si
1197 3592 1263 3664 quis
1282 3592 1371 3649 humo
1391 3592 1422 3647 iu
1438 3599 1558 3664 stagneo
1576 3610 1641 3651 vase
1669 3594 1793 3650 comedit
1811 3600 1863 3650 aut
1887 3594 1926 3649 hi·

179 3683 280 3723 000001
293 3670 431 3735 00000000,
448 3670 477 3721 00
490 3665 545 3721 000
566 3681 642 3737 0000
657 3664 752 3732 0000οι
776 3669 806 3720 00
824 3664 957 3720 luditum
976 3679 1024 3718 00·
1082 3679 1133 3746 bil,
1149 3678 1351 3735 infirmitatem
1365 3679 1433 3736 iude
1448 3680 1601 3751 contrahit,
1615 3682 1654 3737 ita
1669 3683 1745 3754 quod
1766 3682 1826 3737 fere
1850 3684 1927 3737 velut

181 3755 327 3828 cipiet(l).
1080 3783 1225 3824 venenum
1245 3768 1272 3823 ei
1295 3773 1347 3823 est.
1370 3768 1423 3825 Sed
1445 3770 1492 3825 cni
1514 3786 1580 3826 caro
1600 3770 1675 3827 circa
1696 3772 1793 3827 oculos
1816 3772 1926 3825 usroilc·

344 3877 410 3931 qn·
432 3874 466 3929 Π,
488 3902 522 3917 ,,,
541 3874 583 3929 ῃ,
602 3875 735 3929 mmo
755 3870 790 3944 qq,
814 3870 866 3944 pq,
1080 3861 1132 3926 cet,
1154 3862 1290 3911 stannum
1312 3857 1342 3911 in
1361 3856 1471 3913 cineres
1495 3858 1608 3931 rediget
1636 3865 1665 3914 ct
1681 3859 1747 3914 illos
1767 3858 1796 3914 in
1819 3874 1925 3930 purum

1081 3944 1295 4015 vinnmponat,
1316 3949 1345 4001 et
1368 3945 1401 4001 ad
1425 3950 1547 4017 noctem,
1572 3963 1637 4004 cum
1661 3948 1819 4004 dormitum
1840 3948 1926 4013 vadit,

1081 4046 1147 4087 cum
1162 4030 1229 4087 eino
1244 4032 1299 4087 isto
1317 4034 1448 4101 uuunder
1469 4035 1520 4106 qui
1542 4051 1572 4089 se
1594 4036 1769 4091 uszwelczent
1784 4034 1928 4089 circumli·
1966 4018 1972 4029 ⁸

1084 4122 1159 4185 neat,
1180 4124 1209 4173 ct
1221 4119 1353 4187 uugladcr
1363 4121 1424 4174 suni
1441 4125 1470 4176 et
1478 4119 1590 4192 pulchri
1599 4120 1679 4189 flent,
1695 4136 1763 4176 nam
1779 4120 1924 4192 frigiditas

1082 4206 1178 4262 amnui
1199 4222 1265 4262 cum
1279 4208 1374 4263 calore
1396 4209 1456 4263 vini
1470 4214 1628 4280 temperata
1652 4224 1768 4264 caruem
1784 4224 1872 4281 quam
1886 4225 1929 4263 ca·

1082 4292 1135 4350 lidi
1150 4294 1286 4350 humores
1298 4294 1446 4352 excutiunt
1467 4302 1496 4353 et
1515 4297 1651 4353 emittunt
1665 4301 1748 4353 sanat
1761 4301 1789 4353 ct
1811 4312 1927 4368 eompu-

1084 4382 1136 4437 uit.
1152 4382 1206 4438 Sed
1215 4382 1370 4455 caliginem
1384 4385 1533 4441 oculomm
1550 4400 1607 4441 nou
1623 4386 1715 4458 fugat.

215 4003 375 4071 Argentum
398 3996 536 4070 frigidum
556 4002 599 4052 est
632 3996 712 4069 [qnia
746 3995 883 4068 frigidum
909 4000 1027 4051 uentum

180 4089 264 4146 illum
276 4088 373 4154 hahet,
388 4086 438 4159 qui
457 4086 543 4141 etiam
562 4090 668 4139 terram
682 4083 818 4156 frigidam
831 4084 899 4139 facit
912 4084 957 4139 ed.
968 4082 1026 4157 cd]

181 4179 272 4233 Romo
302 4180 398 4230 autem
420 4174 471 4246 qui
496 4174 722 4244 superfluitatem
752 4174 908 4227 humorum
936 4172 966 4228 in
998 4188 1028 4227 se

181 4264 269 4319 hebet
298 4266 328 4317 et
357 4260 421 4316 illus
452 4260 516 4332 [per
546 4260 726 4315 exactionem
761 4260 828 4315 odd.
862 4258 916 4333 ed]
952 4277 1028 4334 soepc

183 4352 271 4424 ejicit,
286 4355 439 4423 argentum
452 4350 533 4405 valde
547 4365 653 4421 purum
673 4348 778 4404 factum
796 4348 828 4404 iu
846 4349 913 4421 igue
926 4350 1027 4419 gluwe,

182 4448 212 4498 et
231 4441 272 4496 itu
293 4438 420 4495 calidum
445 4439 476 4495 in
495 4438 603 4494 bouum
626 4437 725 4493 vinum
747 4443 846 4509 ponet,
866 4446 894 4492 et
912 4438 966 4493 hoc
985 4442 1029 4493 ter

182 4534 233 4586 aut
244 4534 346 4603 quater
358 4528 444 4585 faciat
458 4533 490 4583 ut
504 4527 602 4583 uinum
616 4526 687 4582 illud
704 4526 739 4582 uh
758 4543 793 4582 eo
808 4527 971 4595 incalescat,
1000 4532 1029 4583 et
1269 4508 1332 4564 Cll-
1351 4508 1382 4563 V·
1405 4539 1439 4549 ··
1460 4508 1499 4565 ⁰ss
1518 4509 1610 4565 clm
1632 4508 1663 4583 ll,
1687 4509 1740 4581 ¹⁸J·

182 4620 224 4676 sic
247 4618 365 4691 jejunus
389 4617 423 4673 ed
450 4622 562 4672 noctem
585 4631 661 4687 saepe
689 4614 779 4682 bibet,
804 4620 833 4671 et
864 4614 1027 4687 superfluos
1119 4611 1247 4683 Cuprum
1267 4613 1391 4669 calidum
1410 4614 1513 4683 existit,
1528 4615 1629 4671 etcito
1652 4614 1810 4687 infrigescit
1831 4620 1863 4671 et
1887 4620 1929 4670 est

183 4708 320 4765 humores
335 4706 365 4761 in
380 4721 414 4760 co
425 4704 540 4773 minuit,
555 4704 584 4760 id
595 4711 639 4759 est
654 4703 783 4759 ucmdet.
1047 4696 1069 4751 ll
1083 4700 1162 4755 velut
1171 4699 1275 4757 favillae
1291 4702 1366 4771 auri,
1382 4703 1490 4759 scilicet
1512 4708 1545 4759 ut
1560 4704 1664 4760 favillae
1686 4719 1751 4777 ques
1773 4704 1810 4760 de
1828 4704 1930 4761 ardeu-

219 4794 321 4869 [Fortis
353 4792 431 4849 euim
460 4797 562 4848 natura
596 4790 761 4863 frigiditatis
782 4791 904 4863 argenti,
920 4790 1029 4847 calidos
1083 4786 1160 4843 tibus
1173 4788 1275 4860 prunis
1289 4790 1404 4847 cadunt.
1431 4793 1464 4847 Et
1485 4792 1535 4865 qui
1556 4793 1699 4866 quaslibet
1718 4793 1813 4849 februs
1833 4794 1929 4861 hahet,

220 4918 323 4991 (und
344 4934 351 4973 :
369 4936 383 4967 u
397 4918 508 4972 Aurum
522 4912 648 4971 calidum
662 4918 715 4979 est,
730 4917 758 4967 et
773 4913 928 4985 quamdam
941 4915 1028 4967 natu·
1083 4912 1136 4966 cho
1155 4911 1279 4967 hominis
1309 4914 1375 4985 plus
1400 4914 1545 4971 consumit
1576 4931 1663 4988 quam
1686 4932 1770 4989 uqua.
1792 4915 1874 4981 Quod
1907 4916 1930 4970 si

183 5006 248 5047 ram
273 4990 353 5044 velut
378 4989 418 5043 sol
435 4986 529 5051 hahet,
553 4992 582 5040 et
597 4985 679 5057 quiesi
702 4986 737 5038 de
758 4988 876 5051 aere,et
891 4982 1027 5038 ruborem
1082 4982 1186 5037 alicubi
1207 4984 1238 5038 in
1260 4999 1379 5055 corpore
1402 4986 1527 5041 hominis
1551 4990 1648 5041 tumor
1670 4986 1797 5059 exsurgit
1827 5002 1930 5041 eurum

184 5058 421 5129 exignehehet:
446 5062 475 5112 et
496 5058 583 5112 etium
605 5057 640 5110 de
665 5053 787 5110 humido
809 5068 875 5108 uere
896 5058 950 5108 est.
972 5052 1027 5108 Sed
1081 5052 1113 5107 iu
1132 5054 1191 5109 sola
1209 5054 1365 5123 calefaciat,
1390 5061 1419 5110 et
1442 5056 1515 5112 illud
1544 5056 1584 5111 ita
1610 5058 1718 5112 circum
1750 5056 1931 5112 inflationem

185 5133 236 5205 qui
245 5131 354 5187 febrem
363 5128 394 5184 in
403 5127 550 5183 stomacho
560 5126 728 5193 hahetcum
735 5124 829 5205 ignito
840 5140 911 5178 auru
922 5138 1028 5205 purum
1082 5122 1211 5194 ejusdem
1234 5126 1366 5195 tumoris,
1400 5128 1483 5198 qnasi
1511 5127 1638 5183 liniendo
1665 5128 1773 5183 ducat:
1800 5133 1829 5182 et
1854 5128 1932 5182 idem

185 5210 215 5258 et
236 5202 347 5257 bonnm
372 5200 472 5255 einum
492 5197 649 5261 calefaciat,
673 5201 701 5250 et
719 5210 759 5249 sic
777 5193 865 5260 bibat,
889 5198 920 5248 et
940 5194 1028 5249 febris
1081 5199 1179 5250 tumor
1201 5202 1359 5252 evanescet.
1384 5196 1526 5261 Quoniam
1548 5196 1624 5253 hona
1649 5198 1739 5253 virtus
1762 5198 1835 5265 anm,
1865 5213 1932 5253 curm

185 5289 253 5329 eum
263 5272 416 5343 relinquat,
432 5269 571 5341 quoniam
594 5267 669 5322 bonu
690 5264 779 5320 virtus
802 5264 931 5334 ejusdcm
953 5264 1027 5334 auri,
1082 5265 1119 5320 ad
1144 5267 1240 5335 ignem
1264 5268 1332 5322 solis
1353 5268 1500 5335 excitatur,
1530 5283 1597 5323 mox
1624 5268 1701 5324 idem
1725 5284 1837 5335 aurum,
1852 5267 1934 5339 qnod

185 5359 252 5400 cum
277 5344 396 5398 alterato
419 5342 523 5407 calore,
548 5337 575 5392 si
601 5336 688 5419 ignis,
711 5340 745 5391 ut
793 5336 942 5391 redictum
973 5340 1027 5402 est,
1083 5335 1118 5389 al)
1134 5335 1257 5406 iguesit,
1277 5338 1359 5409 quasi
1374 5353 1427 5409 per
1444 5340 1569 5394 calorem
1585 5338 1829 5407 solispcvulscit,
1844 5348 1934 5409 atquc

185 5427 288 5484 pravos
320 5412 457 5468 humores
484 5409 621 5464 stomachi
648 5406 751 5463 aufert.
800 5407 849 5461 ino
871 5410 979 5473 autem,
1002 5414 1031 5461 ct
1083 5404 1264 5477 insurgentes
1274 5407 1411 5463 humores
1424 5408 1593 5466 fortitudine
1610 5424 1662 5465 sua
1676 5409 1798 5482 fugat.»

186 5497 247 5538 non
260 5496 344 5553 aqure
358 5482 533 5552 imponatur,
545 5478 613 5551 quin
626 5479 724 5533 uinum
740 5478 857 5532 livorem
873 5476 903 5530 iu
918 5482 1027 5531 stoma·
