3984 6034
60 203 116 258 bSl
672 193 1177 264 selv1s8.-ttss.ttl,tllstox.
1722 209 1727 222 ⁸
1760 195 1814 252 de

60 352 147 392 mans
159 335 283 394 fideliter
302 349 401 408 quere
424 349 484 403 me,
503 337 534 388 et
553 333 735 389 subterstum
758 331 913 404 suscipiam
933 334 954 388 Α
967 330 1050 397 Quod
1064 330 1088 386 si
1100 331 1189 387 stiam
1203 330 1234 386 in
1248 330 1295 387 bis
1305 329 1459 402 aliquando
1474 329 1620 398 οιιιιιιιι,
1640 345 1762 402 surgens
1774 331 1815 387 ci·

60 430 99 480 ta.
118 427 160 480 Tu
185 428 293 490 ιιιιιιιι,
312 440 330 478 o
352 424 450 489 bomo,
471 427 531 478 tam
551 423 719 495 trequenter
738 421 781 476 vis
798 435 913 476 summa
966 420 1024 474 tius
1034 419 1233 491 penitentium
1243 434 1278 476 ex
1287 419 1431 490 ccrdssge
1441 423 1470 474 et
1481 418 1640 491 suscipiens
1650 419 1765 476 salvabo
1775 423 1814 476 ts.

59 517 193 584 tangere,
206 512 258 586 qui
271 527 324 567 nec
336 512 438 566 intima
450 511 527 566 veles
540 509 796 581 comprehendere.
1003 508 1125 574 Quidam
1148 513 1244 564 autem
1259 507 1370 580 decepti
1391 523 1408 562 s
1430 508 1556 574 diabolo,
1576 512 1606 562 et
1628 508 1817 579 perdurantes

101 601 184 656 Unde
197 601 267 656 andi
277 615 325 655 me
339 598 392 653 tibi
403 599 565 654 dicentem:
582 598 612 655 Si
625 613 677 669 per
691 613 737 652 me
748 597 914 654 admonitus
968 596 999 651 in
1013 596 1100 664 ιιιιιιο,
1114 600 1215 668 putant
1230 611 1260 652 se
1275 595 1467 651 sanctificatos
1481 611 1552 664 esse,
1564 611 1629 651 cum
1644 596 1815 652 exteriorem

63 689 95 743 in
114 688 277 761 abjectione
299 687 481 743 secularium
507 686 699 758 negotiorum,
721 691 772 740 aut
791 685 823 740 in
842 701 914 739 con·
968 685 1116 740 bominem
1131 683 1162 740 iu
1175 700 1205 740 se
1220 683 1369 739 continent
1383 701 1399 738 a
1414 685 1557 754 conjugio,
1581 684 1747 755 abjicientes
1763 684 1817 740 cir-

62 776 186 832 tinentie
200 776 360 832 carnalium
372 776 477 846 jugum
493 789 590 830 mcum
600 774 675 830 terre
694 773 849 835 desideras,
866 789 915 827 an·
968 773 1175 830 cumcisicnsm
1190 773 1293 828 mentis
1310 772 1357 828 nbi
1374 772 1513 843 superllui
1527 776 1594 828 sunt
1615 771 1645 827 in
1659 771 1817 828 immundis

64 869 185 936 tequam
195 863 438 936 bocaggrediaris
449 863 576 935 primum
590 864 692 929 clame,
704 863 774 917 etin
785 863 841 917 hoc
852 877 916 933 per·
969 861 1194 932 cogitationibus
1215 867 1243 916 et
1270 861 1356 916 etiam
1373 861 1550 932 abnegantes
1570 859 1815 916 circumcisionem

65 969 165 1008 severa
174 968 308 1026 querens
320 968 377 1020 me,
391 957 420 1006 at
431 952 636 1022 egoadjuvabo
646 957 685 1005 te.
700 950 815 1016 Quodsi
828 951 914 1006 etism
969 951 1087 1022 spiritus
1102 951 1151 1006 ubi
1165 950 1317 1021 proferunt
1331 951 1439 1006 malum
1453 951 1483 1004 i'n
1500 949 1693 1006 locutionibus
1709 954 1737 1004 at
1750 965 1818 1020 ope·

65 1041 266 1096 admonitione
288 1056 351 1095 mes
374 1045 478 1114 ιιιιιιι,
501 1055 547 1094 me
570 1039 612 1094 vis
625 1039 734 1094 imitari
762 1040 796 1094 ad
813 1054 916 1094 mere·
969 1039 1050 1095 ribus
1073 1039 1141 1106 suis,
1165 1040 1298 1095 nolentes
1323 1039 1395 1094 scire
1410 1039 1547 1112 quonium
1563 1039 1618 1094 hoc
1641 1037 1818 1110 tlagitiosum

65 1128 201 1198 spiciens,
216 1132 246 1183 in
256 1129 428 1200 virginitatis
438 1129 549 1201 pudore
561 1127 630 1200 quie
643 1132 677 1182 ut
689 1127 742 1182 llos
755 1129 791 1182 dc
805 1127 916 1182 inarato
970 1129 1018 1195 sit,
1032 1128 1080 1182 sed
1096 1131 1208 1182 tantum
1222 1128 1319 1198 tepide
1332 1127 1518 1183 observantes
1529 1133 1561 1182 ιιι
1573 1141 1640 1182 cero
1653 1143 1753 1182 eorum
1770 1125 1818 1180 in·

66 1233 137 1287 egro
149 1218 286 1286 nescitur,
296 1217 336 1272 sic
351 1221 379 1272 et
394 1233 448 1288 ego
462 1217 524 1272 sine
538 1216 615 1271 virili
628 1216 739 1271 ιιιιιίιιι
754 1216 790 1270 de
804 1215 917 1286 virgine
971 1220 1053 1288 tegre
1068 1217 1130 1272 site
1144 1216 1355 1286 commistione,
1370 1219 1524 1270 renuentes
1537 1215 1657 1270 omnino
1671 1215 1820 1286 integrita-

66 1307 156 1361 l'itius
167 1305 218 1360 Dei
231 1311 316 1360 uatus
330 1321 413 1360 snm:
429 1305 547 1360 ostende
562 1305 635 1360 mibi
651 1321 752 1376 agrum
770 1304 860 1359 animi
874 1302 918 1359 tui
971 1310 1031 1360 tem
1046 1304 1164 1376 spiritus
1180 1305 1234 1359 sni.
1248 1304 1327 1359 Unde
1341 1303 1454 1374 indigni
1472 1319 1568 1360 coram
1592 1319 1649 1372 me,
1669 1307 1736 1358 sunt
1749 1318 1820 1375 pro-

66 1393 98 1448 in
114 1396 208 1449 multa
221 1392 394 1455 bumilitate,
409 1398 439 1448 et
452 1393 598 1465 alloquere
615 1409 661 1447 ms
675 1393 705 1448 in
729 1393 861 1464 largitate
873 1393 918 1447 iu.
969 1394 1041 1466 jecti
1054 1397 1132 1448 extre
1144 1393 1237 1464 legem
1265 1399 1325 1448 tam
1340 1393 1484 1448 carnalem
1508 1407 1594 1464 qnam
1618 1393 1817 1464 spiritualem

67 1483 209 1537 tertarum
226 1483 417 1553 lacrymarum
432 1488 558 1550 tuarum,
574 1486 603 1536 et
616 1480 679 1536 dic:
694 1483 801 1536 Oltsus
820 1497 902 1536 meus
973 1482 1042 1554 quia
1052 1497 1104 1536 nec
1114 1481 1145 1536 in
1160 1497 1245 1536 carne
1260 1497 1312 1536 nec
1335 1481 1364 1535 in
1380 1482 1480 1552 spiritu
1505 1479 1663 1534 secundum
1677 1477 1820 1549 justitium

67 1571 364 1642 egoiudignusbomo
377 1587 435 1624 non
447 1570 538 1625 babeo
549 1569 686 1641 ameipso
696 1569 918 1642 baucpossibili·
937 1608 958 1664 Β
976 1570 1025 1625 [ιιι
1035 1571 1175 1625 vixerunt.
1199 1571 1269 1626 Nam
1285 1585 1337 1626 nec
1363 1569 1546 1625 constitutam
1562 1569 1616 1624 sibi
1644 1569 1738 1640 legem
1752 1582 1821 1623 con·

67 1665 158 1716 tatem
174 1659 311 1731 perficere
325 1665 356 1714 ut
368 1659 564 1731 virginitatem
579 1674 673 1714 meum
684 1660 792 1730 possim
805 1674 917 1714 conser-
969 1659 1046 1731 jugit
1060 1663 1225 1725 tenuerunt,
1239 1674 1292 1714 nec
1305 1659 1514 1731 quodplnseat‚
1527 1673 1613 1730 quarn
1628 1658 1706 1729 quod
1716 1657 1747 1712 in
1757 1655 1821 1727 legs

70 1763 145 1810 sore,
163 1745 276 1814 uisite,
303 1747 436 1813 bomine,
451 1746 569 1816 adjuves
584 1761 640 1813 ms,
668 1746 737 1818 quia
764 1748 842 1802 totus
855 1747 917 1801 cul·
973 1751 1149 1819 preceptum
1163 1751 1216 1813 est,
1246 1749 1276 1802 iu
1300 1747 1476 1818 virginitatis
1505 1761 1602 1802 umora
1625 1748 1818 1801 servaverunt.

69 1833 175 1905 psbilis
188 1848 253 1889 sum
267 1833 300 1887 in
314 1834 379 1888 ortu
397 1831 523 1887 ardentis
536 1831 614 1886 succi
636 1831 672 1886 de
687 1847 746 1904 quo
761 1831 873 1902 pullulo
888 1831 918 1886 in
972 1836 1155 1906 Quapropter
1167 1835 1281 1906 indigni
1296 1837 1386 1890 oculis
1401 1835 1473 1890 meis
1487 1835 1711 1907 sunt,quoniam
1723 1833 1820 1888 nescio

71 1921 169 1976 multis
184 1921 322 1987 miseriis,
334 1921 500 1993 frequenter
511 1925 644 1991 repetens
653 1919 795 1990 originem
809 1919 919 1990 tragili·
972 1924 1023 1997 qui
1039 1923 1106 1978 sint.
1124 1925 1187 1979 Non
1203 1923 1281 1979 anim
1293 1923 1350 1980 vidi
1366 1939 1414 1979 eos
1426 1924 1457 1978 iu
1474 1928 1616 1995 precepto
1632 1922 1705 1994 legis
1718 1921 1820 1977 umbu-

70 2010 136 2064 tatis
150 2023 231 2065 mee·
248 2010 328 2071 Unde
342 2008 430 2064 stiam
445 2024 505 2064 non
524 2023 640 2078 possum
662 2023 728 2064 mee
745 2009 851 2063 virtute
873 2023 919 2062 ms
973 2013 1042 2081 lare,
1060 2027 1111 2067 nec
1126 2013 1201 2084 quod
1224 2013 1254 2067 in
1278 2012 1329 2068 ille
1351 2028 1381 2067 re
1407 2014 1471 2084 plus
1493 2012 1622 2068 laverent
1641 2025 1729 2084 quana
1743 2009 1821 2081 qviod

72 2097 168 2168 ipsum
180 2112 319 2168 superare
329 2096 361 2151 in
376 2100 462 2168 gustu
476 2095 635 2150 dulcedinis
648 2095 743 2151 carnis
757 2111 838 2160 mem,
851 2095 920 2152 dum
973 2103 1196 2174 eispraeceptnm
1210 2107 1262 2156 est.
1274 2102 1353 2158 Unde
1362 2107 1390 2157 at
1405 2101 1538 2173 repulsis
1549 2101 1657 2156 visione
1668 2115 1732 2155 mea
1743 2103 1819 2154 sunt.

71 2203 135 2242 sum
143 2187 231 2242 arbor
241 2191 381 2256 concepta
389 2191 418 2240 et
426 2190 494 2240 nats
502 2185 534 2239 in
548 2184 850 2256 peccatis.0bboctu‚
863 2186 919 2239 llo·
975 2192 1033 2262 Ego
1047 2205 1184 2262 comparo
1209 2206 1259 2245 eos
1281 2191 1402 2246 infertili
1425 2195 1511 2245 terre
1530 2189 1660 2262 gignenti
1682 2186 1779 2259 spinas
1793 2193 1822 2242 et

72 2275 163 2342 mine,
176 2276 214 2330 da
226 2274 339 2330 miiaiin
353 2275 461 2330 νιιιιιιι
475 2278 525 2328 tua
538 2272 658 2345 igneum
673 2273 792 2339 donum,
806 2273 920 2345 quodin
973 2279 1096 2334 tribulos
1114 2294 1146 2333 ec
1167 2278 1294 2333 iuteltces
1313 2279 1425 2347 herbas,
1451 2279 1486 2334 ad
1518 2279 1614 2334 nullos
1637 2294 1705 2332 nsns
1728 2274 1822 2332 homi-

71 2379 118 2419 me
127 2363 290 2434 exstinguat
301 2363 377 2417 bunc
386 2362 516 2417 tomitem
526 2365 555 2417 et
568 2363 645 2417 branc
658 2362 791 2417 ardorem
806 2377 921 2433 perver-
973 2381 1044 2422 ιιιιιιι
1059 2369 1185 2422 valentes
1203 2383 1268 2438 quus
1288 2367 1317 2421 iu
1336 2367 1490 2422 altitudine
1511 2371 1540 2422 et
1554 2367 1649 2422 colore
1665 2381 1717 2421 suc
1734 2381 1763 2419 se
1777 2380 1821 2418 as·

72 2453 174 2518 sitatis,
191 2450 232 2506 ita
244 2455 277 2506 ut
285 2467 350 2507 cum
361 2451 445 2506 rectis
454 2450 586 2521 suspiriis
597 2450 694 2505 bibam
705 2450 740 2504 dc
753 2450 922 2521 aqualontis
975 2454 1102 2509 similant
1124 2455 1196 2510 rosis
1219 2459 1247 2508 et
1272 2455 1340 2509 liliis
1363 2470 1396 2508 ec
1420 2454 1483 2509 aliis
1506 2453 1624 2508 utilibus
1653 2453 1773 2508 lloribus
1795 2455 1823 2506 et

72 2538 192 2609 riviqni
206 2538 353 2593 melaciet
372 2538 498 2608 gaudere
516 2535 547 2591 in
565 2536 633 2602 vita,
655 2535 786 2608 quirum
803 2538 876 2592 cinis
892 2542 922 2592 st
975 2542 1072 2598 herbis
1101 2542 1200 2597 utilem
1238 2557 1353 2597 succum
1385 2546 1413 2596 st
1441 2541 1553 2596 dulcem
1583 2541 1708 2596 fructum
1737 2543 1823 2611 atque

73 2627 169 2698 pulvis
181 2626 248 2697 plus
264 2625 405 2696 aspiciens
423 2625 455 2679 iu
476 2639 564 2696 opere
577 2625 761 2680 tenebrarum
783 2641 871 2696 quam
890 2626 921 2681 in
976 2630 1084 2686 bonum
1106 2630 1225 2686 odorem
1248 2631 1347 2686 usibus
1380 2630 1531 2685 medicine
1553 2629 1583 2683 in
1607 2645 1636 2683 se
1652 2627 1823 2684 habentibus

73 2715 259 2786 operalucis.
276 2715 351 2768 Etsi
373 2721 404 2769 tu
419 2718 488 2768 tunc
503 2715 557 2768 hnc
572 2714 784 2786 supplicatione
811 2714 922 2769 studio·
976 2719 1131 2774 etiterum
1156 2735 1293 2790 comparo
1318 2733 1368 2773 cos
1393 2733 1502 2789 cupra:
1526 2718 1602 2789 quod
1629 2733 1659 2772 se
1684 2715 1822 2772 extrinse-

73 2819 123 2859 sus
137 2808 167 2859 et
180 2807 313 2858 constans
326 2802 426 2870 tueris,
440 2816 542 2873 agrum
556 2801 642 2857 illurn
664 2817 736 2873 paro
750 2802 823 2857 mibi
837 2802 921 2870 inte,
975 2823 1026 2863 cns
1041 2807 1177 2862 assimilat
1192 2823 1273 2872 euro,
1298 2807 1375 2862 intus
1389 2812 1487 2861 auteur
1506 2805 1704 2877 deceptionem
1726 2808 1756 2860 ιι
1769 2804 1822 2875 hy·

74 2890 923 2965 quemlmcfiliosuoproposuitcumdicebattdccwdor
941 2888 1112 2967 Cpocrisim
1137 2897 1201 2951 auri
1233 2896 1371 2958 retinens,
1397 2893 1533 2968 qnoniam
1567 2893 1722 2949 secundum
1747 2892 1824 2947 hunc

73 2980 128 3052 etii
140 2979 198 3036 mes'
209 2980 286 3036 sicut
299 2979 370 3035 odor
384 2978 552 3053 agripleni,
565 2978 613 3034 cui
630 2978 771 3034 benedicit
784 2977 923 3034 noestam
977 2985 1095 3040 modurn
1115 2985 1145 3040 hi
1159 2985 1292 3039 homines
1310 2983 1378 3039 loris
1393 2985 1547 3038 ostendunt
1564 2999 1594 3038 se
1618 2981 1725 3036 bebere
1743 2979 1823 3035 simi-

75 3072 159 3139 (θαι.
172 3072 266 3139 wll)
275 3087 287 3133 .·
296 3069 491 3140 eumdemque
502 3083 605 3139 astum
615 3083 713 3122 meum
728 3068 758 3123 in
774 3068 861 3122 eorde
871 3071 922 3122 tuo
976 3073 1129 3129 titudinem
1140 3072 1326 3146 prudentium
1334 3072 1491 3144 virginum,
1502 3069 1625 3126 interius
1637 3072 1733 3125 autem
1744 3069 1823 3124 lellu-

73 3158 239 3214 bsnsdicsm
254 3163 282 3213 et
298 3157 429 3212 utetiam
443 3161 613 3228 persecutus
622 3157 733 3212 aiebat:
749 3157 822 3212 Esto
835 3155 924 3212 dmai·
976 3161 1021 3217 cia
1036 3167 1065 3217 et
1074 3161 1270 3234 indignatione
1281 3159 1359 3232 pleni
1375 3165 1450 3216 sunt.
1461 3161 1539 3216 Unde
1554 3162 1690 3214 eteorum
1699 3173 1746 3214 ms
1756 3161 1824 3212 sunt

71 3247 263 3314 wsfflm‘m
273 3247 625 3312 mmmmm?
636 3247 705 3300 “nie
715 3244 811 3312 &filii
822 3243 924 3300 matrab
978 3255 1010 3304 ut
1022 3249 1137 3321 tepidus
1151 3254 1262 3316 ventus,
1278 3249 1361 3320 quus
1377 3265 1430 3303 nec
1452 3248 1530 3302 calor
1544 3262 1598 3302 nec
1621 3245 1711 3316 frigus
1732 3245 1824 3299 ullum

73 3333 242 3406 tue(ibid.).
257 3339 350 3406 Atque
372 3333 576 3390 eodemmodo
594 3338 624 3388 et
643 3339 674 3388 tu
705 3337 771 3389 ante
793 3348 923 3388 mmmm·
976 3339 1104 3409 rigarem
1120 3337 1306 3410 bebet3quia
1328 3353 1380 3392 asc
1397 3337 1483 3391 utiles
1498 3339 1566 3391 sont
1584 3335 1614 3390 in
1629 3331 1825 3390 caloreanirni

72 3440 141 3480 nem
151 3424 292 3495 populum
302 3423 458 3478 sublimate
471 3422 618 3493 generatio
631 3422 697 3477 eris.
710 3423 925 3492 Egonutemru·
976 3429 1022 3482 sui
1042 3433 1073 3483 ut
1088 3431 1271 3499 perseverent
1294 3427 1324 3482 in
1341 3425 1512 3497 virginitatis
1526 3423 1701 3480 continentie
1721 3427 1755 3477 ut
1767 3437 1825 3478 cce·

72 3529 118 3568 ses
126 3517 156 3568 et
165 3512 238 3581 lilia,
247 3526 280 3567 uc
288 3510 465 3582 sliaoptima
475 3509 808 3581 virtutnmpigmentaiu
820 3525 923 3580 ugrum
977 3521 1092 3586 perunt,
1105 3531 1158 3571 nec
1167 3517 1263 3570 velent
1272 3517 1302 3569 in
1313 3515 1419 3586 frigora
1431 3513 1585 3569 mavudane
1596 3513 1661 3567 ritae
1676 3517 1708 3566 ut
1720 3513 1826 3583 degant

73 3602 157 3657 illum
167 3600 327 3667 ⁸0⁰¹i¹¹³b⁰s
339 3605 443 3653 ⁰1⁰¹¹¹¹¹
453 3597 924 3670 implfflfl⁰¹¹⁰sllifit¹¹⁸⁸³ss⁰fi⁸÷
976 3606 1008 3660 in
1021 3604 1206 3660 secularibus
1217 3604 1303 3659 rebus
1311 3609 1344 3658 nt
1355 3603 1408 3657 sibi
1417 3607 1591 3674 proponunt.
1607 3602 1676 3656 Nam
1688 3615 1740 3656 nse
1747 3605 1826 3655 extra

73 3690 156 3744 sidua
170 3689 263 3743 imbre
275 3688 387 3758 rigabo,
397 3691 485 3759 atque
493 3686 525 3741 in
534 3685 726 3741 eradicatione
735 3685 924 3740 interscitatis
977 3693 1071 3762 legem
1088 3697 1206 3763 peccant
1221 3695 1251 3745 ιιι
1265 3690 1421 3761 publicani,
1437 3705 1490 3744 nec
1511 3689 1587 3744 intra
1610 3689 1703 3760 legem
1732 3693 1764 3742 ut
1778 3688 1826 3742 iu-

73 3777 238 3835 ebscindam
252 3777 289 3832 ab
303 3777 353 3831 illo
366 3775 488 3843 malum,
503 3775 544 3830 itu
559 3782 591 3831 ut
604 3776 703 3830 oculos
717 3773 925 3830 meoseircum·
976 3779 1061 3850 Justi3
1079 3779 1126 3834 sed
1141 3779 1171 3834 in
1196 3778 1356 3849 semetipsis
1370 3781 1500 3848 tepentes
1529 3792 1582 3831 nec
1605 3776 1730 3847 perfecte
1742 3775 1824 3846 justi,

78 3868 191 3934 tereus,
209 3881 258 3920 sos
282 3865 314 3920 in
327 3864 473 3919 viriditate
483 3869 512 3919 et
526 3864 557 3919 in
571 3862 726 3918 tlcriditate
739 3863 925 3934 hujusincor·
978 3885 1031 3923 nec
1044 3867 1144 3940 injusti
1158 3873 1234 3923 sunt.
1253 3867 1308 3923 Sed
1321 3871 1353 3922 ut
1366 3868 1477 3922 rutulus
1487 3865 1705 3920 immundorum
1717 3865 1826 3918 enima-

76 3954 155 4025 rnpti
171 3954 233 4026 agri
245 3969 370 4026 pascam.
386 3952 463 4008 lstud
479 3957 524 4008 est
537 3967 636 4008 mcum
649 3957 678 4007 et
688 3967 741 4025 per
754 3967 811 4019 ma,
825 3957 854 4006 et
866 3967 925 4008 non
978 3957 1051 4012 lium
1064 3955 1196 4028 abjicitur
1212 3961 1366 4028 autequam
1383 3971 1412 4008 se
1436 3953 1541 4009 sentiat
1554 3953 1658 4018 virere,
1675 3951 1719 4006 vel
1743 3955 1826 4006 antc-

75 4050 171 4111 tuum,
183 4044 310 4110 obomo,
326 4059 381 4098 nec
396 4058 449 4114 per
464 4048 503 4098 te.
520 4043 592 4097 Nam
603 4057 655 4115 epo
674 4057 739 4097 sum
752 4041 816 4114 stoc
828 4041 926 4114 campi
979 4061 1067 4118 quam
1082 4041 1573 4101 contorteturmtortitudineaetatis
1586 4057 1656 4109 sure,
1666 4040 1767 4095 sicistc
1777 4055 1828 4109 po·

76 4133 164 4204 (Ocu.
178 4135 229 4203 rr):
246 4132 385 4205 qnoniam
396 4139 428 4186 ut
441 4132 503 4188 sinc
517 4135 611 4186 aratro
625 4145 744 4201 campus
766 4130 860 4202 gignit
871 4129 924 4185 llo·
980 4135 1067 4205 palus
1077 4133 1227 4205 projieitur
1239 4133 1269 4186 iu
1278 4137 1410 4198 mortem,
1422 4131 1558 4202 quonism
1571 4145 1623 4184 uec
1633 4145 1662 4184 se
1673 4128 1827 4183 scitvirere

77 4238 149 4290 rem,
161 4221 201 4276 sic
216 4237 270 4292 ego
285 4218 373 4276 Filius
393 4219 519 4275 bominis
542 4220 604 4274 sius
627 4218 701 4274 virili
721 4219 923 4290 conjunctione
943 4182 1827 4288 ⁰adriensemseinieltigitlenitudinemvirtutumque

76 4311 191 4381 genitus
205 4308 441 4380 snmexvirgine.
451 4309 580 4380 ideoque
593 4308 764 4363 bocdonum
775 4313 818 4362 ιιι
828 4323 924 4363 meum
977 4311 1046 4363 sunt
1060 4306 1089 4362 in
1104 4307 1191 4362 domu
1207 4305 1365 4378 sapientie.
1384 4305 1463 4360 Unde
1479 4304 1613 4359 elabere
1629 4317 1692 4358 meo
1707 4301 1827 4357 exsufflo

75 4405 105 4454 et
118 4403 286 4466 nortuum,
302 4398 372 4470 quie
387 4403 419 4452 ιιι
439 4397 469 4451 iu
482 4398 605 4469 peccetis
618 4400 782 4468 conceptus,
807 4397 836 4450 in
856 4412 924 4468 pec·
977 4410 1043 4463 eos;
1059 4395 1127 4468 quie
1135 4395 1318 4466 indiguisunt
1326 4399 1443 4465 aspectu
1450 4393 1557 4460 meo,si
1565 4391 1607 4446 sic
1616 4390 1829 4462 impoenitentes

74 4490 146 4544 catis
161 4491 245 4542 natus
259 4503 290 4542 es
303 4502 337 4540 ex
351 4486 544 4557 corruptione.
567 4485 621 4542 Sed
637 4486 660 4539 si
676 4485 706 4540 id
722 4486 831 4540 donum
847 4501 864 4538 a
878 4499 925 4540 me
978 4483 1232 4555 perseveraverint.
1251 4483 1330 4538 Nunc
1346 4489 1454 4548 autem,
1471 4497 1488 4536 o
1507 4481 1605 4547 horno,
1621 4478 1731 4550 respice
1745 4477 1775 4532 in
1788 4482 1827 4532 te.

72 4577 200 4633 fideliter
210 4576 339 4649 petieris,
355 4575 428 4630 illud
450 4591 468 4629 a
490 4590 537 4629 me
555 4574 729 4630 fiducialiter
746 4573 923 4645 impetrabis,
1014 4572 1043 4629 si
1057 4571 1135 4628 enim
1150 4571 1295 4644 quispiam
1311 4571 1463 4626 bominum
1487 4569 1541 4625 tibi
1555 4567 1722 4623 thesaurum
1736 4565 1827 4631 daret,

72 4667 185 4738 tibique
198 4665 272 4721 dabo
286 4669 319 4721 ut
336 4679 433 4718 coram
447 4668 528 4735 patre
542 4677 608 4717 meo
625 4661 801 4717 consortium
828 4675 925 4716 meum
978 4659 1116 4732 quonism
1131 4663 1159 4713 ts
1177 4659 1336 4731 plurimum
1356 4659 1500 4729 diligeret,
1524 4657 1635 4727 tibique
1648 4653 1764 4720 diceret,
1780 4651 1828 4706 lu-

71 4755 181 4810 babeas
195 4753 226 4809 in
237 4753 412 4825 virginitate.
435 4754 493 4809 ltoc
509 4755 605 4806 autem
620 4766 681 4822 pree
699 4749 856 4822 fragilitate
865 4763 926 4804 cor·
978 4764 1059 4803 crete
1073 4748 1104 4802 in
1118 4748 1171 4802 boc
1181 4751 1278 4801 ctesto
1294 4746 1381 4814 dives,
1399 4750 1431 4799 ιιι
1447 4749 1475 4799 et
1487 4746 1541 4801 hoc
1551 4749 1634 4815 pacto
1647 4741 1753 4796 sciatur
1763 4739 1828 4813 quis

72 4842 153 4914 poris
170 4843 212 4898 tui
229 4857 288 4897 non
303 4839 413 4912 poteris
429 4839 535 4896 habers
553 4839 616 4894 sine
636 4839 733 4896 labore
745 4838 849 4894 catana
874 4837 924 4910 qni
977 4837 1027 4891 ille
1044 4837 1095 4892 scit
1108 4836 1158 4907 qui
1172 4833 1227 4891 tibi
1241 4835 1408 4890 thesaurum
1424 4834 1500 4888 hunc
1520 4833 1692 4889 dedit2tunc
1706 4835 1828 4900 tecper-

73 4933 105 4987 ιιι
119 4937 148 4987 ιι
158 4935 212 5000 est,
226 4929 297 5002 quie
306 4930 435 4986 bumana
448 4933 551 4984 natura
564 4927 728 4999 fragilitatis
740 4932 799 4984 tuse
808 4942 885 4997 saepe
894 4941 925 4980 se
978 4929 1052 4980 teret
1068 4922 1230 4978 acutissime
1243 4921 1368 4993 cogitare
1379 4921 1523 4994 quomodo
1544 4921 1627 4976 illum
1643 4917 1752 4974 utiliter
1779 4918 1827 4973 lu·

72 5019 175 5093 prodit
190 5019 222 5073 in
236 5022 275 5085 te,
297 5033 385 5090 quem
404 5017 532 5073 devitarc
545 5031 606 5072 non
619 5018 705 5083 vales,
726 5015 873 5088 quiscere
889 5014 925 5069 de
977 5011 1137 5079 critacetea
1158 5011 1255 5067 dicens
1276 5011 1307 5065 in
1321 5015 1367 5064 te:
1389 5011 1551 5065 Thesaurus
1578 5007 1692 5063 Domini
1720 5004 1777 5061 mei
1797 5004 1827 5060 in

72 5125 161 5166 carne
174 5123 214 5163 es.
237 5107 295 5163 Sed
309 5106 340 5162 iu
365 5107 420 5161 hoc
442 5105 518 5161 terre
537 5105 626 5162 debes
648 5119 763 5160 crucem
781 5119 876 5158 meam
897 5107 926 5158 et
978 5102 1090 5174 optimo
1102 5102 1180 5156 lucro
1190 5115 1330 5172 apparere
1345 5099 1430 5155 debet
1441 5099 1469 5153 in
1484 5113 1539 5166 me,
1557 5098 1597 5152 ita
1612 5101 1643 5150 ut
1653 5099 1682 5151 st
1694 5095 1756 5164 ipss
1767 5092 1827 5147 lau·

73 5196 185 5254 imitari
216 5192 387 5266 martyrium
420 5209 536 5250 meum:
567 5197 595 5249 ts
625 5192 758 5249 videlicet
783 5191 925 5248 caustrin·
978 5191 1062 5246 detur
1076 5189 1107 5244 in
1122 5189 1181 5244 illa.
1195 5187 1394 5243 Etcumitlum
1410 5186 1519 5241 utiliter
1531 5183 1827 5251 bocmodosngmen·

74 5284 181 5358 gendo,
196 5281 345 5352 itautper
359 5281 553 5338 medevincas
576 5287 614 5349 te,
632 5281 710 5354 quod
721 5280 798 5335 milri
811 5294 926 5351 semper
978 5283 1068 5334 tatum
1085 5277 1302 5348 multiplicares,
1317 5271 1641 5330 bonusrumorindead
1656 5268 1827 5324 euresillius

74 5372 200 5429 amabile
210 5375 263 5438 est,
277 5371 345 5443 quia
366 5375 397 5427 ts
410 5371 511 5442 fragile
535 5371 683 5426 vasculum
704 5369 771 5437 scio,
787 5374 857 5424 tunc
870 5385 926 5424 au·
978 5367 1028 5440 qui
1039 5367 1091 5423 tibi
1104 5367 1272 5422 thesaurum
1285 5365 1402 5420 dederet
1421 5362 1592 5434 perveniret.
1617 5359 1697 5416 Unde
1712 5360 1741 5413 et
1764 5357 1826 5428 ipss

73 5469 134 5518 tem
147 5462 214 5516 solo
226 5459 278 5515 tibi
288 5461 501 5516 communicare
511 5475 544 5516 sc
559 5459 683 5532 compati
694 5459 842 5516 doloribus
855 5458 923 5514 tuis.
979 5461 1097 5528 propter
1111 5455 1165 5510 boo
1177 5455 1341 5510 recordatus
1353 5452 1396 5508 tui
1411 5451 1503 5524 megia
1518 5455 1545 5505 te
1562 5449 1705 5522 diligeret,
1717 5462 1750 5501 ac
1764 5460 1825 5500 ruu-
