3984 6034
99 235 153 291 lte
729 236 874 294 scillas.
888 266 925 278 -
938 236 1005 294 tle.
1025 237 1061 305 ll,
1083 237 1174 295 VISIO
1194 241 1219 296 l.
1798 239 1851 298 lle

98 361 223 419 ostendit
241 363 278 419 ab
291 363 483 420 instrumento
507 381 570 432 suo,
596 366 722 422 diversas
740 368 850 438 species
867 383 946 423 crea·
964 368 1059 425 diliis
1083 369 1208 425 tenebris
1237 376 1445 442 apparuerunt,
1468 376 1534 443 post
1560 387 1631 444 quas
1662 371 1726 428 alie
1749 373 1849 430 multe

98 453 376 508 turarumlucentes
390 454 420 509 in
435 453 561 510 mirabili
576 459 640 509 ortn
654 456 829 512 conditionis
844 473 946 513 eorum
1002 463 1059 512 tam
1081 476 1174 529 parvae
1198 476 1285 531 qnam
1316 476 1428 530 magnae
1454 461 1580 532 plurimo
1614 461 1766 534 splendore
1790 461 1850 519 lul-

98 542 270 607 educens,nt
288 541 369 597 faber
397 542 505 598 formas
527 561 593 598 snas
616 561 650 599 ex
671 561 728 600 esre
752 551 948 617 competenter
1002 541 1115 617 genias:
1138 547 1199 603 brec
1223 549 1336 604 suntin
1357 547 1530 620 figuratione
1549 565 1680 620 snpernae
1703 550 1851 605 Trinitatis
1955 567 1959 576 ¹

98 629 224 698 excudit,
247 646 339 703 usque
360 632 429 687 dnm
451 633 560 688 eaedem
575 639 713 689 creaturae
737 633 769 690 in
783 635 948 706 pulchritn-
1002 651 1107 706 magna
1121 636 1288 704 luminaria,
1312 637 1443 692 videlicet
1458 637 1612 705 Abrabam,
1631 639 1706 692 lsaac
1721 644 1749 694 et
1764 638 1850 694 Jacob

99 718 167 772 dine
190 719 379 790 plenitudinis
400 737 460 775 sure
482 721 667 790 effulserunt3
684 739 798 777 sursum
818 729 846 778 et
864 725 947 778 deor·
1001 729 1060 778 tam
1075 723 1154 779 fideli
1178 739 1265 795 opere
1287 740 1374 796 quam
1398 726 1492 779 carnis
1509 725 1713 796 conjunctione
1737 742 1766 780 sc
1784 743 1850 781 mn-

99 823 163 861 snm
184 809 316 862 decorem
341 813 371 864 et
392 808 620 865 stabilimentum
641 812 775 882 perfectas
795 812 948 867 mentionis
1002 817 1052 866 tuo
1074 811 1294 882 complectentes
1315 811 1474 884 mundique
1497 813 1631 867 tenebras
1655 813 1851 868 annuntiatio-

98 911 157 949 stra
189 896 339 965 babentes,
375 898 444 969 qnia
468 899 616 970 superiora
642 901 885 972 resplenduerunt
912 901 948 956 ab
1002 899 1087 956 nibus
1111 899 1170 954 suis
1191 900 1427 972 repercutientes,
1452 905 1480 955 et
1501 916 1549 954 cos
1574 900 1780 972 subsequentes
1802 901 1851 956 alii

98 983 294 1051 inferioribus,
315 990 344 1040 et
358 986 526 1041 inferiores
547 988 753 1057 superioribus.
1002 987 1208 1060 quamplurimi
1228 989 1375 1059 prophetae
1399 989 1522 1059 majores
1545 993 1575 1043 et
1595 989 1720 1044 minores
1736 989 1767 1044 in
1787 1006 1851 1046 ma·

136 1072 217 1136 Quod
231 1078 328 1128 antem
348 1074 453 1129 deinde
472 1075 573 1130 eadem
595 1075 711 1131 flamma
724 1076 754 1131 in
772 1077 839 1148 igne
854 1081 883 1131 et
900 1094 949 1132 ar·
1002 1076 1066 1147 gnis
1081 1082 1109 1130 ct
1125 1076 1301 1131 admirandis
1321 1075 1465 1130 miraculis
1486 1077 1640 1130 radiantes.
1664 1076 1770 1131 Deinde
1785 1093 1852 1131 vero

100 1160 171 1215 dore
184 1160 234 1215 illo
251 1177 281 1216 se
299 1161 428 1217 extendit
442 1163 477 1217 ad
495 1179 611 1234 parvam
634 1165 746 1236 glebam
768 1165 874 1220 limosre
891 1170 948 1222 ter·
1002 1180 1144 1237 apparens
1179 1166 1312 1236 quedam
1345 1165 1472 1219 maxima
1504 1165 1586 1218 stella
1622 1164 1693 1218 mira
1723 1164 1852 1220 claritate

100 1265 152 1312 rae,
171 1249 317 1319 jacentem
339 1251 370 1304 in
383 1250 472 1305 fundo
491 1251 579 1306 aeris:
605 1252 660 1307 boc
679 1258 722 1306 est
742 1254 830 1324 qnod,
847 1253 949 1308 creatis
1004 1249 1148 1305 micenset
1160 1250 1301 1323 fulgorem
1313 1252 1439 1305 suumad
1452 1251 1772 1323 praedictamllemmam
1785 1252 1853 1308 diri·

100 1337 164 1390 aliis
180 1338 327 1406 creaturis,
346 1338 470 1394 Verbum
493 1339 543 1393 nei
558 1340 588 1394 in
612 1339 680 1394 forti
697 1341 842 1395 voluntate
859 1342 949 1396 Patris
1003 1353 1085 1410 gens,
1110 1338 1158 1394 illa
1185 1344 1227 1394 eat
1247 1339 1409 1411 precipuus
1432 1340 1574 1410 propbeta
1601 1341 1724 1395 ioannes
1747 1340 1854 1396 scilicet

100 1430 129 1478 et
151 1426 183 1479 in
202 1441 301 1480 amore
323 1442 456 1498 supernas
479 1427 625 1482 suavitatis
645 1427 769 1499 Spiritus
790 1429 879 1483 saneti
901 1427 949 1483 in·
1005 1426 1129 1498 Baptista
1153 1427 1320 1481 fidelissimo
1344 1433 1373 1482 el
1393 1427 1552 1482 clarissimo
1574 1443 1660 1499 opere
1677 1427 1707 1482 in
1730 1443 1852 1498 magna·

100 1513 195 1584 spexit
223 1513 356 1584 fragilem
377 1515 528 1569 materiam
552 1515 687 1571 mollisel
705 1522 812 1572 tenerae
839 1517 949 1588 fragili·
1004 1513 1079 1568 libus
1092 1530 1254 1582 coruscans,
1271 1521 1304 1572 et
1324 1515 1354 1570 in
1369 1515 1409 1570 eis
1422 1532 1522 1570 rernm
1544 1516 1678 1584 Verbum,
1700 1517 1729 1571 id
1745 1523 1787 1571 est
1803 1516 1853 1572 Dei

100 1602 167 1655 tatis
192 1602 382 1657 humanitatis
402 1603 534 1658 omnium
556 1613 614 1658 tam
631 1606 774 1659 malorum
794 1605 949 1676 quambo-
967 1645 989 1700 B
1006 1602 1107 1657 dilium
1149 1603 1359 1672 demonstrans,
1392 1605 1460 1676 quie
1495 1605 1641 1676 iniquitati
1673 1620 1730 1659 non
1756 1605 1850 1673 cessit,

101 1705 205 1744 norum
226 1695 472 1762 procreandorum
498 1694 648 1748 bominum
666 1693 695 1748 in
720 1693 947 1748 imoinsensibi·
1003 1691 1051 1745 sed
1083 1707 1147 1746 eam
1178 1691 1210 1745 in
1234 1691 1370 1763 operibus
1392 1691 1511 1764 justitiae
1534 1698 1650 1747 strenue
1679 1697 1708 1748 et
1740 1692 1854 1747 fortiter

99 1776 190 1832 litatis
211 1783 241 1834 et
256 1779 477 1849 ponderositatis
497 1797 555 1835 sum
578 1783 735 1850 detentam,
758 1786 787 1838 et
805 1797 858 1837 nec
879 1782 948 1837 dum
1002 1780 1129 1836 calcavit.

100 1867 210 1921 efficaci
232 1873 260 1922 et
280 1868 359 1923 vitali
377 1868 444 1924 flatu
468 1869 630 1939 excitatem,
652 1887 716 1924 eam
741 1870 841 1926 fovens
857 1879 885 1926 et
905 1888 950 1926 ca·
1037 1868 1092 1924 Sed
1107 1868 1185 1942 quod
1199 1868 1229 1924 in
1245 1873 1321 1924 terra
1336 1869 1385 1925 illa
1399 1869 1495 1941 fulgor
1514 1872 1591 1926 velut
1604 1886 1708 1926 aurora
1722 1873 1851 1944 apparet,

100 1955 237 2010 lefaciens
266 1972 382 2012 carnem
410 1961 439 2012 et
472 1959 645 2029 sanguinem
675 1959 763 2014 eflicit
785 1959 816 2014 in
846 1961 950 2015 virtute
1002 1955 1048 2012 cui
1083 1957 1218 2028 superior
1239 1957 1356 2012 flemma
1383 1958 1554 2014 mirabiliter
1581 1958 1676 2013 infusa
1711 1963 1769 2014 est:
1794 1975 1852 2014 non

101 2045 226 2098 calorem
249 2045 276 2099 ei
304 2044 469 2114 infundens,
498 2047 636 2118 quoniam
668 2052 746 2102 terra
766 2054 811 2104 est
828 2048 949 2102 carnalis
1003 2050 1100 2100 tamen
1128 2045 1329 2116 asupradicto
1353 2045 1449 2100 lucido
1471 2046 1538 2118 igne
1561 2054 1709 2120 separata:
1735 2048 1789 2102 boo
1811 2051 1854 2102 est

102 2133 225 2187 materie
254 2134 381 2189 bominis
413 2135 544 2189 nutriens
572 2152 638 2190 eum
660 2136 752 2191 fructu
781 2153 845 2200 siro,
878 2137 951 2191 sicut
1003 2132 1080 2204 quod
1113 2133 1186 2187 Dens
1212 2133 1242 2188 in
1267 2133 1331 2188 loco
1354 2135 1566 2206 generabilium
1587 2151 1687 2192 rerum
1713 2151 1852 2208 magnum

100 2227 194 2276 mater
212 2222 283 2277 lecte
303 2222 379 2277 lilios
405 2238 483 2288 snos,
508 2240 629 2296 eamque
656 2225 792 2295 aspiravit
814 2227 888 2281 Dens
910 2225 950 2281 ita
1003 2220 1185 2292 splendorem
1213 2221 1357 2276 rutilantis
1387 2222 1506 2277 luminis
1530 2223 1681 2294 plantavit,
1712 2223 1742 2279 in
1771 2225 1853 2279 illum

102 2309 181 2380 quod
203 2309 292 2365 bomo
317 2310 348 2365 in
370 2312 497 2366 animem
519 2312 660 2368 viventem
684 2313 785 2368 effecta
805 2320 857 2383 est,
880 2313 950 2386 quia
1004 2309 1228 2367 Verbumsnum
1244 2308 1369 2380 perlecta
1387 2311 1534 2366 voluntate
1550 2312 1666 2366 mittens
1682 2317 1852 2368 nontamen

101 2397 195 2467 ipsam
216 2414 270 2470 per
295 2415 451 2470 supernam
481 2399 617 2455 virtutem
647 2403 781 2457 excitavit
809 2407 896 2474 alque
919 2402 950 2456 in
1003 2397 1039 2451 ab
1059 2413 1092 2452 eo
1116 2401 1291 2468 separatum,
1315 2398 1363 2452 sed
1388 2398 1466 2453 dedit
1488 2399 1593 2469 ipsum,
1610 2399 1760 2471 cupiosum
1793 2398 1852 2452 frn-

101 2487 200 2541 anima
221 2493 250 2541 et
268 2504 387 2558 corpore
414 2489 626 2544 discernentem
645 2490 791 2546 bominem
814 2489 951 2545 mirabili·
1003 2490 1092 2552 ctnm,
1107 2491 1194 2557 atque
1207 2485 1303 2540 eduxit
1317 2485 1423 2556 ipsum,
1441 2503 1578 2558 magnum
1601 2488 1709 2543 fontem
1736 2503 1769 2542 ex
1793 2501 1851 2559 quo

101 2579 147 2628 ter
159 2591 192 2628 ex
208 2591 243 2630 ea
257 2576 365 2631 eduxit.
1004 2589 1089 2628 onine
1110 2573 1195 2628 fidele
1218 2578 1317 2645 guttur
1354 2573 1455 2630 bibens
1477 2577 1551 2630 ultre
1580 2575 1627 2631 siti
1656 2592 1714 2630 non
1738 2575 1849 2630 arescit.

139 2662 202 2726 Quo
231 2664 316 2733 facto,
340 2665 388 2719 ille
415 2665 527 2719 lucidus
551 2665 627 2738 ignis
650 2666 776 2738 prebuit
796 2682 849 2738 per
871 2667 950 2721 illam
1005 2662 1084 2718 Unde
1112 2667 1140 2717 et
1161 2662 1190 2716 in
1214 2661 1263 2716 illo
1292 2662 1403 2734 fulgore
1437 2679 1547 2719 aurorae
1571 2665 1695 2719 maxima
1718 2664 1851 2718 voluntas

101 2751 249 2806 flammam
263 2752 321 2807 leni
334 2753 406 2808 flatu
424 2755 558 2809 ardenter
571 2755 752 2826 flagrantem,
771 2755 826 2827 ipsi
840 2754 952 2810 bomini
1004 2765 1121 2804 accensa
1149 2754 1202 2817 est,
1226 2750 1294 2822 quia
1322 2751 1353 2805 in
1377 2751 1505 2805 claritate
1534 2752 1662 2807 rubentis
1691 2751 1851 2807 screnitatis

101 2839 342 2895 candidissimum
371 2843 472 2896 florem
504 2843 535 2898 in
560 2844 677 2899 flamma
703 2845 753 2898 illa
777 2844 951 2914 pendentem
1005 2839 1095 2893 virtus
1109 2839 1208 2910 magni
1222 2844 1250 2893 et
1264 2839 1376 2911 antiqui
1393 2839 1505 2894 consilii
1521 2841 1637 2912 cognita
1651 2845 1703 2908 est,
1720 2839 1758 2894 ita
1773 2839 1851 2911 quod

100 2932 136 2981 ut
157 2942 205 2981 ros
230 2929 337 2999 pendet
357 2928 387 2984 in
415 2931 557 3002 gramine,
583 2933 720 3004 quoniam
742 2940 837 2988 creato
860 2934 950 2988 Adam
968 2945 990 3001 ρ
1006 2942 1105 2981 omnes
1126 2927 1283 2998 praemissae
1309 2927 1437 2998 legiones
1462 2933 1489 2982 et
1514 2928 1673 2984 coelestium
1697 2927 1850 3000 spirituum

103 3015 187 3070 Pater
218 3016 269 3088 qui
286 3016 463 3073 lucidissima
488 3019 537 3074 lux
561 3026 614 3088 est,
640 3021 718 3077 dedit
745 3037 798 3092 per
824 3022 949 3077 Verbum
1006 3013 1079 3070 acies
1103 3015 1157 3070 boe
1183 3013 1213 3071 in
1237 3015 1411 3071 lucidissima
1440 3015 1576 3072 felicitate
1601 3016 1749 3072 admirate
1773 3021 1849 3072 sunt.

101 3119 189 3158 sunm
211 3103 242 3158 iu
256 3104 362 3176 Spiritu
385 3113 482 3162 sancto
502 3107 557 3180 ipsi
577 3108 647 3164 Adae
671 3110 753 3164 dulce
774 3115 949 3182 preceptum
1004 3104 1056 3160 Sed
1069 3109 1111 3172 tu,
1123 3120 1139 3159 o
1153 3103 1252 3173 bomo,
1276 3105 1344 3160 dum
1360 3105 1545 3160 eminentiam
1562 3105 1672 3160 consilii
1694 3106 1780 3176 bajus
1796 3104 1852 3160 bu·
1938 3115 1942 3121 ‘

100 3192 269 3248 clarissimae
300 3193 472 3251 obedientiae
504 3197 677 3252 adhaerentis
708 3197 763 3268 ipsi
797 3197 890 3252 verbo
919 3197 949 3253 in
1005 3208 1091 3247 mano
1115 3209 1195 3247 more
1218 3193 1332 3264 plenius
1353 3193 1424 3249 scire
1447 3193 1600 3257 desideras,
1624 3195 1780 3249 claustrum
1803 3209 1851 3248 oc·

100 3282 195 3337 multo
233 3283 316 3337 inbre
343 3285 507 3340 frmctuosre
536 3286 661 3353 virtutis,
693 3286 761 3358 qnia
784 3285 949 3359 peripsum
1005 3281 1167 3336 collationis
1182 3281 1234 3336 tibi
1253 3283 1418 3353 opponitur,
1443 3283 1581 3355 quoniam
1603 3282 1777 3337 sacrelallei
1793 3296 1851 3336 non

102 3371 228 3426 Verbum
252 3371 438 3426 suavissimus
460 3373 565 3428 humor
591 3374 786 3429 sanctitatisa
814 3377 896 3429 Patre
919 3373 950 3430 in
1004 3369 1090 3426 debes
1112 3371 1176 3441 plns
1210 3371 1331 3426 scrutari
1355 3388 1443 3443 quem
1465 3379 1583 3444 propter
1607 3386 1737 3426 amorem
1759 3371 1850 3426 fideli·

101 3458 212 3531 Spiritu
236 3465 334 3516 sancto
362 3461 479 3516 stillavit
499 3462 605 3517 faciens
630 3463 787 3518 maximum
811 3468 840 3518 et
862 3463 951 3536 pluri·
1005 3463 1049 3514 ter
1063 3458 1240 3514 credentium
1258 3459 1361 3514 divinae
1382 3461 1525 3532 majestati
1548 3460 1640 3532 placet
1663 3459 1850 3516 manifestari.

101 3563 184 3602 mum
213 3547 339 3604 fructum
364 3549 438 3604 sicut
461 3566 551 3622 purus
582 3551 688 3606 bumor
718 3566 805 3624 snper
832 3568 951 3623 gramen
1042 3546 1123 3611 Quod
1143 3552 1237 3600 autem
1261 3547 1338 3602 vides
1353 3550 1388 3604 de
1407 3549 1520 3620 fulgore
1544 3565 1657 3604 aurore
1682 3549 1853 3621 splendidis·

101 3636 278 3691 descendens
316 3637 389 3694 illud
424 3640 459 3693 ad
492 3640 615 3695 multum
655 3655 774 3711 germen
805 3641 949 3697 fecundat,
1005 3631 1110 3690 simum
1127 3633 1273 3689 bominem
1295 3637 1502 3708 egredientem,
1525 3637 1576 3709 qni
1592 3637 1752 3692 claritatem
1767 3653 1848 3693 suern

101 3724 191 3795 Cujus
216 3726 334 3798 quidem
363 3727 480 3782 odorem
504 3729 592 3784 homo
621 3729 739 3784 naribus
773 3729 875 3798 sensit,
901 3728 949 3784 sed
1005 3723 1040 3776 ed
1061 3723 1192 3777 tenebras
1222 3723 1322 3779 effudit
1346 3729 1376 3780 et
1395 3725 1431 3779 ab
1451 3725 1491 3778 eis
1513 3725 1720 3789 reverberatur,
1746 3724 1796 3795 qui
1821 3725 1852 3780 in

100 3818 189 3884 gustu
202 3814 260 3868 oris
274 3831 331 3868 non
347 3816 456 3883 libavit,
472 3832 526 3871 nee
539 3817 667 3872 moribus
690 3819 862 3886 attrectat-it,
878 3834 949 3889 quo.
1005 3811 1140 3866 ruborem
1155 3811 1302 3884 sanguinis
1316 3818 1344 3867 st
1362 3813 1392 3867 in
1407 3813 1547 3885 pallorem
1571 3812 1713 3868 albedinis
1733 3828 1851 3867 conver·

101 3900 181 3956 niem
203 3901 265 3973 ipse
293 3909 470 3975 preceptum
494 3903 565 3977 legis
598 3922 662 3960 cnm
685 3905 877 3978 intelligentia
904 3923 949 3961 sa·
1005 3916 1054 3955 sus
1075 3905 1153 3954 tanta
1171 3899 1340 3956 fortitudine
1362 3901 1495 3957 tenebras
1518 3902 1581 3956 illas
1612 3901 1793 3973 repercussit,
1819 3905 1852 3956 ut

101 3989 220 4062 pientiae
244 3992 327 4063 quasi
348 3993 466 4049 naribus
483 3994 610 4062 attraxit,
628 3995 676 4050 sed
702 3995 759 4049 vim
783 3996 862 4050 illius
881 3995 949 4050 inti·
1006 3989 1092 4044 homo
1117 3988 1166 4043 ille
1185 3989 1236 4060 qui
1257 3989 1287 4044 iu
1310 3989 1351 4044 eis
1363 3989 1475 4060 jacebat
1497 3989 1561 4060 ipso
1584 3993 1690 4044 attactu
1710 4004 1852 4060 apparens

103 4094 158 4133 mae
182 4080 363 4150 perfectionis
394 4080 423 4135 in
443 4098 474 4136 os
495 4083 620 4154 perfecte
635 4099 693 4139 non
714 4083 872 4139 intromisit
898 4100 951 4139 nec
1005 4077 1129 4148 fulgeret
1153 4082 1240 4149 atque
1262 4077 1302 4132 ile
1318 4084 1429 4134 erectus
1453 4077 1557 4133 exiret:
1578 4077 1778 4152 bocdesignat
1802 4075 1853 4132 nei

101 4183 190 4238 opera
205 4183 344 4224 mannum
364 4170 395 4224 in
416 4171 595 4243 plenitudine
616 4171 801 4228 beatitudinis
813 4173 950 4244 adimple
1006 4165 1130 4220 Verbum
1149 4165 1179 4219 in
1197 4165 1321 4220 candore
1341 4165 1519 4225 intemerate
1543 4166 1715 4237 virginitatis
1730 4164 1852 4222 inviola-

101 4255 153 4323 ril,
171 4254 225 4310 hoc
240 4257 325 4312 modo
348 4274 378 4313 sc
398 4264 530 4314 avertens
546 4265 631 4333 atque
646 4260 751 4315 cadens
766 4260 798 4314 in
811 4260 949 4315 densissi-
968 4227 991 4282 n
1006 4255 1102 4310 bililer
1115 4253 1307 4322 incarnatum,
1323 4261 1352 4310 et
1364 4254 1425 4309 sine
1441 4255 1538 4310 dolore
1552 4263 1664 4320 natum,
1688 4270 1740 4309 nec
1755 4259 1851 4308 tamen

103 4361 166 4399 mas
182 4343 315 4399 tenebras
335 4361 368 4400 ex
392 4346 498 4420 quibus
516 4363 546 4402 se
565 4349 675 4419 erigere
691 4348 862 4413 nonvalnit,
883 4348 952 4420 quia
1006 4345 1120 4398 aPatre
1135 4347 1308 4415 separatum.
1334 4343 1504 4408 Quomodo?
1521 4344 1592 4399 Cum
1616 4343 1704 4398 Filius
1725 4342 1776 4398 Dei
1798 4359 1852 4397 na-

103 4432 202 4487 dirino
227 4440 370 4505 praecepto
394 4441 566 4508 suggerente
590 4435 703 4492 diabolo
726 4442 807 4508 terga
830 4437 908 4492 dedit
921 4437 952 4492 in
1006 4436 1052 4486 tus
1076 4429 1160 4487 estin
1192 4432 1301 4487 mundo
1321 4447 1355 4486 ax
1378 4438 1484 4487 mults:
1509 4431 1642 4504 apparuit
1667 4431 1698 4486 in
1722 4431 1794 4486 coelo
1820 4431 1852 4486 in

102 4521 272 4576 barathrum
292 4523 392 4578 mortis
413 4540 558 4594 corruens,
575 4525 643 4597 qnia
662 4525 753 4580 llenm
777 4525 877 4580 nonin
895 4526 952 4580 fide
1007 4521 1100 4588 Patre,
1120 4519 1197 4574 unda
1218 4524 1246 4574 et
1266 4519 1362 4592 angeli
1377 4535 1442 4575 mox
1459 4525 1694 4574 contremuerunt
1711 4523 1739 4572 st
1753 4517 1851 4572 exsul·

102 4610 208 4664 necin
233 4625 320 4680 opere
336 4611 498 4683 exquisivit.
523 4613 604 4668 Unde
628 4614 664 4668 ad
691 4629 788 4668 reram
811 4613 951 4684 cognitio·
1006 4612 1098 4663 lantes
1126 4607 1279 4663 mellifluas
1303 4607 1401 4663 landes
1438 4608 1655 4663 concinnerunt.
1686 4605 1742 4671 oui
1764 4606 1852 4660 Filius

101 4713 171 4752 nem
191 4697 253 4770 ejus
269 4698 391 4768 peccatis
405 4706 541 4769 gravatus
563 4717 682 4774 surgere
703 4717 761 4757 non
777 4701 882 4774 potnit,
897 4703 952 4757 do·
1007 4699 1057 4752 llei
1072 4697 1133 4752 sine
1156 4698 1267 4752 macula
1290 4696 1399 4767 peceati
1420 4697 1453 4751 in
1474 4698 1578 4751 saeculo
1605 4700 1787 4750 conversatus
1806 4694 1851 4749 lu·

100 4804 157 4843 nec
180 4788 228 4842 ille
258 4789 337 4844 venit
359 4790 410 4860 qni
431 4790 507 4844 Patri
529 4806 580 4845 suo
601 4792 725 4862 pleniter
745 4790 807 4844 sine
835 4795 951 4861 peccalo
1006 4785 1179 4840 uidissimam
1203 4785 1388 4840 beatitudinis
1407 4792 1437 4840 st
1459 4785 1624 4840 salvationis
1648 4783 1806 4838 doctrinam
1821 4783 1851 4838 iu

101 4875 238 4932 obedivit.
267 4876 322 4933 Sed
346 4878 472 4934 tenebre
495 4879 552 4934 illte
580 4878 610 4934 in
637 4878 688 4934 illo
714 4894 780 4934 aere
804 4880 896 4950 magis
919 4893 952 4933 ac
1004 4877 1136 4930 tenebras
1164 4873 1342 4930 infidelitatis
1372 4875 1476 4944 emisit,
1501 4875 1550 4930 sed
1574 4875 1610 4930 ab
1633 4872 1781 4928 incredulo
1801 4887 1851 4944 po-

102 4965 197 5036 magis
225 4981 255 5020 se
283 4965 430 5022 dilatando
460 4973 625 5022 creverunt:
649 4972 774 5039 potestas
797 4967 897 5022 mortis
919 4968 950 5022 in
1006 4965 1075 5036 pulo
1098 4963 1237 5034 abjectus,
1261 4971 1347 5037 atque
1372 4965 1406 5019 ad
1431 4964 1593 5036 passionem
1613 4964 1715 5018 ductus
1735 4976 1851 5016 roseum

101 5054 214 5109 mundo
238 5070 352 5127 semper
374 5056 403 5111 in
431 5057 584 5112 latitudine
609 5057 741 5111 vitiorum
768 5055 891 5128 sumpsit
905 5056 950 5110 in·
1005 5054 1176 5125 sanguinem
1191 5069 1275 5108 sunm
1289 5053 1364 5109 fudit
1385 5063 1413 5108 et
1424 5053 1576 5125 caliginem
1600 5050 1850 5122 mortiseorpora-

101 5147 282 5199 crementum
308 5145 428 5200 scientia
451 5145 578 5200 bominis
599 5150 778 5200 semovente
799 5145 829 5199 in
854 5145 949 5200 direr-
1004 5142 1071 5197 liter
1086 5143 1220 5214 gustavit.
1247 5143 1284 5198 Ex
1308 5159 1365 5214 quo
1382 5143 1529 5198 diabolum
1551 5157 1691 5213 superans
1714 5155 1746 5194 ex
1762 5139 1850 5193 infer-

101 5231 219 5286 sitatem
241 5233 444 5302 multiplicium
465 5232 600 5288 vitiorum
623 5238 652 5289 et
675 5233 828 5288 fetentium
851 5249 949 5305 pacca-
1005 5246 1043 5285 no
1061 5232 1165 5286 electos
1181 5247 1247 5286 snos
1273 5233 1323 5303 qni
1345 5230 1375 5286 in
1392 5247 1425 5285 eo
1450 5230 1560 5285 detenti
1585 5238 1613 5285 et
1635 5227 1769 5301 prostrati
1788 5227 1850 5281 fue·

99 5322 200 5374 torum
219 5334 272 5390 per
285 5335 411 5375 errorem
431 5321 651 5392 emergentium.
672 5321 753 5386 Quod
776 5325 873 5375 autem
892 5323 951 5374 tres
1004 5325 1070 5376 rent
1083 5321 1223 5389 liberarit,
1247 5327 1331 5393 atque
1351 5337 1399 5376 eos
1423 5325 1497 5375 tactu
1519 5319 1724 5392 redemptionis
1739 5333 1799 5374 sue
1815 5316 1850 5372 ed

101 5423 219 5479 magnae
248 5409 336 5464 stelle
365 5406 396 5464 in
423 5409 535 5481 fulgore
562 5425 615 5464 suo
643 5409 698 5465 sibi
720 5410 896 5466 coherentes
919 5408 950 5464 in
1005 5409 1199 5465 hereditatem
1216 5409 1345 5481 ipsorum
1376 5424 1462 5481 quam
1488 5408 1519 5464 in
1546 5410 1635 5467 Adam
1665 5407 1851 5482 perdiderant
