3984 6034
99 221 156 276 38¹
748 219 939 278 aristote.
950 219 1102 278 *EPISR
1126 221 1222 278 CXLV.
1308 255 1311 266 ·
1808 223 1861 280 382

99 352 184 410 hoc?
212 352 290 410 Sicut
323 352 538 409 firmamentum
564 352 628 408 coeli
653 351 683 407 in
714 352 848 409 omnibus
878 369 960 408 orna·
977 353 1073 412 Auult
1087 369 1185 409 omnes
1214 353 1342 409 lemniaco
1359 350 1454 410 selom
1467 354 1547 425 fien',
1567 357 1596 411 el
1619 355 1659 411 nd
1684 355 1861 428 aperitionem

98 442 216 498 mentis
239 442 309 510 suis,
333 442 485 498 scilicetin
500 443 571 508 sote,
596 442 628 498 in
646 443 716 498 luna
737 447 767 498 et
787 442 877 498 stellis
891 442 959 497 illu·
1012 441 1142 498 ecritelts
1160 441 1256 498 venire
1280 444 1306 512 (l
1328 440 1401 498 lim.
1428 443 1468 516 ιι),
1497 459 1589 514 nuper
1610 449 1732 500 vestram
1757 445 1860 500 sancti-

100 534 179 586 strat
193 531 309 600 orbem3
327 534 356 586 et
370 531 444 586 sicut
456 531 538 588 taber
551 531 587 587 de
609 531 695 602 lignis
713 530 781 586 facit
808 531 898 603 ligna,
922 531 959 586 de
1013 535 1101 586 tatem
1122 531 1156 587 ad
1178 547 1230 586 nos
1250 531 1363 586 venisse
1381 531 1579 602 cognorimus,
1604 531 1696 589 eidem
1721 533 1860 590 paraclito

96 618 252 690 lapidibus
273 619 393 690 lapides,
424 621 453 674 et
478 620 514 674 de
543 619 606 676 aliis
621 619 821 675 instrumentis
841 619 897 674 alis
912 619 958 674 in·
1012 623 1098 689 prout
1112 635 1273 692 possumus,
1289 619 1358 677 licet
1371 635 1428 675 neu
1449 621 1590 692 condigne
1612 622 1770 691 valeamus,
1794 637 1859 690 gra-

98 709 278 773 strnmenta,
296 706 337 762 sic
351 712 380 762 et
394 706 442 762 isti
457 707 596 763 deberent
614 708 726 780 relique
748 709 855 780 populo
879 709 958 764 luce·
1012 707 1065 763 tias
1080 707 1257 764 incessanter
1271 708 1433 778 referimus,
1454 710 1532 781 quia,
1557 715 1589 766 ut
1603 711 1742 766 veraciter
1767 711 1859 767 latea-

97 810 133 849 re
165 799 195 850 et
219 795 329 851 bonnm
355 794 412 850 iter
436 795 602 863 ostendere;
636 796 686 851 sed
713 796 837 852 ebaritas
865 796 896 852 in
915 795 958 851 eis
1011 812 1089 865 mor,
1103 797 1301 852 illustrationis
1324 798 1386 869 ejus
1412 799 1545 854 ardorem
1573 803 1601 853 et
1626 803 1734 854 tactum
1756 801 1860 871 plenis

97 883 194 938 scissa
217 888 270 951 cst,
295 883 336 938 ita
360 883 439 956 quod
463 883 614 955 virginitas
637 900 703 955 qore
724 884 842 940 deberet
863 884 957 940 ineis
1012 884 1082 940 sime
1097 884 1173 940 inter
1187 900 1240 940 uos
1254 890 1283 941 et
1301 885 1332 940 in
1347 885 1430 940 nobis
1445 885 1648 957 persensimus,
1669 885 1739 940 dum
1765 885 1859 941 omnis

98 973 204 1027 lucere
219 973 293 1027 sicut
316 972 368 1040 sol,
391 977 419 1027 et
442 972 565 1028 viduitas
584 973 659 1028 sicut
689 974 768 1041 luna,
783 979 813 1029 et
828 974 957 1046 reliquus
1011 972 1070 1028 odii
1086 978 1115 1029 et
1130 972 1347 1044 inimicitiarum
1363 973 1490 1028 fomente
1505 974 1666 1044 perplures
1688 972 1748 1044 iam
1767 990 1859 1029 annos

98 1061 232 1133 populns
254 1061 328 1117 sicut
350 1061 440 1116 stellae
460 1062 490 1116 in
515 1062 623 1116 lumine
644 1078 708 1129 suo,
725 1062 871 1131 deliciunt,
888 1064 956 1134 quia
1010 1059 1169 1116 inveterate
1183 1076 1283 1116 omnes
1300 1062 1428 1115 unanime
1442 1077 1583 1116 consensu
1602 1061 1770 1132 abjecimus,
1785 1067 1813 1117 et
1828 1062 1858 1117 in

99 1150 203 1204 dulcia
232 1154 362 1205 materna
388 1151 498 1206 viscere
527 1150 592 1206 illos
620 1167 678 1206 nen
707 1151 888 1214 calefaciunt,
906 1151 954 1208 sed
1009 1163 1083 1203 verae
1092 1147 1241 1204 charitatis
1253 1148 1393 1206 unitatem
1416 1150 1540 1220 pleniter
1555 1149 1637 1220 quasi
1658 1149 1687 1205 in
1713 1165 1770 1204 uno
1795 1165 1857 1205 eor-

99 1243 238 1294 tortuosa
252 1238 456 1311 mulierplena
479 1239 601 1311 rugiset
624 1239 786 1312 nigredine,
804 1241 891 1310 plena
913 1239 955 1294 ri·
1009 1252 1080 1308 pore
1102 1242 1131 1291 et
1153 1237 1249 1292 anime
1280 1237 1477 1294 convenimus.
1513 1238 1671 1310 llepropter
1699 1238 1857 1293 sanctitatis

97 1325 202 1396 percis
226 1325 356 1381 moribus
381 1341 414 1381 ac
441 1325 629 1382 stridentibus
644 1326 777 1382 dentibus
808 1326 955 1382 horribilis
1010 1331 1110 1382 vestrae
1134 1325 1319 1381 dilectionem
1347 1325 1461 1380 obnixis
1491 1325 1624 1397 precibus
1650 1326 1809 1397 pulsemus,
1825 1329 1858 1382 ut

99 1412 231 1468 existens
254 1415 283 1469 in
313 1414 358 1470 bis
384 1415 518 1470 omnibus
538 1430 603 1487 ques
629 1415 706 1485 tacit,
741 1416 866 1487 pessime
884 1417 954 1472 istos
1009 1414 1139 1486 praedicti
1166 1415 1326 1487 splendoris
1353 1415 1449 1470 divina
1479 1415 1572 1487 gretia
1593 1413 1673 1470 robis
1697 1414 1793 1470 collati
1810 1415 1855 1470 in·

98 1502 264 1558 secundum
287 1518 384 1558 mores
404 1519 558 1575 porcorum
580 1504 701 1572 emittil3
721 1504 772 1576 qui
793 1504 955 1560 debuerunt
1009 1507 1119 1576 spectu,
1138 1519 1190 1576 per
1205 1507 1404 1576 quamvestrse
1420 1503 1554 1559 charitati
1569 1504 1665 1558 clausa
1690 1509 1719 1558 et
1745 1504 1856 1558 caeteris

98 1592 195 1646 saneti
210 1596 241 1646 et
259 1591 343 1646 electi
365 1594 394 1647 et
421 1592 618 1664 relinquentes
636 1593 773 1649 saeculum
796 1609 868 1650 esse.
894 1592 953 1665 lpsi
1010 1592 1179 1650 mortalibus
1202 1593 1350 1658 absconse,
1379 1592 1468 1648 oculis
1496 1591 1697 1648 cordisvestri
1723 1607 1857 1648 reseren-

99 1679 183 1734 enim
197 1686 306 1735 restem
329 1679 503 1735 innocentio
529 1680 665 1736 scindunt
682 1681 713 1736 in
740 1682 902 1754 semetipsis
922 1682 953 1738 in
973 1655 993 1710 Β
1010 1687 1057 1738 tur
1072 1699 1080 1738 ε
1096 1680 1233 1754 quoniam
1248 1697 1283 1737 ex
1296 1681 1392 1737 debito
1407 1681 1527 1751 debetis,
1544 1680 1689 1752 quiscum
1708 1681 1856 1736 sororibus

99 1767 227 1839 spinatis
242 1767 380 1836 moribus,
395 1768 426 1824 in
440 1769 598 1838 iracundia,
611 1774 838 1842 etcorrumpuut
856 1771 955 1826 vitalia
1008 1767 1142 1826 vestrisa
1165 1768 1246 1825 nobis
1270 1769 1402 1842 quamvis
1427 1784 1556 1841 corpore,
1584 1769 1635 1824 sed
1659 1785 1718 1824 non
1739 1768 1853 1840 spiritu,

98 1874 155 1912 sna
182 1858 214 1912 in
244 1858 296 1913 ira.
320 1858 453 1914 Viventes
474 1858 574 1914 oculos
602 1875 668 1914 suos
695 1858 726 1914 in
752 1858 954 1930 desperatione
1008 1861 1041 1914 ut
1059 1857 1197 1914 verenter
1221 1873 1369 1929 speremus
1395 1861 1424 1914 et
1449 1856 1565 1924 scimus,
1594 1872 1708 1929 egressa
1730 1856 1808 1912 estis.
1826 1856 1856 1912 Si

99 1953 279 2002 excaecantes
298 1952 327 2002 et
347 1947 446 2003 omnia
467 1946 637 2003 indumenta
658 1962 709 2003 sua
729 1963 782 2021 per
803 1948 953 2011 stultitiam
1008 1947 1146 2003 veraciter
1164 1947 1195 2002 in
1225 1963 1291 2002 rora
1313 1946 1462 2013 charitate,
1493 1961 1558 2018 qum
1588 1949 1630 2000 est
1657 1944 1774 2000 initium
1793 1960 1856 2000 orn·

98 2051 220 2090 morum
243 2035 474 2108 coinquinantes,
496 2041 526 2091 et
553 2052 583 2091 se
609 2037 753 2108 sapientes
777 2053 865 2110 super
888 2054 954 2093 rna-
1007 2033 1090 2090 nium
1117 2034 1273 2103 bonorum,
1299 2034 1530 2103 convenerimus,
1559 2034 1604 2089 vel
1633 2031 1657 2089 si
1686 2049 1744 2106 qna
1775 2032 1856 2090 radix

98 2123 210 2194 gistros
223 2139 292 2179 suos
310 2122 516 2179 existimantes.
535 2123 612 2182 lleul
640 2125 711 2180 ben!
736 2125 789 2180 tilii
809 2127 906 2193 lsrael,
922 2126 954 2181 in
1007 2124 1128 2196 alicujus
1151 2123 1336 2180 dissensionis
1363 2123 1441 2179 iuter
1464 2139 1517 2180 uos
1544 2121 1638 2180 adhuc
1659 2123 1746 2178 lateat
1766 2122 1856 2178 mani-

100 2211 201 2284 primo
216 2217 282 2267 ertu
296 2216 389 2268 restro
412 2229 470 2267 non
491 2213 641 2269 constitnit
661 2230 710 2270 vos
734 2213 775 2270 sio
801 2214 953 2287 mysticum
1007 2213 1131 2281 festetie;
1147 2213 1196 2269 sed
1214 2212 1291 2269 etde
1315 2211 1379 2268 aliis
1395 2211 1558 2285 quibusque
1580 2211 1748 2282 majoribus,
1775 2217 1808 2267 ut
1821 2211 1856 2267 de

101 2307 132 2356 ct
146 2317 279 2356 aereum.
293 2300 419 2374 Reliqua
430 2300 641 2373 ἀειίἅιναιιὶιιν,
657 2301 823 2359 msice
837 2319 954 2360 nuce·
1008 2301 1170 2358 minoribus
1192 2301 1324 2357 admissis
1351 2307 1507 2370 teceamus,
1538 2317 1602 2372 quse
1631 2299 1736 2357 divinae
1766 2300 1857 2372 maje-

99 2388 563 2462 da'cetribussequcntibusseliis.
1008 2392 1088 2447 statis
1115 2390 1205 2446 oculis
1233 2389 1378 2446 contraria
1404 2389 1605 2462 cognoveritis,
1635 2390 1718 2446 nobis
1744 2389 1856 2460 scriptis
1885 2437 1889 2448 ,

385 2514 556 2572 EPISTOEA
578 2515 664 2571 CXLV
1007 2479 1191 2536 manifestere
1219 2479 1321 2534 velitis.
1351 2479 1443 2551 Super
1464 2481 1527 2534 baec
1554 2477 1685 2534 unanimi
1713 2493 1854 2533 consensu

103 2645 227 2686 uererer
237 2628 304 2703 [lep.
313 2630 486 2701 ascraeum]
495 2645 604 2687 sunaus
613 2646 650 2687 rr
659 2646 829 2688 convensus
843 2646 954 2689 uonrrs
1004 2570 1674 2730 ἶᾟωὲἲδῖἕὲἶῗωοὲἓῖᾃῖᾏ0ἷὲοὲἱῖἓῖῃὲ
1688 2571 1857 2710 Ὲῖἓὲῠὶῖ

294 2734 321 2776 8·
342 2734 467 2776 ⁰¹⁵¹³⁰⁰¹
486 2735 524 2774 ⁸⁰
546 2735 767 2776 mmm
1007 2747 1073 2802 vitae
1108 2745 1224 2818 patroni
1254 2744 1355 2814 nostri,
1386 2761 1497 2800 necnon
1525 2749 1553 2800 st
1583 2743 1669 2799 vestri
1699 2741 1855 2799 beatissimi

101 2832 358 2908 Abipsurescribi
370 2833 536 2890 deriderm
562 2833 615 2892 uid
628 2833 709 2890 isarei
749 2834 953 2909 'llcodisplsss
1009 2834 1146 2904 Disibodi,
1163 2833 1193 2888 in
1208 2834 1290 2905 cujus
1313 2834 1400 2889 domo
1429 2835 1465 2890 ab
1480 2833 1549 2905 ipsis
1570 2832 1720 2888 cunabulis
1747 2831 1855 2888 nutrita

137 2909 215 2972 ⁰⁰⁰¹,
230 2910 371 2978 mamille
386 2909 418 2961 ¹⁴2
437 2904 528 2963 ”imm
541 2851 571 2961 g·
595 2852 952 2980 mbilmfflil‘i‘fflm·
1008 2927 1085 2996 estis,
1108 2925 1266 2999 pulsamus,
1296 2931 1457 2997 vestraeque
1482 2923 1599 2996 pietatis
1634 2939 1717 2979 aures
1753 2923 1855 2978 intime
1930 2943 1935 2952 ·

136 2977 262 3032 'mm'
973 2975 1235 3084 Ccommonemus,
1269 3018 1356 3086 atque
1388 3013 1501 3070 obnixis
1542 3011 1676 3083 precihus
1715 3010 1855 3066 indelessa

138 3103 306 3170 Hernicus,
331 3102 383 3157 liei
397 3101 489 3173 gratie
508 3117 606 3158 servus
620 3102 652 3158 in
671 3107 766 3158 monte
780 3103 808 3159 S.
824 3103 954 3160 Disibodi
1008 3105 1133 3179 protasis
1156 3103 1327 3176 expetimus,
1352 3108 1495 3176 quatenus
1518 3101 1606 3157 etiam
1642 3100 1784 3156 memoria
1806 3115 1854 3154 ve-

104 3196 133 3248 ct
147 3191 281 3264 provisor
303 3191 386 3246 ovilis
412 3191 555 3247 Dominici
570 3208 637 3248 cum
651 3198 712 3248 tota
730 3193 953 3265 congregatione
1009 3200 1075 3250 strae
1100 3193 1285 3250 beatitudinis
1307 3208 1359 3264 per
1387 3193 1485 3248 hocin
1508 3189 1642 3246 laudibus
1660 3188 1788 3261 ejusdem
1806 3189 1856 3242 Pa-

103 3283 229 3338 tratrem
252 3297 382 3347 suorum,
408 3279 565 3337 venerabili
587 3281 672 3336 matri
694 3280 819 3338 domium
849 3284 953 3340 llrcoa-
1008 3283 1060 3338 tris
1075 3283 1164 3338 nostri
1183 3281 1331 3349 habeatur,
1349 3285 1380 3337 ut
1399 3280 1541 3353 quidquid
1559 3281 1633 3334 Deus
1647 3277 1683 3334 de
1696 3277 1759 3348 ipso
1775 3277 1855 3332 robis

105 3370 244 3426 enneade
267 3369 294 3425 S.
319 3370 446 3442 liuperto
473 3369 554 3425 radio
573 3369 664 3426 divini
686 3371 857 3442 splendoris,
878 3371 954 3427 ultra
1008 3369 1187 3439 revelaverit,
1229 3370 1312 3425 nobis
1364 3367 1509 3441 aperiatis.
1550 3366 1737 3438 Omnipotens
1773 3367 1857 3421 Pater

103 3457 227 3516 humani
241 3473 341 3513 sensns
362 3457 560 3529 capacitatem,
576 3457 652 3530 qnod
676 3459 823 3514 verissime
846 3459 954 3514 scimus
1009 3467 1124 3516 ceterum
1166 3459 1370 3516 misericordie
1407 3463 1533 3513 mentem
1581 3463 1682 3512 vestrm
1710 3453 1857 3510 charitatis

104 3549 257 3604 illustratae
281 3546 457 3619 plenissime,
483 3546 566 3601 donis
591 3547 763 3618 septiformis
786 3549 877 3604 sancti
893 3549 955 3620 Spi-
1009 3549 1118 3607 lumine
1141 3547 1187 3604 sui
1211 3548 1332 3620 fulgoris
1359 3547 1527 3610 inflammet,
1554 3551 1582 3601 et
1605 3544 1710 3600 obnixe
1743 3542 1855 3599 deside-

104 3636 177 3693 ritus
214 3636 371 3705 abundare,
409 3652 442 3690 ac
473 3635 635 3692 sitientibus
664 3636 769 3709 pocula
795 3636 830 3692 de
853 3638 953 3693 eodem
1009 3637 1139 3693 rantibus
1154 3636 1306 3709 poculaad
1319 3635 1536 3691 refocillandum
1556 3633 1765 3689 subministret.

103 3715 183 3783 fonte
202 3741 288 3780 eausa
304 3723 409 3779 diriore
423 3724 665 3780 remunerationis
677 3724 850 3780 ministrare.
1023 3761 1048 3816 R
1118 3773 1201 3814 mm
1214 3756 1341 3814 amm
1396 3754 1509 3813 ·,⁰,am
1523 3750 1810 3812 mammam
1823 3754 1854 3808 S·

139 3814 223 3883 Quia,
239 3818 331 3869 mater
349 3813 462 3881 dilecte,
479 3813 684 3885 omnipotentis
697 3814 749 3869 Dei
760 3813 852 3869 sancti
867 3829 952 3886 pare·
1009 3761 1019 3832 (
1044 3775 1236 3902 fffflewgg,
1245 3773 1462 3900 epffloqffin,
1475 3825 1527 3882 „g
1539 3831 1568 3880 ,ι
1586 3823 1656 3882 pigo
1669 3829 1702 3881 D,
1725 3821 1857 3878 magog,

104 3905 165 3960 oliti
183 3903 307 3976 Spiritus
329 3900 477 3972 instinctu,
495 3918 608 3959 necnon
624 3908 652 3958 et
675 3901 804 3976 jussione
826 3904 888 3975 ejus
903 3905 954 3976 qus·
1042 3901 1080 3957 ob
1094 3901 1162 3974 ipso
1175 3898 1333 3973 composito
1346 3897 1471 3954 occurrit
1484 3897 1572 3970 opud.
1587 3894 1734 3952 Suriumtl
1752 3891 1856 3958 sulii.)

135 4067 192 4137 (Ἡ)
208 4060 336 4131 Fallitur,
351 4077 419 4118 nam
432 4061 528 4117 solum
542 4064 635 4117 exstat
648 4076 818 4133 responsum
831 4061 866 4116 ad
879 4059 1137 4130 aliemilerengeri
1151 4057 1304 4130 epistolam
1320 4055 1378 4128 (ep.
1396 4056 1451 4129 39).
1470 4057 1549 4112 Eorr.
