3984 6034
60 152 130 205 989
210 220 215 229 .
380 148 485 205 claun
505 146 664 204 nitidula.
687 147 790 205 orne.
810 146 982 205 sturtluts
1002 148 1281 207 trontola-PARS
1300 106 1463 215 tlh-visio
1484 151 1526 206 lx.
1776 156 1829 209 990

62 303 123 357 De
144 300 268 373 quem,
292 298 414 370 mu,
436 299 467 354 a„
486 298 607 355 prm,
632 300 703 355 1005,
721 298 847 357 dmm
865 316 924 357 me.
941 282 1122 355 daquilonis
1145 298 1197 355 par
1220 284 1405 340 montilsrnm
1430 300 1551 357 pomum
1579 287 1772 355 dormiebant,
1793 290 1824 345 in

111 372 229 428 diorum
250 372 365 426 uturum
390 371 516 440 ejusdem
544 368 682 443 imaginis
708 371 923 442 apparentibus,
977 374 1094 443 speculo
1109 372 1222 427 timoris
1244 370 1294 427 Dei
1310 388 1361 443 per
1375 373 1577 445 paenitentiam
1601 376 1823 448 evigilaverunt,

111 443 185 515 inid
199 440 404 567 Μθιῑξῑῑὶιαέῑ
424 441 561 567 ww
578 444 725 514 'milium
744 457 807 513 Μ
828 441 861 496 ‘'st
883 444 926 498 θ’*
978 458 1087 515 scilicet
1109 459 1271 528 homicidae,
1296 461 1428 530 adulteri,
1453 467 1597 534 raptores,
1621 466 1773 519 mendaces
1792 480 1825 519 ac

113 517 231 569 “lm
244 516 357 569 ‘'lm“
381 529 442 583 ¹9⁶¹
492 516 540 567 'a'
978 546 1028 602 alii
1054 546 1182 619 quinque
1211 554 1375 619 peccatores
1398 549 1488 603 ileum
1508 554 1669 619 exorantes,
1685 556 1827 623 quatenus

114 638 160 691 Vl.
182 636 216 690 Et
229 635 259 691 in
276 634 388 689 duabus
407 633 460 689 alis
474 650 540 707 quae
558 649 590 689 sc
608 636 646 690 ad
661 634 797 691 verticem
811 636 925 707 praelati
978 650 1028 689 eos
1042 634 1078 689 ab
1094 635 1212 707 antiquo
1225 636 1309 691 hoste
1334 636 1481 691 liberaret.
1503 637 1533 691 ln
1557 638 1726 707 poenitentia
1744 654 1827 694 narn·

49 723 181 795 'capitis
206 722 376 793 extendunt,
401 722 531 795 quinque
550 724 667 795 specula
689 724 925 797 apparentque
978 738 1034 795 que
1050 721 1172 777 istorum
1193 724 1266 778 Deus
1288 724 1370 779 valde
1395 723 1540 791 laudetur,
1564 725 1703 797 quoniam
1727 741 1827 783 omnes

64 810 228 878 inveteri
246 812 366 867 stNovo
388 812 582 878 Testamenta,
611 827 678 883 quse
703 812 739 867 ad
753 812 925 885 dignitatem
977 810 1091 867 ordines
1104 810 1306 882 penitentium
1329 812 1501 868 etlidelium
1519 814 1671 869 bominum
1687 815 1777 869 Deum
1795 816 1825 871 in

65 901 192 972 antiqui
205 900 320 956 consilii
336 900 502 972 respiciunt,
518 900 648 973 quinque
662 900 925 959 luminariadiver·
977 902 1116 969 potestate
1141 916 1192 955 sua
1213 916 1347 973 magnum
1371 905 1559 971 cognoscunt,
1584 901 1634 973 qui
1658 918 1706 956 eos
1729 902 1770 957 sic
1788 902 1828 957 li-

66 1005 177 1044 sorum
198 994 362 1057 temporum
377 988 582 1055 ostenduntur3
599 988 727 1059 primum
743 989 876 1046 uidelicet
893 991 925 1046 in
977 987 1068 1051 beret,
1085 992 1114 1043 et
1129 994 1242 1061 peccata
1256 1004 1358 1045 eorum
1383 990 1468 1045 delet.
1486 988 1668 1062 Quapropter
1682 996 1710 1046 ct
1731 990 1762 1045 in
1787 992 1828 1047 eis

67 1078 159 1146 Abel,
175 1075 332 1131 secundum
352 1074 383 1131 in
398 1076 468 1143 liae,
482 1075 644 1132 tertiumin
664 1075 818 1148 Abrabam,
835 1090 924 1151 quar·
978 1075 1060 1131 ratde
1088 1077 1257 1145 delectatur,
1289 1078 1339 1149 qui
1367 1093 1433 1133 cum
1462 1077 1540 1133 velut
1567 1093 1621 1132 nox
1648 1077 1677 1132 in
1705 1082 1828 1150 peccatis

67 1172 141 1221 tum
157 1166 188 1219 in
212 1166 318 1236 lloyse,
341 1164 476 1237 quintum
498 1163 529 1219 in
554 1164 625 1219 Filio
650 1165 712 1235 uei,
738 1181 804 1239 quas
827 1167 925 1223 omnia
978 1166 1114 1220 mortales
1128 1165 1260 1234 fuissent,
1277 1166 1359 1237 quasi
1378 1180 1483 1237 purum
1509 1165 1586 1220 diem
1609 1180 1660 1237 per
1685 1166 1827 1237 preniten-

66 1253 245 1309 hominibus
260 1252 296 1308 ad
311 1251 386 1307 viam
403 1252 530 1308 raritatis
544 1252 655 1321 luceut;
671 1269 738 1310 cum
757 1254 844 1311 etiam
862 1256 925 1328 ipse
977 1251 1047 1307 tiam
1062 1253 1127 1309 illos
1140 1253 1217 1310 lecit.
1236 1254 1315 1310 Unde
1331 1260 1359 1309 el
1385 1254 1476 1309 multo
1500 1254 1566 1325 plus
1594 1268 1661 1308 cum
1690 1253 1826 1325 diligunt,

71 1342 169 1398 Filius
184 1341 236 1397 liei
254 1342 417 1397 clausuram
432 1341 591 1397 coelestium
605 1342 779 1413 gaudiorum
795 1360 848 1415 per
865 1361 926 1416 pas-
978 1341 1123 1398 adiabolo
1140 1342 1181 1397 sic
1198 1343 1301 1414 erepti,
1325 1358 1413 1414 quarn
1437 1342 1461 1397 si
1490 1341 1636 1413 ereptione
1657 1357 1711 1414 per
1732 1342 1827 1413 poeni-

68 1430 190 1485 sionem
205 1445 287 1485 suam
309 1429 430 1501 aparuit.
447 1429 575 1495 Quorum
596 1446 689 1486 unum
704 1431 736 1487 in
758 1433 925 1489 summitate
977 1430 1099 1486 tentiam
1124 1447 1184 1486 non
1207 1430 1407 1503 indiguissent,
1432 1446 1486 1485 nec
1510 1431 1644 1502 deinceps
1667 1430 1703 1487 ab
1731 1445 1827 1485 amore

70 1519 184 1575 dextrae
201 1518 254 1573 alae
275 1522 328 1586 est,
347 1517 378 1572 ia
401 1532 460 1589 quo
487 1517 627 1590 scriptum
652 1518 788 1575 videtur:
812 1519 870 1578 Vin
896 1524 925 1577 et
977 1519 1039 1590 ejus
1054 1524 1227 1592 torpescant.
1245 1522 1344 1591 ltaque
1368 1520 1457 1574 timor
1471 1519 1521 1575 liei
1537 1518 1673 1573 omnibus
1688 1524 1748 1573 tam
1770 1519 1827 1573 ele·

66 1606 200 1673 veritae·
218 1605 295 1679 quod
314 1606 371 1661 alta
390 1606 525 1678 mysteria
551 1607 757 1664 miraculorum
772 1609 824 1665 liei
846 1609 925 1666 desi·
944 1580 1031 1662 ¹³ctis
1052 1607 1231 1679 simplicibus
1251 1613 1280 1663 et
1301 1607 1502 1663 innocentibus
1523 1622 1611 1680 quam
1630 1605 1828 1678 peccatoribus

69 1699 157 1767 gual,
174 1711 239 1766 quae
255 1695 352 1749 nullus
368 1694 521 1751 bominum
535 1711 588 1767 per
602 1696 752 1752 scientiam
766 1713 848 1753 snam
862 1700 924 1771 pla·
978 1696 1157 1751 necessarius
1176 1700 1228 1765 est,
1253 1696 1391 1769 qnoniam
1414 1712 1464 1751 eos
1486 1699 1600 1767 oportet
1620 1695 1754 1750 timorem
1776 1694 1827 1751 [lei

68 1783 159 1839 narie
176 1783 421 1855 comprehendere
435 1784 520 1850 salet,
537 1784 591 1839 nisi
606 1789 749 1856 quantum
771 1785 802 1841 in
816 1786 924 1843 circulo
976 1784 1059 1856 prius
1073 1784 1179 1841 babere
1201 1801 1289 1857 quem
1312 1799 1441 1840 amorem
1464 1784 1527 1856 ejus
1548 1786 1679 1854 gustent3
1704 1787 1734 1838 et
1760 1782 1827 1839 ideo

39 1894 43 1903 ·
69 1872 145 1927 fidei
160 1873 246 1944 capit,
260 1872 334 1927 sicut
353 1888 408 1927 nec
430 1872 533 1928 umbra
555 1874 586 1927 in
615 1874 731 1945 speculo
763 1874 923 1947 quidquam
977 1873 1065 1929 etiarn
1086 1873 1117 1928 in
1138 1873 1259 1946 praelato
1275 1874 1392 1945 speculo
1405 1873 1581 1929 intentiones
1605 1874 1734 1945 ipsorum
1750 1872 1828 1927 velut

69 1961 142 2033 plus
161 1966 298 2032 operatur
323 1961 460 2033 quamsi
482 1977 535 2033 per
551 1962 674 2018 termam
698 1963 923 2032 demonstratur,
976 1962 1118 2033 scriptura
1141 1965 1289 2035 apparent,
1312 1978 1384 2034 ques
1405 1964 1480 2018 Deus
1505 1976 1620 2033 semper
1644 1960 1770 2032 inspicit.
1793 1962 1828 2015 Et

70 2053 106 2103 et
128 2066 194 2121 quae
220 2049 254 2104 ad
284 2051 404 2104 salutem
429 2051 602 2122 populorum
632 2050 708 2106 riam
737 2051 857 2123 justitiae
891 2068 924 2108 ac
978 2049 1394 2121 nnuminiineejusdernalae
1408 2048 1670 2120 scriptumhabeus
1687 2046 1828 2105 :Nuntia

68 2137 226 2192 ueritatem
255 2136 435 2192 rectitudinis
466 2138 632 2206 ostendunt,
663 2144 804 2211 quatenus
835 2141 923 2196 borno
975 2138 1097 2195 woust
1111 2141 1142 2193 tu
1155 2137 1314 2211 cripsequi
1333 2140 1505 2211 regnaturus
1519 2153 1550 2193 es
1563 2136 1594 2193 ia
1604 2136 1716 2211 populo
1730 2137 1827 2193 Israel

70 2226 168 2281 Deum
193 2226 308 2294 timens,
332 2226 367 2281 ad
402 2225 528 2282 coelastia
545 2227 711 2299 perveniat;
735 2229 812 2284 velut
835 2229 923 2284 etiam
976 2229 1046 2301 quia
1058 2228 1109 2284 ubi
1125 2228 1210 2283 Vetus
1225 2228 1442 2283 Testamentum
1456 2228 1572 2284 linitum
1590 2233 1641 2296 est,
1668 2232 1697 2283 et
1716 2242 1826 2283 novum

70 2330 166 2385 opera
190 2322 219 2370 et
241 2314 307 2369 finis
334 2314 404 2369 Abel
431 2315 566 2371 declarat.
591 2316 624 2370 Et
649 2332 740 2371 uuum
767 2316 798 2371 in
826 2317 923 2373 medio
976 2316 1104 2387 incoepit,
1130 2316 1300 2387 Unigenitus
1323 2332 1404 2371 meus
1429 2314 1576 2387 apparuit,
1601 2316 1652 2387 qui
1685 2315 1770 2371 Satan
1795 2315 1825 2371 in

70 2404 139 2476 ejus
152 2404 183 2458 in
197 2420 228 2458 se
243 2402 382 2475 seriptum
401 2403 488 2459 habet
504 2420 511 2459 :
528 2404 592 2477 Epo
617 2403 720 2459 ostium
734 2410 862 2461 omnium
875 2422 922 2461 ur.
976 2404 1142 2459 interiorem
1164 2409 1283 2476 puteum
1307 2403 1412 2458 interni
1433 2404 1511 2459 vellit
1531 2404 1658 2475 lapidem
1681 2404 1823 2468 submisit,

68 2508 208 2548 curtorum
230 2490 282 2547 Dei
301 2506 385 2563 rum3
414 2492 552 2564 quoniam
575 2492 607 2547 in
628 2492 803 2564 perfectione
816 2493 922 2549 saluta-
976 2492 1107 2566 itaquod
1121 2495 1152 2548 iu
1173 2494 1253 2549 nullo
1277 2496 1395 2547 ventoso
1414 2492 1483 2547 llatu
1510 2492 1664 2547 voluntatis
1684 2509 1742 2548 suae
1767 2492 1824 2564 spi·

69 2581 114 2636 ris
132 2580 308 2636 detensionis
322 2581 517 2636 manifestatio
533 2586 709 2637 secretorum
728 2582 778 2637 Dei
795 2582 925 2638 declara·
976 2598 1041 2636 rare
1055 2581 1172 2653 poterit,
1189 2586 1220 2637 ιιι
1232 2580 1314 2652 prius
1327 2579 1404 2647 iecit,
1427 2581 1457 2635 in
1477 2596 1535 2653 quo
1557 2580 1632 2635 laeto
1647 2579 1723 2635 idern
1736 2580 1826 2636 Filius

69 2673 132 2734 tur,
146 2670 298 2724 ostendens
313 2670 392 2741 quod
408 2668 593 2739 omnipotens
607 2670 680 2724 Deus
696 2668 726 2723 in
738 2669 922 2725 latitudinem
976 2686 1059 2725 meus
1086 2670 1182 2725 electis
1217 2670 1276 2724 suis
1312 2672 1421 2724 aeterna
1457 2668 1575 2741 premia
1606 2668 1823 2735 demonstravit,

70 2756 161 2811 totins
190 2762 327 2813 ereatura
354 2757 500 2813 miraculis
526 2758 586 2813 suis
616 2774 647 2812 se
672 2758 821 2829 expandit,
848 2759 922 2814 sicut
976 2759 1223 2831 quemadmodum
1236 2758 1271 2813 ad
1287 2759 1402 2829 bloyscn
1419 2758 1606 2813 locutussum
1619 2757 1737 2813 dicens:

69 2846 161 2901 eliam
177 2863 195 2901 a
214 2847 310 2918 primo
326 2847 443 2902 homine
464 2848 605 2919 usquead
620 2846 807 2903 novissimum
824 2849 921 2904 multi·
940 2847 962 2903 C
978 2866 1071 2923 perga
1088 2864 1140 2921 Μ
1155 2864 1186 2919 2¹„
1211 2864 1306 2921 mdo
1323 2863 1466 2937 loquenti,
1489 2863 1528 2920 aa
1551 2866 1681 2936 Moysen,
1696 2885 1707 2914 .
1725 2865 1824 2919 031072.

68 2934 159 3007 plicia
174 2934 255 3007 signa
274 2936 481 2991 miraculorum
502 2935 623 3008 perlicit,
643 2934 775 2992 videlicet
793 2938 921 3009 propbe—
1010 2937 1078 2993 dum
1091 2934 1144 2991 tibi
1156 2951 1237 2992 omna
1256 2936 1369 3001 bonum,
1387 2954 1401 2985 u
1420 2937 1449 2990 et
1462 2935 1601 3006 quomodo
1623 2936 1659 2989 dc
1677 2937 1825 2991 Incurua-

68 3024 174 3091 taudo,
190 3024 364 3094 nuntiando,
390 3029 420 3080 et
434 3023 576 3092 iaciendo,
604 3040 657 3080 nec
675 3024 706 3080 in
728 3025 773 3081 bis
790 3026 920 3094 cessabit,
1011 3006 1258 3063 ‘mmmm
1272 3004 1407 3079 mysterii)
1420 3005 1593 3078 wilm
1601 3003 1669 3062 Μ·

70 3113 165 3168 donec
179 3114 277 3168 omnia
300 3129 366 3185 quas
387 3114 515 3169 tacturus
538 3117 581 3167 est
603 3114 757 3185 compleat,
781 3115 920 3187 quemad·
1010 3115 1069 3171 Vll.
1088 3136 1102 3165 ιι
1119 3113 1273 3170 Ostendam
1294 3113 1504 3169 omnebonum
1527 3112 1588 3178 tibi,
1607 3118 1636 3167 et
1652 3112 1772 3168 vocabor
1794 3114 1824 3168 in

69 3201 192 3256 modum
208 3218 260 3256 nec
276 3202 307 3256 in
321 3202 417 3274 prima
438 3202 584 3258 creatione
607 3208 747 3258 creaturae
768 3205 920 3276 requierit,
975 3203 1091 3259 nomine
1106 3202 1221 3258 Domini
1234 3218 1330 3257 eoram
1345 3208 1382 3271 te,
1402 3206 1431 3257 et
1446 3202 1603 3257 miserebor
1622 3202 1669 3257 cni
1692 3202 1822 3269 voluero,

71 3295 229 3361 antequam
244 3307 278 3346 ax
301 3294 360 3345 totu
386 3306 451 3346 eam
473 3291 641 3362 compleret,
665 3290 738 3346 sicut
759 3298 788 3346 et
809 3292 840 3346 in
863 3292 921 3347 Noe
974 3292 1139 3348 etolemcns
1155 3307 1204 3345 ero
1223 3291 1253 3345 in
1268 3306 1356 3363 quem
1381 3290 1451 3345 mibi
1471 3289 1621 3361 placuerit.
1645 3310 1659 3339 a
1686 3290 1823 3345 llursum·

69 3377 159 3433 variis
186 3377 275 3450 signis
302 3378 508 3450 praefiguravit.
539 3380 693 3451 Unumque
720 3383 764 3435 est
796 3380 827 3434 in
862 3380 920 3434 fine
974 3396 1032 3453 que
1046 3378 1108 3434 ait:
1127 3400 1142 3429 ιι
1157 3379 1219 3433 Non
1240 3378 1350 3450 poteris
1380 3379 1476 3434 videre
1502 3378 1605 3434 taciem
1629 3392 1736 3447 meam,
1764 3394 1824 3434 non

70 3465 174 3537 ipsius,
199 3466 301 3539 inquo
329 3467 467 3538 scriptum
488 3467 682 3522 continetur:
712 3466 842 3523 Ortcnrt'o
863 3483 921 3523 om·
975 3468 1054 3524 enim
1081 3458 1189 3522 videbit
1213 3482 1259 3521 me
1291 3467 1378 3521 bomo
1406 3475 1435 3521 at
1452 3466 1581 3522 vivet.»
1612 3468 1647 3523 Et
1680 3467 1785 3521 iterum
1814 3482 1821 3521 :

68 3557 153 3609 nium
163 3554 303 3610 bonorum
315 3556 415 3622 εωιιιο,
430 3554 497 3626 quia
510 3554 541 3609 in
557 3556 615 3610 llus
627 3554 681 3609 istu
693 3554 761 3610 finis
773 3555 920 3611 diabolica
976 3578 989 3602 ι
1006 3555 1086 3620 Ecca,
1102 3553 1206 3625 iuquit,
1223 3559 1266 3609 est
1286 3554 1363 3609 locus
1377 3554 1454 3626 apud
1476 3570 1533 3622 me,
1559 3554 1647 3610 stabis
1662 3571 1749 3625 super
1772 3571 1822 3627 pe-

68 3642 215 3697 irrisionis
244 3648 287 3697 cst
311 3648 562 3713 praemonstratus,
591 3648 678 3714 atque
701 3650 780 3698 ortus
800 3648 921 3698 carnelo·
973 3647 1059 3698 tram.
1089 3642 1219 3713 Cumque
1249 3641 1381 3697 transibit
1401 3643 1494 3713 gloria
1520 3658 1584 3697 maa
1610 3658 1718 3714 ponam
1740 3647 1769 3697 te
1792 3643 1823 3698 in

69 3744 138 3786 rum
153 3728 297 3784 bonorum
319 3728 530 3800 praefiguratus,
555 3729 709 3800 designans
729 3728 818 3785 etiam
842 3730 921 3801 quod
973 3730 1116 3786 toramine
1131 3736 1232 3801 petra,
1249 3734 1278 3785 et
1296 3735 1449 3801 protegam
1465 3736 1494 3786 te
1509 3730 1626 3785 dextera
1648 3746 1713 3785 mea
1734 3732 1823 3787 donec

70 3816 228 3875 Filiusllei
245 3817 368 3873 termam
382 3818 508 3872 hominis
524 3819 559 3874 de
573 3816 696 3889 simplici
712 3818 823 3890 virgine
847 3823 920 3874 esset
974 3825 1128 3886 transeam,
1157 3818 1316 3890 tollamque
1345 3833 1463 3873 manum
1495 3833 1599 3887 meam,
1651 3822 1680 3873 at
1713 3817 1823 3874 ridebis

70 3911 283 3979 assumpturus,
309 3912 339 3961 et
362 3907 460 3961 omnia
483 3907 559 3962 bona
580 3922 633 3978 per
656 3922 687 3962 se
711 3908 917 3978 completurus.
973 3908 1132 3980 posteriora
1161 3922 1225 3962 mee
1254 3905 1358 3978 (Euod.
1385 3906 1496 3977 xxxru).
1524 3928 1535 3955 ι
1562 3906 1651 3979 liujus
1674 3907 1823 3963 sententiae

71 3994 155 4060 Quod
170 4000 199 4049 et
212 3995 286 4051 liber
300 3996 366 4050 ritae
384 3995 545 4062 denuntiat,
570 3995 621 4068 qni
636 4011 785 4067 nunqnam
810 3996 918 4051 delebi-
974 3995 1135 4053 intellectus
1147 3998 1202 4052 boc
1226 3996 1309 4052 modo
1324 3996 1507 4068 accipiendus
1522 4000 1564 4051 est
1583 3996 1666 4068 :Ego
1689 3995 1740 4067 qui
1764 3994 1821 4049 llo·

70 4090 129 4148 tur,
154 4082 183 4138 in
208 4084 366 4157 quostiam
380 4083 673 4140 coelestislernsalem
697 4100 762 4140 cum
784 4085 918 4140 omuibus
936 4127 958 4181 D
974 4086 1070 4142 minus
1095 4090 1264 4141 cunctorum
1290 4100 1366 4152 sum,
1383 4084 1519 4156 quoniam
1543 4099 1597 4157 per
1619 4083 1822 4156 memetipsum

71 4171 298 4227 virtutibusauis
323 4172 465 4243 descripta
485 4176 538 4237 est,
565 4188 637 4244 quas
661 4172 757 4228 nullus
783 4189 918 4231 enarrare
973 4191 1048 4242 sum,
1074 4173 1126 4229 tibi
1148 4174 1200 4248 qui
1228 4189 1301 4245 puro
1330 4173 1413 4229 corde
1437 4189 1485 4228 mo
1512 4173 1594 4241 colis,
1618 4177 1733 4229 aeterua
1755 4172 1823 4226 vite

72 4260 160 4328 valet;
183 4260 256 4314 sicut
278 4276 332 4315 nec
361 4259 504 4315 mirabilia
525 4258 575 4315 liei
599 4260 745 4333 quispiam
771 4260 806 4316 ad
830 4261 918 4318 linem
972 4263 1179 4320 beatitudiuem
1199 4278 1264 4334 quea
1289 4262 1498 4317 omnebonum
1515 4266 1558 4317 est
1582 4260 1743 4316 ostendam.
1765 4262 1821 4315 Vo-

73 4347 214 4419 perducit,
239 4363 305 4420 qnae
319 4348 406 4403 etiam
431 4349 530 4403 omnia
557 4348 699 4404 abrabam
715 4350 746 4404 in
772 4350 919 4405 circumci·
972 4350 1115 4423 naborque
1141 4348 1280 4406 Dominus
1303 4365 1398 4404 coram
1420 4354 1459 4417 te,
1483 4349 1534 4421 qui
1556 4354 1668 4404 creator
1689 4348 1820 4404 omnium

72 4437 152 4491 sione
168 4452 255 4508 quarn
271 4442 415 4509 praecepto
440 4438 490 4492 Dei
513 4436 675 4509 complevit,
699 4436 822 4493 fideliter
844 4455 918 4511 pra·
972 4444 1167 4495 creaturarum
1184 4453 1258 4505 sum,
1274 4452 1340 4491 cum
1357 4443 1388 4492 tu
1417 4438 1504 4491 lsrael
1530 4436 1657 4491 tunicam
1682 4434 1746 4490 Filii
1762 4434 1821 4489 mei

73 4526 249 4581 monstrarit.
265 4530 359 4597 Atque
374 4525 405 4581 in
419 4526 584 4581 summitate
599 4526 724 4583 sinistrae
747 4527 799 4583 alae
825 4544 917 4583 unum
972 4527 1087 4593 uideris,
1111 4541 1198 4599 quam
1226 4525 1294 4581 ada
1317 4524 1449 4596 promisi,
1474 4522 1591 4595 quando
1612 4538 1679 4578 cum
1703 4522 1822 4577 nomine

72 4617 115 4669 est
140 4614 170 4668 in
194 4630 224 4669 se
252 4615 391 4685 scriptum
414 4615 565 4670 continens
581 4631 588 4670 :
606 4615 762 4688 Speculum
783 4631 860 4684 rum,
888 4620 918 4671 tre
972 4632 1023 4670 suo
1044 4614 1152 4681 uocari,
1175 4618 1203 4667 et
1224 4612 1340 4685 quando
1361 4612 1543 4668 tenebrosam
1564 4614 1671 4665 vestem
1686 4609 1728 4665 illi
1743 4608 1819 4677 dedi,

71 4700 256 4774 quointcntto
269 4703 424 4759 electorum
442 4703 651 4772 weriderutur,
668 4704 805 4775 quoniam
818 4704 850 4759 in
864 4704 919 4760 ini·
971 4704 1040 4775 quia
1055 4701 1222 4758 tenebrosus
1236 4706 1306 4757 erat.
1322 4700 1365 4757 ob
1386 4702 1438 4755 boc
1450 4699 1536 4754 etiam
1551 4699 1648 4754 nullus
1669 4697 1818 4753 hominnm

71 4791 111 4846 tio
123 4791 242 4861 justitie
259 4807 324 4846 cum
343 4808 468 4863 superna
487 4792 614 4847 delensio
641 4808 694 4864 per
712 4794 848 4848 virtutem
863 4794 918 4848 ela·
970 4790 1094 4862 peccatis
1122 4789 1274 4844 bominum
1301 4793 1436 4861 gravatus
1460 4788 1570 4842 vultum
1599 4801 1695 4842 meum
1721 4785 1819 4840 ridere

72 4884 181 4935 ctorem
202 4896 321 4935 suorum
347 4878 532 4951 iniquitatem
556 4881 822 4952 opprimentium
847 4882 916 4936 sim·
970 4884 1073 4951 potest,
1090 4877 1218 4952 qnandiu
1235 4878 1364 4933 mortalis
1386 4878 1491 4945 existit,
1516 4876 1652 4949 quoniam
1676 4890 1729 4947 per
1749 4890 1820 4945 sug-

72 4954 175 5041 plax‘et
189 4984 263 5040 pura
282 4968 396 5024 devotio
411 4967 528 5023 illorum
548 4968 691 5040 apparuit,
710 4973 744 5024 ut
768 4968 917 5025 diabolicis
970 4968 1131 5040 gestionem
1153 4966 1259 5022 diaboli
1275 4966 1310 5023 de
1331 4966 1481 5044 nigredine
1497 4964 1640 5036 aquilonis
1656 4964 1741 5036 niger
1764 4968 1817 5029 est,

71 5055 177 5111 artibus
204 5056 381 5123 resisterent,
405 5060 434 5111 et
462 5072 492 5111 se
516 5054 612 5111 virum
637 5056 835 5113 holocaustum
857 5058 916 5113 Deo
970 5060 999 5111 et
1012 5055 1085 5111 sicut
1100 5071 1223 5127 quaqua
1245 5054 1338 5110 lucida
1358 5054 1394 5110 ab
1415 5054 1550 5126 aquilone
1566 5068 1664 5108 auersa
1684 5058 1760 5121 sunt,
1778 5052 1819 5106 sic

73 5144 214 5201 offerrant.
228 5146 409 5218 erapropter
421 5148 451 5200 et
468 5145 555 5201 Satan
577 5149 737 5201 retrorsum
760 5146 915 5219 projectus,
969 5147 1082 5202 claritas
1096 5162 1172 5202 verre
1187 5147 1259 5202 lucis
1271 5147 1307 5203 ab
1330 5146 1421 5202 Adam
1451 5145 1574 5213 secessit,
1597 5159 1662 5199 cum
1677 5158 1731 5215 per
1749 5160 1817 5199 con·

73 5235 159 5290 Deum
174 5239 233 5290 ιιιιι
257 5234 364 5290 fortem
381 5249 469 5306 super
488 5232 702 5290 inimicossuos
725 5235 868 5307 cognorit,
885 5241 917 5291 ut
970 5236 1067 5291 silium
1094 5236 1205 5308 antiqui
1238 5234 1379 5308 serpentis
1413 5234 1449 5290 ad
1483 5234 1650 5305 aquilonem
1679 5231 1816 5304 respexit.

74 5320 158 5375 etiarn
175 5322 205 5377 in
224 5321 370 5395 profundo
385 5320 491 5376 interni
507 5321 670 5391 exterritus,
693 5338 761 5377 eum
785 5339 914 5395 perom-
968 5324 1093 5381 Proinde
1116 5325 1185 5397 quia
1208 5323 1372 5380 mortalium
1387 5337 1473 5377 nemo
1495 5320 1615 5394 gloriam
1641 5336 1735 5376 meam
1750 5336 1816 5392 per-

74 5408 120 5463 nia
144 5413 387 5468 contremisceret.
414 5412 495 5467 Unde
526 5416 557 5467 ct
584 5411 678 5482 multi,
702 5410 806 5484 quiin
831 5416 914 5484 parte
967 5413 1041 5468 lecte
1060 5413 1167 5470 intueri
1193 5413 1297 5485 potuit,
1322 5428 1375 5485 per
1397 5412 1553 5485 propbetas
1575 5426 1656 5466 meos
1669 5410 1817 5483 loquendo
