3984 6034
138 257 142 276 ·
176 239 227 289 cut
908 235 937 289 S·
959 232 1197 292 attenuarants
1874 241 1929 292 tam

174 365 330 432 concaleat.
346 364 422 437 quod
437 363 517 422 fideli
534 365 641 422 animae
654 366 692 422 ad
709 362 836 424 caelestia
852 365 1021 437 properanti
1038 367 1063 422 A
1076 364 1176 421 stellas
1190 365 1337 437 perlucida
1350 364 1461 434 induta,
1477 366 1547 438 quia
1561 366 1708 424 vinculum
1735 365 1931 438 subjectionis

173 453 293 510 obsistit.
319 454 400 510 Unde
418 457 448 509 et
469 458 566 510 sancta
586 453 684 510 anima
717 456 882 528 equissimo
911 454 1020 524 judicio
1073 453 1293 510 humiliterlleo
1308 455 1437 528 sabjecta
1464 459 1569 528 portat,
1588 471 1714 528 superna
1741 453 1851 512 scilicet
1872 457 1931 512 scl-

174 558 241 598 eum
261 542 398 599 dilectam
419 548 585 614 nuncupat:
603 543 740 614 quoniam
760 562 813 617 per
835 547 923 603 iidem
944 548 1021 604 dile·
1074 541 1222 598 licitudinc
1243 559 1359 599 omnem
1387 545 1591 600 exaltationem
1606 544 1778 600 diabolicam
1793 550 1928 616 proster-

173 630 277 686 ctiouis
290 647 320 686 se
334 630 428 701 ipsam
452 632 630 703 relinquens,
655 637 685 688 et
698 632 729 688 in
743 650 849 707 magno
864 635 1021 692 certamine
1075 631 1278 703 naasspioque
1292 633 1390 703 capiti,
1406 632 1436 688 id
1448 638 1491 688 est
1503 633 1615 688 Christo
1637 632 1798 702 adhaerens,
1814 633 1928 689 humil-

172 719 333 776 carnalinm
348 719 528 792 voluptatum
544 735 583 774 an
604 720 688 776 illum
711 720 849 780 benevola
870 724 1020 794 anhelans,
1074 718 1177 774 limum
1194 735 1309 792 qaoque
1324 721 1499 778 sacerdotem
1519 727 1549 776 et
1570 719 1679 792 absque
1704 721 1785 776 omni
1807 722 1930 793 putrere

172 807 303 879 atqnoin
322 808 425 864 ardore
447 807 640 878 lacrymabilis
662 809 797 866 desiderii
825 829 854 867 se
869 813 963 883 ipsam
977 829 1021 869 re·
1074 808 1183 879 pcccati
1210 809 1396 880 purissimum
1424 809 1455 864 in
1481 808 1660 866 lucidissima
1684 809 1780 864 cordis
1799 809 1929 880 paritate

172 896 308 967 probans,
323 895 350 951 ei
359 897 496 964 adhaeret,
512 902 545 951 ut
557 896 663 953 mulier
693 899 765 965 viro,
794 902 841 955 cni
869 917 936 958 eum
952 919 1021 974 geu·
1075 895 1208 962 incitans,
1223 897 1361 969 quoniam
1380 897 1527 952 constricti
1539 900 1569 952 et
1591 895 1715 952 humiles
1738 897 1860 968 purique
1876 913 1928 950 sa·

173 983 221 1040 dio
254 984 410 1040 voluntatis
439 1001 498 1038 sna
525 983 665 1040 associata
690 991 743 1041 est.
768 987 803 1042 Et
821 989 885 1044 ideo
910 1006 976 1045 carm
990 990 1022 1045 in
1074 985 1204 1040 cerdotes
1231 985 1337 1042 summi
1371 987 1534 1042 sacerdotes
1563 1001 1624 1041 esse
1652 985 1765 1040 debant.
1792 987 1930 1041 &cunda

172 1073 289 1129 exordio
318 1074 517 1128 conservandae
540 1073 678 1129 castitatis
697 1075 734 1130 ad
764 1093 829 1132 cnm
849 1077 949 1150 incipit
973 1097 1022 1134 su·
1075 1076 1171 1130 nutem
1197 1074 1292 1144 nigros
1319 1075 1436 1146 capillos
1466 1074 1563 1141 habet,
1595 1074 1745 1130 rumiiesta
1769 1075 1929 1130 osteudens

172 1161 292 1233 spirare,
308 1161 343 1216 ad
366 1176 397 1216 se
421 1160 515 1232 ipsam
544 1161 630 1217 dicit:
664 1163 731 1218 Volo
754 1171 937 1233 prosternere
958 1185 1019 1224 car·
1075 1162 1154 1233 quod
1179 1162 1325 1233 incapite
1360 1179 1412 1218 suo
1440 1161 1553 1219 Christo
1576 1161 1716 1233 abstergit
1743 1160 1928 1233 nigredinem

172 1251 268 1306 nalem
284 1249 458 1320 voluptatem
472 1254 501 1305 et
527 1266 574 1304 ms
598 1251 773 1322 conjungere
794 1253 837 1308 illi
866 1256 920 1311 suh
938 1256 1022 1328 cujus
1076 1255 1257 1322 peccatorum
1287 1250 1318 1305 in
1352 1249 1528 1306 hominihus.
1555 1249 1650 1306 'lertio
1673 1265 1741 1304 raro
1774 1249 1929 1305 dissimilis

172 1337 334 1394 dilectionis
359 1338 461 1392 umbra
490 1355 547 1409 qna
575 1355 622 1394 me
644 1338 675 1394 in
698 1340 802 1397 ardore
825 1343 953 1400 ardentis
974 1345 1024 1401 de·
1075 1337 1210 1394 humanm
1226 1337 1326 1394 formae
1340 1337 1470 1405 ridetnr;
1498 1338 1637 1410 qnoniam
1660 1336 1714 1392 hac
1730 1336 1929 1393 ministerium

171 1425 327 1481 siaccirsui
351 1426 525 1481 scaccario
548 1427 616 1498 igne
630 1428 813 1487 obumbravit
835 1432 929 1487 sedeo.
944 1432 1021 1498 orio·
1075 1427 1171 1492 hebet,
1184 1431 1215 1481 ur
1236 1426 1438 1482 nominemus
1459 1427 1604 1482 concanae
1626 1431 1766 1496 quatenus
1782 1431 1930 1482 terreatur

172 1513 279 1569 monol
305 1515 379 1570 uum
406 1513 580 1570 inebriatum
606 1515 735 1571 studium
764 1519 796 1574 in
822 1521 885 1590 qus
908 1536 1023 1580 amores
1075 1519 1105 1570 et
1126 1514 1272 1570 tremiscat
1292 1516 1327 1570 uc
1356 1514 1407 1570 nai
1427 1515 1546 1583 iudicio·
1571 1514 1651 1570 Unde
1674 1520 1704 1570 cr
1729 1514 1824 1586 specis
1843 1529 1929 1569 caret

171 1602 290 1669 babens,
314 1602 475 1671 subjectum
505 1603 537 1658 in
560 1602 680 1674 igneum
707 1605 802 1662 carnis
830 1623 961 1665 amorem
986 1610 1018 1666 in
1037 1643 1058 1696 Β
1076 1601 1213 1670 hominis,
1246 1603 1315 1675 quit
1343 1602 1430 1658 homo
1457 1617 1534 1673 serpe
1564 1603 1656 1660 neum
1679 1606 1870 1674 postponens,
1895 1603 1930 1657 ti-

171 1706 311 1746 oonsensn
325 1690 429 1746 mmor
441 1706 513 1747 meae
526 1707 638 1762 premo.
655 1693 689 1748 at
714 1694 750 1749 ob
764 1694 818 1750 hoc
836 1697 1018 1754 dulcissimus
1073 1692 1162 1748 moris
1190 1692 1253 1761 ejus
1278 1691 1464 1759 obliviscitur,
1491 1691 1568 1764 quod
1592 1690 1657 1762 ipsa
1680 1691 1801 1746 omnino
1828 1691 1927 1746 iacere

169 1778 280 1835 tructas
299 1777 360 1848 ejus
374 1795 461 1851 quem
486 1780 638 1851 gustabam
661 1782 691 1836 in
717 1783 815 1838 anima
834 1801 898 1839 mea
922 1787 1018 1858 suspi-
1072 1784 1194 1836 recusat.
1211 1781 1307 1836 Prima
1319 1796 1436 1853 quoqne
1456 1785 1485 1836 et
1503 1785 1706 1852 quartanique
1725 1780 1825 1852 quinta
1848 1780 1927 1836 albis

170 1883 238 1922 rans
252 1867 289 1922 ad
299 1869 400 1934 heum,
416 1867 528 1924 dulcior
541 1868 613 1924 mihi
628 1877 671 1925 est
682 1870 714 1926 in
739 1889 773 1926 ea
787 1888 875 1944 snper
898 1889 1017 1931 omnam
1071 1869 1175 1924 tunicis
1204 1869 1384 1936 vestiuntnr3
1417 1867 1487 1940 qnia
1518 1867 1703 1924 circumdate
1737 1874 1806 1924 sunt
1845 1875 1926 1924 reste

170 1955 352 2012 dnlcedinem
378 1956 482 2024 carnis,
511 1972 600 2028 quam
627 1958 785 2014 sentiebam
819 1961 850 2014 in
886 1964 1019 2034 concupi·
1071 1955 1244 2013 innocentiae
1259 1973 1345 2028 quam
1360 1956 1450 2012 Adam
1469 1953 1593 2027 perdidit
1616 1956 1829 2027 transgrediens
1844 1956 1926 2027 piam

170 2042 439 2113 manuteneant
467 2059 556 2115 quare
584 2045 697 2101 dulcis?
725 2046 869 2112 Quoniam
901 2050 963 2121 ipse
984 2067 1018 2107 ex
1070 2045 1240 2116 jussionem,
1256 2046 1441 2118 postmodum
1465 2049 1560 2100 antem
1584 2044 1614 2099 in
1641 2043 1845 2100 candidissima
1861 2045 1926 2100 lilio

170 2129 283 2201 virgine
306 2137 392 2187 natos
416 2131 503 2186 habat
529 2132 726 2188 dulcissimum
741 2151 885 2206 saporem,
909 2144 938 2192 et
959 2139 1018 2194 ior·
1073 2133 1263 2190 norimssimc
1274 2133 1449 2206 virginitatis
1462 2149 1528 2188 cnm
1548 2132 1650 2189 induto
1675 2147 1763 2204 opere
1782 2133 1924 2205 simplicis

172 2219 316 2274 tissimum
331 2225 512 2290 unguentum
539 2220 649 2276 stillans
676 2226 707 2277 ut
734 2222 913 2282 balsamum:
941 2229 1018 2297 quod
1071 2222 1103 2278 in
1117 2215 1372 2293 llco'sabJ'ectiunis
1385 2225 1553 2294 recuperata
1567 2221 1598 2277 in
1623 2221 1821 2286 salvationem,
1846 2223 1925 2292 qaod

170 2308 395 2364 estresnrrectia
409 2309 445 2363 ad
471 2308 560 2364 uitam
587 2309 617 2365 in
633 2326 692 2381 qua
716 2312 824 2367 mortui
838 2315 1017 2381 erectisont‚
1072 2315 1138 2366 ante
1163 2312 1254 2366 licum
1282 2312 1357 2367 lucet
1390 2311 1463 2366 sicat
1490 2309 1648 2365 clarissima
1673 2308 1756 2364 stella
1785 2309 1925 2364 hamanis

170 2395 367 2452 accuntinens
381 2395 536 2452 maximam
564 2397 737 2454 medicinam
759 2415 825 2471 quae
852 2402 933 2458 tersit
955 2404 1019 2458 aal-
1073 2398 1163 2454 aculis
1176 2399 1305 2469 ignescit.
1333 2399 1440 2456 Omnes
1462 2398 1551 2454 etiam
1575 2397 1640 2454 alba
1655 2398 1850 2454 aalmamenta
1872 2399 1923 2454 hs-

170 2499 241 2539 nara
269 2490 451 2555 pcccatorum
480 2500 532 2556 por
555 2484 782 2543 incarnationem
818 2490 920 2561 ipsios,
949 2507 1015 2563 qum
1073 2487 1152 2554 bant,
1184 2492 1303 2558 excepta
1330 2487 1417 2544 tertia
1443 2486 1601 2542 secundnm
1632 2485 1758 2556 speciem
1793 2485 1925 2542 hominis

171 2569 342 2639 plenissima
353 2572 511 2628 sanctitatis
524 2578 554 2628 ot
571 2573 733 2630 dulcedinis
759 2577 790 2631 in
817 2579 896 2633 omni
911 2594 1018 2651 genere
1072 2591 1130 2631 noa
1156 2580 1329 2646 apparente;
1346 2575 1483 2646 quoniam
1498 2575 1568 2647 ipsa
1596 2573 1823 2647 pulcherrimum
1851 2590 1926 2646 opus

172 2658 309 2714 virtutum
336 2676 403 2717 cnm
423 2661 587 2733 virginitate
613 2668 664 2721 est.
697 2665 785 2733 Unde,
811 2683 828 2722 a
856 2667 1017 2738 virginitas,
1072 2663 1184 2720 suntin
1212 2663 1377 2720 haminibus
1404 2663 1470 2736 quis
1495 2663 1639 2720 desideria
1666 2663 1804 2718 carnisin
1833 2680 1864 2718 sa
1888 2667 1925 2718 ad

172 2745 288 2815 quaeda
315 2747 400 2819 ignea
425 2750 592 2806 accensione
613 2751 755 2819 consistis,
778 2753 1016 2811 robustissimum
1073 2752 1196 2808 nihilum
1219 2754 1374 2821 deducunt,
1396 2754 1480 2824 juata
1500 2753 1664 2823 exemplum
1687 2751 1734 2807 sui
1755 2751 1923 2820 Salvatoris,

171 2846 292 2902 germen
319 2835 395 2907 quod
420 2835 456 2892 de
492 2839 575 2894 stella
609 2840 697 2896 maris
737 2841 863 2911 emicans
901 2859 1018 2900 omnem
1072 2841 1150 2912 qnod
1169 2847 1212 2896 est
1229 2841 1365 2914 splendor
1379 2841 1643 2912 splendidissimum
1665 2855 1725 2896 una
1747 2856 1847 2896 aarum
1869 2842 1924 2896 ho-

172 2920 339 2990 spurcitiam
375 2923 562 2995 turpitudinis
594 2931 696 2982 contra
730 2928 888 2985 saevissima
924 2929 1020 3000 jacula
1038 2935 1058 2990 C
1074 2929 1182 2985 minem
1202 2945 1261 2984 non
1290 2930 1453 2996 simulante,
1485 2929 1553 3001 quia
1574 2927 1734 2984 nonhabet
1755 2935 1921 3000 respectum

172 3009 281 3066 diaboli
305 3027 419 3082 semper
445 3012 584 3068 dimicans
610 3016 768 3080 conculcat,
792 3018 885 3086 gande
911 3017 941 3072 in
963 3035 1018 3074 crc-
1072 3016 1161 3072 ullius
1175 3017 1310 3083 andaciae,
1324 3033 1438 3087 semper
1465 3015 1588 3072 sollicita
1602 3020 1631 3071 et
1650 3031 1709 3070 non
1725 3017 1876 3088 negligens
1891 3023 1924 3072 ut

172 3097 236 3152 lesti
264 3099 426 3167 harmonia,
454 3100 486 3155 in
510 3116 560 3172 spe
587 3101 722 3158 consortii
740 3105 919 3175 angelorum.
938 3106 1018 3171 Quo·
1072 3105 1160 3160 homo
1176 3105 1400 3177 quismpiussni
1422 3105 1512 3178 ipsius
1533 3119 1585 3177 per
1609 3105 1822 3160 contumaciam
1847 3105 1922 3160 obli-

172 3185 282 3242 modo?
304 3187 429 3258 Spiritus
460 3195 576 3244 sanctus
602 3190 804 3261 symphonizat
832 3191 864 3248 in
884 3193 1018 3250 taberna·
1071 3192 1199 3260 riscitur,
1224 3193 1287 3264 ipsa
1310 3193 1500 3263 dispensatrix
1527 3193 1652 3250 existens
1674 3192 1761 3263 J'ustae
1788 3193 1923 3249 admoni-

172 3275 238 3328 cnlo
253 3273 443 3344 virginitatis3
458 3278 598 3348 qnoniam
615 3278 814 3348 ipsaVerbnm
836 3283 888 3338 Dei
906 3299 1020 3354 semper
1071 3280 1159 3336 danis
1173 3280 1336 3353 utquisque
1351 3279 1444 3336 tidelis
1462 3279 1604 3351 judicium
1622 3280 1673 3334 liei
1703 3285 1785 3335 cante
1812 3280 1923 3334 intuea-

173 3361 311 3431 ruminat,
335 3364 481 3434 quomodo
496 3365 587 3436 possit
609 3366 755 3423 Christum
781 3369 939 3440 amplexari
952 3388 1019 3427 cnm
1072 3375 1130 3435 tur,
1146 3374 1302 3440 etercepta
1327 3375 1509 3441 quartaque
1527 3367 1698 3440 crystallinis
1719 3369 1923 3424 calceamentis

174 3449 254 3504 amni
274 3449 425 3507 devotione
451 3453 555 3508 ardens
572 3454 603 3509 in
624 3454 686 3526 ejus
712 3471 822 3523 amore,
839 3458 1018 3516 hochabans
1073 3457 1147 3512 mira
1168 3458 1254 3514 modo
1285 3457 1444 3514 lucentibus
1467 3460 1631 3526 calceatnr;
1656 3457 1795 3529 qnoniam
1817 3457 1867 3513 illa
1891 3459 1923 3512 in

173 3537 205 3592 in
223 3537 364 3595 oblivione
385 3541 462 3613 qnod
492 3541 523 3595 in
550 3544 781 3614 concupiscentia
807 3548 901 3602 carnis
925 3548 956 3604 in
976 3567 1032 3603 ar··
1072 3546 1219 3602 volontate
1234 3563 1286 3602 sua
1311 3545 1561 3618 seconstringens‚
1587 3546 1681 3618 pergit
1707 3545 1922 3602 lucidissimum

174 3625 244 3680 dore
276 3625 403 3684 incendii
436 3628 538 3702 fragile
574 3631 605 3686 in
638 3631 758 3688 homine
786 3639 838 3704 est,
874 3636 925 3692 nni
955 3636 1018 3691 aiio
1072 3635 1127 3691 iter
1140 3634 1255 3702 Christi,
1271 3635 1311 3690 ita
1326 3639 1448 3690 mortem
1460 3635 1547 3690 etiam
1567 3634 1596 3689 in
1608 3651 1638 3690 se
1659 3633 1722 3704 ipsa
1737 3649 1787 3706 par
1799 3633 1923 3706 igneam

173 3730 261 3785 quem
284 3732 433 3788 nunqnam
456 3724 607 3790 peccatum
621 3721 715 3794 tetigit
742 3724 904 3791 adhaerens,
920 3725 967 3782 cni
990 3732 1019 3781 et
1073 3723 1203 3780 ardorem
1218 3722 1341 3794 Spiritus
1368 3724 1459 3778 sancti
1486 3723 1638 3780 sullocans.
1668 3723 1750 3788 Quod
1765 3727 1864 3778 autem
1890 3723 1923 3778 in

173 3804 235 3858 sine
262 3805 343 3860 omni
382 3809 609 3880 concupiscentia
645 3812 739 3866 carnis
780 3816 934 3880 conjuncta
964 3820 1019 3884 est,
1072 3812 1181 3868 eisdem
1206 3811 1361 3868 uirtutibus
1387 3818 1430 3867 est
1452 3810 1673 3868 dissimilitudo:
1699 3800 1754 3866 hoc
1776 3816 1820 3866 est
1843 3815 1922 3880 quod

174 3907 288 3963 semper
309 3909 376 3950 cum
401 3894 452 3952 illo
479 3898 586 3952 ssorens
608 3898 639 3953 in
662 3899 768 3971 gandia
795 3901 938 3971 regaliam
964 3918 1019 3957 nu·
1072 3900 1202 3974 quamuis
1217 3900 1302 3956 unius
1316 3900 1403 3956 stadii
1418 3899 1639 3956 unanimitatem
1668 3899 1803 3968 habeant,
1823 3906 1921 3956 tame-1

172 3980 308 4051 liliatum·
1072 3987 1183 4044 diaerm
1196 4003 1284 4058 opera
1297 3987 1329 4043 in
1342 3988 1510 4044 hominibus
1520 3994 1686 4061 operantur.

210 4069 291 4124 Nunc
309 4075 405 4125 autam
419 4074 498 4143 quod
512 4074 731 4131 similitudinem
761 4076 792 4131 in
806 4077 949 4149 praedictis
961 4078 1018 4134 rir-
1107 4076 1225 4145 Propter
1239 4075 1317 4145 quod
1340 4080 1369 4130 et
1389 4075 1483 4148 prima
1511 4075 1606 4146 imago
1623 4075 1775 4148 praetendit
1800 4075 1920 4131 humili-

176 4155 285 4211 tatibus
315 4156 403 4224 vides,
428 4159 469 4214 ita
486 4162 561 4231 qood
592 4179 692 4219 omues
712 4168 744 4218 ut
761 4170 790 4220 et
810 4165 876 4220 aliae
900 4167 1019 4223 virtutes
1072 4167 1176 4218 tatem:
1193 4177 1258 4232 qum
1273 4163 1407 4232 primitus
1430 4163 1534 4220 Filium
1559 4163 1609 4218 liei
1631 4163 1835 4230 manifestarit,
1852 4179 1921 4218 cnm

174 4259 240 4313 quac
253 4260 341 4314 supra
356 4247 408 4301 tibi
422 4249 625 4305 demonstratae
642 4256 709 4306 sunt
731 4253 819 4307 veluti
836 4254 962 4309 aestibus
981 4271 1018 4311 ex
1039 4253 1060 4308 ll
1076 4252 1149 4306 heus
1175 4251 1226 4321 qni
1240 4250 1344 4306 coelum
1364 4253 1513 4306 ulterram
1543 4252 1572 4306 in
1598 4267 1650 4306 sua
1675 4251 1762 4308 habet
1776 4255 1920 4322 potestate

174 4332 267 4387 serico
281 4332 459 4390 indnuntur:
473 4337 527 4393 hoc
551 4340 686 4410 estquod
703 4341 735 4396 in
753 4340 855 4397 ordine
874 4359 925 4398 sna
940 4343 1017 4415 piam
1074 4339 1276 4404 l'iliumsuum
1291 4338 1406 4394 mittere
1418 4339 1455 4396 ad
1478 4345 1568 4395 terras
1587 4356 1645 4394 non
1664 4340 1835 4412 dedignatus
1862 4345 1920 4396 ost.

174 4420 393 4479 unanimitatem
412 4423 461 4479 illa
474 4426 630 4482 luminaria
643 4428 673 4482 in
698 4429 843 4484 mentibus
866 4430 1017 4488 hominnm
1073 4428 1151 4484 Unde
1164 4428 1250 4483 etiam
1265 4431 1362 4498 portat
1382 4443 1515 4483 coronam
1531 4443 1648 4484 auream
1676 4428 1762 4500 capiti
1778 4445 1831 4484 suo
1859 4429 1920 4484 im-

174 4516 287 4579 perant,
317 4510 403 4567 etiam
438 4515 584 4584 quomodo
614 4515 734 4588 reliqum
756 4517 877 4574 virtutes
901 4517 933 4574 in
958 4522 1017 4576 lieu
1072 4517 1206 4587 positam,
1243 4521 1300 4571 tras
1333 4531 1430 4572 ramas
1461 4516 1545 4571 altius
1570 4520 1713 4573 exstantes
1741 4517 1920 4586 habentem

173 4599 326 4655 mollitiem
349 4599 595 4672 indumentorum,
623 4605 653 4660 id
687 4611 731 4661 cst
756 4605 905 4663 lenitatem
929 4608 1018 4663 dero-
1072 4605 1210 4675 quoniam
1233 4605 1296 4675 ipsa
1319 4609 1435 4660 caeteras
1464 4605 1581 4662 virtutes
1598 4607 1772 4676 praecellens.
1804 4612 1832 4660 et
1857 4623 1921 4660 sue·

173 4683 261 4740 tionis
285 4686 316 4742 in
348 4690 526 4760 respectione
560 4697 723 4749 sanctarum
756 4694 929 4762 animarum,
967 4711 1018 4750 aa·
1071 4693 1145 4748 riter
1159 4693 1329 4748 antecedens
1353 4701 1489 4748 coronata
1515 4699 1559 4748 est
1573 4709 1679 4749 corona
1699 4693 1920 4760 aurea,scilicet

173 4773 273 4843 pribns
299 4775 331 4832 in
362 4777 469 4833 duritia
499 4778 635 4835 vitiorum
671 4781 842 4849 carentium,
873 4781 1018 4840 habentia.
1072 4780 1278 4852 pretiosissime
1311 4786 1339 4836 et
1361 4781 1572 4854 fulgentissima
1597 4781 1794 4838 incarnatione
1823 4782 1919 4838 Salva-

173 4862 257 4926 Qnod
281 4869 378 4920 antem
397 4866 528 4937 quaedam
550 4867 623 4923 albis
646 4869 774 4924 crinibus
797 4873 904 4926 retecta
925 4871 1018 4942 capite
1072 4868 1151 4939 turis,
1171 4868 1221 4940 qui
1244 4883 1309 4925 eam
1335 4869 1417 4940 qrrasi
1431 4869 1463 4925 in
1485 4870 1587 4942 capite,
1604 4871 1632 4926 id
1659 4869 1748 4926 estin
1781 4870 1835 4926 hoc
1857 4886 1920 4940 my-

173 4955 202 5004 ct
216 4951 325 5023 absque
337 4955 443 5009 amictu
468 4956 622 5026 palliorum
640 4957 796 5014 incedunt:
815 4958 869 5014 hoc
883 4960 1017 5031 estquod
1072 4957 1159 5014 steria
1174 4973 1239 5013 cnm
1266 4957 1433 5013 incarnatus
1458 4962 1500 5014 est
1514 4959 1665 5014 decoravit.
1694 4959 1762 5024 Quae
1785 4959 1917 5028 triangu-

174 5039 232 5094 illae
247 5040 277 5094 in
297 5043 401 5112 copula
428 5032 560 5100 candoris
585 5044 757 5101 innocentiae
783 5047 1018 5118 ligaturamjon-
1072 5044 1140 5102 laris
1161 5045 1272 5112 existit3
1294 5045 1363 5116 quia
1387 5046 1509 5102 trinitas
1522 5051 1576 5102 cst
1595 5045 1624 5102 in
1648 5046 1757 5102 raritate
1771 5051 1800 5102 et
1822 5047 1918 5101 unitas

172 5132 262 5183 ctnrae
284 5144 439 5199 pravorum
461 5147 577 5189 morum
604 5133 635 5189 in
659 5134 797 5190 memhris
815 5135 945 5190 tidelium
961 5137 1017 5192 lso-
1072 5133 1272 5201 ieiunitate,
1305 5134 1394 5190 l'ilius
1419 5134 1526 5190 scilicet
1555 5149 1622 5190 curn
1650 5135 1786 5190 Petraei
1809 5135 1919 5206 Spiritu

174 5216 287 5272 minum
314 5234 373 5274 non
401 5220 518 5288 habent,
551 5228 582 5277 at
606 5223 683 5294 quod
708 5223 797 5279 etiam
833 5224 1018 5281 smculmibus
1072 5228 1181 5290 sancto,
1206 5229 1422 5278 nnnsetaerus
1450 5225 1523 5278 liena
1549 5223 1647 5279 omnia
1673 5223 1813 5278 excellens
1830 5223 1916 5278 inal-

174 5303 275 5358 studiis
289 5305 472 5364 circumdatae
491 5323 549 5364 nan
563 5315 639 5374 sunt,
670 5313 790 5366 omuino
817 5311 959 5384 fagientes
974 5312 1018 5368 ri·
1074 5310 1197 5367 titudine
1220 5309 1387 5368 muniatis.
1409 5313 1442 5367 Et
1468 5311 1681 5383 pretiosissimis
1709 5311 1852 5382 lapidibus
1880 5312 1919 5364 ri-

174 5391 370 5450 cissitndinam
405 5395 550 5452 vitiorum.
579 5399 634 5456 Sed
669 5399 763 5471 prima
788 5415 869 5457 more
893 5400 1019 5456 leminea
1074 5400 1141 5456 aidis
1161 5403 1191 5456 ct
1218 5399 1299 5455 rubei
1324 5400 1429 5455 coluris
1449 5405 1479 5455 et
1497 5399 1569 5456 albis
1592 5399 1685 5456 baccis
1710 5400 1800 5455 multa
1827 5400 1919 5470 latget

175 5485 217 5533 ast
232 5479 325 5552 capita
344 5484 445 5551 aelata,
462 5485 558 5560 itaqua
578 5488 660 5563 quasi
678 5489 776 5545 casula
793 5494 930 5562 tauquam
955 5505 1018 5559 cry·
1073 5494 1194 5557 arnatu;
1225 5489 1363 5559 qnoniam
1384 5487 1485 5546 eadem
1514 5487 1677 5544 hnmanitas
1693 5488 1847 5544 Salvatoris
1870 5507 1918 5542 os·
