3984 6034
147 220 197 273 ssi
379 203 383 208 ’
874 219 900 274 s.
921 217 1158 275 llanEGARDlS
1851 219 1900 271 sss

147 351 288 417 homines,
309 350 427 417 scilicet,
452 351 990 425 subditoa'eorum,fustibusetliqnis
1008 352 1155 422 noidant,
1181 353 1232 409 sed
1259 353 1383 409 dicent:
1419 353 1467 410 Va
1494 352 1585 422 uotis,
1608 353 1678 426 quia
1703 353 1900 428 peccabimus!

145 444 304 504 coerceant,
330 445 474 512 quatenus
494 440 565 511 justi
582 441 660 496 liant.
677 442 712 495 Et
735 441 763 495 io
780 440 926 513 aliquibus
941 441 995 496 huc
1049 443 1164 512 (Tltreu.
1181 445 1221 513 r.)
1239 442 1298 514 lpsi
1312 457 1438 514 namque
1466 441 1502 496 de
1517 443 1662 514 preterito
1685 443 1792 498 timore
1820 444 1898 498 etde

146 528 345 600 complebitur,
372 527 450 582 uude
476 527 527 583 alii
558 528 651 583 territi
679 528 910 583 contremiscent.
939 528 994 586 Sed
1048 532 1196 603 praeterito
1211 531 1359 587 doloread
1373 531 1514 602 justitiam
1527 530 1778 596 confortabuntur,
1794 546 1896 602 quem·

146 615 509 688 tamensecundumquod
533 615 788 684 Eliaedictumest,
806 617 995 688 multijusto·
1048 620 1202 676 admodum
1232 619 1327 690 angeli
1365 619 1395 674 in
1424 635 1491 675 casu
1522 618 1629 674 diaboli
1657 619 1686 673 in
1716 634 1813 674 amore
1847 619 1899 674 Dei

147 722 210 761 rum
236 705 436 772 servabuntur,
458 705 509 777 qui
532 704 563 758 in
584 705 730 760 erroribus
755 704 815 759 istis
842 722 901 760 non
927 722 995 762 con·
1048 707 1201 763 confortati
1224 711 1301 761 sunt.
1326 707 1360 761 Et
1382 706 1422 761 sic
1444 711 1544 778 postea
1558 705 1589 760 in
1605 706 1769 761 bumilitate
1790 705 1896 770 vivent,

145 796 314 860 fundentur,
340 811 393 850 nec
429 810 447 848 a
483 795 679 850 fundamentis
716 794 775 849 suis
809 794 995 851 destruentur
1048 811 1100 850 nec
1115 795 1209 867 pravis
1232 794 1368 867 operibus
1407 796 1463 849 Deo
1487 793 1626 849 rebellare
1657 794 1783 865 cupient.
1803 794 1856 850 Sed
1880 811 1898 847 a

147 883 213 953 (111
223 886 294 957 Περ.
310 883 380 955 xix).
401 883 571 939 &dricturae
586 888 681 937 antem
703 883 758 947 isti,
776 883 807 938 in
821 885 995 957 incoeptione
1048 885 1146 939 multis
1171 883 1317 938 erroribus
1341 883 1468 955 purgati,
1485 882 1620 954 deinceps
1640 881 1670 936 in
1685 881 1840 938 fortissima
1869 881 1897 934 ri

146 973 320 1028 seductionis
342 973 447 1028 erroris
470 972 514 1026 aui
538 972 706 1027 mulieribus
729 973 850 1029 dicant:
874 975 936 1028 Non
957 975 994 1030 li·
1048 971 1228 1028 rectitudinis
1243 971 1405 1042 persistent,
1428 970 1476 1026 sed
1496 977 1525 1025 et
1549 971 1633 1026 multi
1655 969 1786 1026 homines
1808 969 1896 1025 mira-

146 1065 191 1116 cel
217 1076 266 1115 vos
299 1061 448 1115 nobiscum
475 1077 547 1116 asse.
575 1061 628 1116 Sed
660 1060 797 1132 quoniam
826 1067 918 1117 rectos
942 1064 993 1118 do-
1047 1061 1167 1126 buntur,
1185 1061 1337 1132 quodiam
1360 1061 1453 1115 valida
1475 1065 1630 1131 tempestas
1652 1060 1725 1114 banc
1746 1060 1896 1114 lenitatem

146 1156 239 1204 ctores
267 1165 326 1203 uon
347 1147 468 1216 habetis,
492 1148 575 1203 nobis
597 1150 729 1217 obedite,
755 1156 784 1204 et
813 1168 994 1225 quacunque
1047 1148 1242 1217 proecucurril.
1270 1148 1404 1203 Homines
1427 1152 1523 1202 tutem
1546 1148 1596 1219 qui
1610 1151 1676 1202 anto
1686 1153 1817 1218 tempora
1839 1148 1895 1201 ista
1989 1177 1990 1184 .

146 1237 226 1292 robis
242 1237 365 1292 dicimus
388 1243 417 1291 et
430 1238 626 1308 praecipimus,
641 1238 735 1305 facite,
752 1243 781 1293 et
805 1239 889 1295 salve
903 1241 992 1295 eritis.
1046 1235 1173 1302 fuerunt,
1189 1236 1294 1291 multas
1311 1241 1338 1290 et
1353 1236 1459 1290 validus
1484 1251 1598 1306 pugnas
1614 1237 1713 1290 contra
1734 1235 1895 1290 voluntates

149 1327 181 1381 ct
208 1325 263 1380 hoc
290 1326 375 1381 modo
403 1325 525 1381 feminas
551 1325 604 1380 sibi
628 1327 810 1396 contrahunt,
834 1336 863 1383 et
888 1345 936 1384 eas
963 1330 993 1384 in
1048 1340 1113 1378 suas
1128 1324 1158 1378 in
1181 1325 1317 1395 periculis
1339 1324 1470 1394 corporis
1490 1326 1533 1378 sni
1549 1324 1762 1388 sustinuerunt,
1783 1329 1812 1377 at
1831 1325 1897 1394 qui-

147 1428 274 1468 errorem
295 1429 379 1468 suum
398 1415 516 1468 ducunt.
534 1415 613 1470 Unde
628 1414 713 1469 etiam
736 1416 792 1486 ipsi
814 1417 843 1470 iu
858 1418 994 1489 superbia
1048 1413 1101 1468 bus
1122 1413 1234 1484 eripere
1257 1430 1286 1467 se
1312 1429 1370 1478 pon
1393 1418 1561 1484 potuerunt.
1587 1412 1641 1468 Sed
1669 1411 1699 1466 in
1718 1412 1897 1483 temporibus

146 1502 284 1556 tumentis
305 1501 395 1556 animi
420 1503 545 1557 dicent:
571 1504 676 1559 Omnes
700 1505 910 1575 superavimus.
939 1506 993 1572 Qui
1048 1501 1148 1555 vestris
1176 1502 1264 1555 mulla
1294 1501 1425 1572 inquieta
1450 1499 1523 1554 bulla
1547 1504 1665 1570 propter
1691 1499 1821 1569 proprias
1850 1515 1900 1551 uo-

145 1594 241 1644 tamen
262 1595 361 1661 postea
381 1591 488 1646 eisdem
513 1591 629 1647 feminis
650 1597 760 1647 secreta
782 1594 893 1648 luxuria
917 1610 993 1649 com-
1048 1589 1171 1644 luntates
1193 1594 1222 1644 et
1245 1589 1450 1658 incompositos
1466 1603 1560 1644 mures
1589 1592 1698 1642 vestros
1722 1585 1841 1653 bebetis,
1863 1587 1896 1641 in

145 1676 353 1747 miscebuntur,
367 1682 396 1732 et
410 1678 451 1733 ita
477 1677 613 1750 iniquitas
635 1684 663 1734 ct
690 1683 767 1735 secte
780 1696 881 1737 eorum
901 1681 993 1737 deun·
1014 1649 1034 1704 B
1049 1676 1153 1749 quibus
1168 1677 1273 1732 multas
1288 1676 1489 1732 tribulationes
1503 1675 1662 1746 patiemini.

143 1764 268 1820 dabitur.
300 1765 355 1820 Sed
383 1765 433 1836 qui
461 1781 537 1832 sum,
562 1766 626 1822 dico
651 1783 658 1821 ε
683 1767 729 1822 Sic
756 1767 992 1840 iniquitasque
1082 1765 1250 1836 Quicunque
1279 1781 1348 1835 argo
1377 1765 1504 1835 pericula
1530 1765 1585 1819 ista
1608 1764 1736 1835 ellegere
1762 1763 1894 1829 voluerit,

143 1852 325 1924 iniquitatem
340 1852 487 1924 purgabit.
503 1869 590 1924 super
610 1869 661 1907 vos
683 1854 815 1920 ducetur,
838 1855 912 1908 sicut
924 1855 992 1909 scri·
1046 1859 1142 1908 cavent
1159 1870 1194 1908 ua
1209 1854 1238 1908 in
1263 1855 1354 1908 oculis
1370 1855 1430 1908 suis
1452 1853 1491 1908 ita
1507 1853 1741 1919 contenebretur,
1763 1853 1839 1922 quod
1864 1853 1895 1908 in

142 1944 224 2010 ptum
235 1946 294 1995 est:
312 1939 412 1997 Posuit
421 1940 553 1995 tenebras
562 1939 717 1996 latibulum
729 1957 824 2003 mum,
832 1941 992 1997 incircuitu
1046 1943 1153 1997 ratibus
1174 1958 1372 1998 aerumnarum
1397 1943 1517 1997 istarum
1542 1946 1707 2012 occupetur.
1724 1940 1777 1995 Sed
1804 1957 1895 1995 unus-

141 2030 208 2098 ejue
221 2029 440 2086 tubernaculum
456 2029 529 2099 ejus,
552 2029 700 2084 {umbroso
722 2046 801 2101 aquo
822 2030 992 2087 inpubibus
1045 2030 1176 2100 quisque,
1202 2035 1344 2101 quantum
1374 2027 1549 2101 praevalebit,
1573 2043 1624 2098 par
1648 2029 1725 2083 buna
1753 2043 1842 2099 opera
1867 2031 1896 2082 et

141 2114 220 2170 ueris
246 2115 342 2185 (Paul.
363 2116 444 2186 xviv).
471 2112 542 2170 Nam
571 2117 647 2172 fleus
673 2132 761 2188 prava
788 2133 877 2189 opera
898 2123 991 2175 vestra
1045 2123 1205 2190 respectum
1220 2118 1305 2174 honre
1329 2117 1487 2172 voluntatis
1510 2117 1558 2170 illa
1580 2115 1682 2188 fugiet,
1705 2121 1734 2170 at
1753 2117 1827 2170 fleus
1842 2132 1895 2170 au-

124 2219 206 2275 ·qnoe
220 2204 328 2277 absque
351 2205 413 2259 luce
438 2209 515 2272 suut,
540 2205 692 2260 constituet
708 2205 744 2260 ad
765 2206 930 2274 vindictam,
959 2208 990 2262 in
1043 2206 1144 2261 xilium
1173 2221 1256 2260 suum
1286 2205 1328 2280 illi
1358 2204 1529 2277 providebit.
1555 2204 1691 2258 Diabolus
1713 2217 1839 2273 namque
1863 2203 1895 2257 in

142 2309 199 2363 qua
224 2309 255 2347 se
282 2292 401 2348 arobis
423 2293 485 2348 sine
507 2292 652 2364 adjutorio
671 2294 835 2360 abscondet,
851 2295 990 2366 quoniam
1045 2310 1131 2365 opere
1157 2295 1206 2350 Dei
1230 2310 1358 2349 errorem
1387 2293 1464 2358 fecit,
1490 2292 1577 2348 aliam
1600 2292 1630 2346 in
1660 2291 1753 2362 primu
1777 2291 1895 2345 bomine
1989 2333 1990 2366 ,

140 2381 305 2454 aequitatem
333 2397 422 2453 super
442 2398 493 2437 ros
515 2398 574 2437 non
606 2382 751 2448 clamabit,
780 2384 830 2437 sed
854 2399 904 2437 vos
931 2383 990 2439 ini·
1043 2381 1170 2454 iuoaepit,
1189 2383 1264 2436 uude
1292 2397 1409 2453 spumas
1432 2381 1565 2437 vitiorum
1589 2395 1706 2435 suorum
1731 2395 1818 2450 super
1836 2379 1895 2450 spi·

140 2486 214 2541 quos
227 2487 289 2526 esse
311 2471 396 2526 dicet.
422 2472 460 2526 lle
481 2473 552 2526 coslo
578 2471 657 2526 enim
678 2473 722 2526 lex
746 2476 775 2526 et
790 2471 921 2526 doctrina
935 2477 987 2539 est,
1042 2471 1157 2525 ritalam
1172 2472 1313 2542 populum
1338 2470 1461 2542 exspuit.
1483 2469 1537 2525 Sed
1555 2471 1630 2524 fleus
1650 2470 1791 2540 populum
1806 2483 1895 2539 quam

140 2559 171 2614 in
197 2559 302 2631 quibus
323 2558 399 2631 apud
421 2575 470 2613 ros
503 2559 632 2614 habitare
652 2559 761 2624 debuit,
787 2559 811 2613 si
838 2575 990 2615 ornamen-
1044 2558 1098 2614 sibi
1126 2559 1224 2630 elegit,
1259 2558 1289 2614 in
1322 2560 1495 2615 rectitudine
1527 2559 1661 2624 servabit,
1700 2559 1773 2613 sicut
1805 2557 1894 2611 etiam

140 2651 203 2702 tum
219 2648 357 2702 uirtutum
380 2652 409 2702 et
431 2646 563 2702 redolens
580 2648 680 2703 bertus
694 2647 862 2704 deliciarum
878 2649 987 2703 essetis.
1046 2646 1186 2719 quosdam
1212 2649 1343 2704 homines
1357 2655 1456 2704 contra
1480 2649 1668 2704 novissimum
1694 2661 1894 2722 erroremqser·

139 2736 193 2792 Sed
209 2736 317 2791 malum
340 2736 504 2807 exemplum
530 2735 561 2790 in
585 2735 730 2791 mentibus
744 2736 896 2792 bominum
910 2736 987 2803 estis,
1041 2741 1099 2802 vat,
1116 2740 1148 2791 ut
1170 2736 1253 2791 illum
1277 2736 1425 2806 dissipent.
1453 2736 1499 2791 Sic
1513 2734 1644 2790 diabolus
1665 2735 1695 2789 in
1710 2734 1800 2789 cauda
1816 2748 1894 2787 erro·

139 2838 205 2878 cum
220 2823 330 2877 rivulus
348 2821 433 2878 bonu.
448 2822 531 2876 famae.
546 2820 582 2876 de
597 2821 679 2877 vobis
694 2823 842 2890 confluit,
858 2823 988 2895 itaquod
1043 2821 1081 2876 ris
1107 2823 1194 2893 hujus
1220 2823 1422 2890 confundetur,
1450 2828 1479 2878 et
1501 2823 1574 2878 sicut
1597 2821 1715 2877 coluber
1735 2821 1766 2875 iu
1795 2835 1892 2875 caver·

139 2926 191 2965 nec
218 2911 316 2966 cibum
343 2911 379 2966 ad
413 2909 597 2976 vescendum,
627 2927 679 2966 nac
712 2911 915 2966 vestimentum
950 2913 985 2968 ad
1006 2925 1109 2996 cnam
1129 2911 1330 2978 abscondetur,
1353 2912 1432 2967 velut
1457 2911 1543 2966 etiam
1568 2911 1598 2964 in
1622 2911 1775 2965 novissimo
1797 2925 1892 2964 errore

138 2999 329 3069 operiendum
344 2998 375 3052 in
391 3004 468 3054 recta
481 2999 661 3070 respectione
677 2999 781 3054 animas
797 3000 919 3067 habetis,
936 3001 987 3056 sed
1041 2998 1072 3052 iu
1095 2999 1293 3055 confusionem
1312 2999 1441 3055 ducatur.
1473 3001 1547 3055 Deus
1574 2998 1651 3053 enim
1679 3013 1768 3069 opera
1790 3013 1842 3052 sua
1860 2997 1892 3050 in

138 3089 247 3160 injusta
277 3103 364 3160 opera
393 3086 500 3159 absque
529 3087 605 3142 boue
629 3088 767 3143 scentia.
794 3088 874 3144 Unde
895 3089 987 3144 bonor
1042 3086 1132 3141 Adam
1158 3087 1300 3157 previdit,
1325 3088 1463 3159 quamde
1485 3088 1556 3142 limo
1580 3103 1696 3142 carnem
1720 3091 1749 3140 et
1770 3103 1833 3140 ossa
1853 3085 1893 3140 fe-

136 3183 231 3232 sester
249 3176 366 3248 peribit,
389 3181 418 3231 et
431 3190 537 3230 corona
557 3175 593 3230 de
613 3176 706 3247 cupite
720 3182 814 3232 vestro
834 3178 925 3233 cadet.
942 3177 987 3234 Sic
1041 3175 1096 3242 cit,
1114 3191 1179 3230 cum
1205 3176 1231 3232 ei
1255 3176 1429 3248 spiraculum
1453 3177 1517 3230 vitas
1540 3176 1690 3247 inspiravit
1711 3175 1790 3247 (Gerr.
1806 3191 1825 3240 1,
1848 3175 1890 3245 u).

133 3263 247 3334 justitia
266 3262 409 3334 justitiam
434 3269 577 3334 provocat,
602 3270 631 3318 et
654 3264 760 3335 quaerit
783 3281 815 3318 ac
829 3271 988 3335 perscruta-
1042 3261 1096 3317 Sed
1117 3279 1182 3317 cum
1197 3263 1321 3334 Spiritus
1335 3263 1461 3319 bominis
1488 3263 1523 3319 ab
1539 3279 1573 3319 eo
1590 3264 1749 3330 recesserit,
1772 3278 1837 3318 caro
1863 3268 1892 3316 et

138 3358 185 3406 tur
198 3353 296 3406 omnia
313 3352 447 3406 scandala
469 3351 588 3420 (Mettis.
604 3355 680 3422 arur),
701 3358 733 3407 ut
756 3353 894 3424 scriptum
918 3360 984 3409 est:
1042 3365 1106 3404 ossa
1119 3350 1149 3405 iu
1165 3351 1290 3407 cinerem
1307 3356 1468 3420 vertuntur,
1494 3352 1543 3407 sed
1560 3358 1657 3406 tamen
1681 3352 1711 3406 in
1734 3350 1890 3406 novissimo

142 3441 347 3495 Verumtamen
360 3456 400 3495 oar
421 3437 531 3494 bomini
552 3456 605 3512 per
624 3456 708 3513 quem
725 3441 897 3497 mundatum
910 3442 987 3497 uenit
1040 3437 1087 3492 die
1115 3440 1340 3495 renovabuntur.
1365 3440 1447 3505 Quod
1468 3445 1564 3494 autern
1589 3441 1663 3494 Deus
1688 3438 1835 3494 bominem
1853 3439 1890 3492 de

137 3529 256 3597 (umet.
277 3529 375 3598 xviri).
402 3528 473 3583 Nam
493 3534 610 3598 oportet
625 3533 656 3582 ut
671 3545 723 3600 per
743 3530 945 3586 tribulationes
957 3535 987 3586 et
1040 3524 1110 3581 limo
1132 3527 1207 3596 lecit,
1224 3534 1349 3583 veterem
1373 3530 1467 3599 legem
1493 3529 1606 3584 homini
1619 3528 1744 3583 dalidam
1760 3528 1890 3598 prefigu-

135 3616 321 3672 contritiones
342 3632 430 3687 prara
450 3617 603 3672 bominum
625 3633 713 3688 opera
735 3623 906 3689 purgantur.
931 3619 985 3674 Sed
1040 3616 1121 3670 ravit.
1138 3616 1191 3671 Sed
1214 3618 1290 3688 quod
1313 3605 1388 3672 idem
1410 3617 1496 3672 bomo
1518 3618 1553 3672 de
1577 3618 1646 3672 limo
1670 3615 1698 3670 iu
1723 3632 1838 3670 carnem
1861 3621 1890 3669 et

135 3710 232 3760 tamen
259 3705 357 3761 multu
383 3720 519 3760 rerumnae
545 3711 574 3760 at
597 3705 656 3760 iltis
676 3709 905 3776 accumulantur,
934 3708 984 3778 qni
1038 3720 1103 3758 ossa
1126 3705 1259 3772 surrexit,
1284 3705 1441 3776 spiritalem
1467 3707 1560 3777 legem
1584 3706 1708 3761 ostendit
1734 3720 1820 3776 quam
1847 3705 1889 3758 lli-

135 3789 198 3846 aliis
217 3791 248 3846 in
270 3791 420 3863 impietate
451 3808 504 3848 sua
542 3792 824 3849 iniseriasinferuut.
850 3793 985 3849 infideles
1039 3791 1095 3848 lius
1111 3792 1160 3848 Dei
1176 3808 1228 3865 per
1248 3793 1435 3866 semetipsum
1458 3795 1564 3850 attulit.
1589 3795 1643 3859 Qui
1666 3794 1754 3850 atium
1770 3793 1887 3863 postci-

135 3886 230 3935 autem
256 3880 386 3936 homines
411 3881 469 3945 isti,
504 3886 531 3935 et
560 3897 577 3936 a
607 3882 722 3936 diabolo
750 3882 871 3950 seducti,
897 3898 984 3954 scopa
1038 3897 1137 3936 nerem
1169 3883 1364 3950 renovabitur,
1397 3888 1425 3937 et
1451 3889 1574 3939 aeternus
1605 3885 1669 3950 erit,
1699 3883 1729 3938 in
1757 3898 1814 3955 quo
1837 3881 1886 3938 de·

134 3973 229 4024 vestra
250 3975 335 4024 erunt
356 3969 392 4022 ad
408 3970 608 4040 castigandum
632 3986 691 4037 vos,
709 3970 777 4041 quia
799 3972 890 4026 Deum
912 3986 983 4042 pure
1038 3969 1256 4038 monstrabitur,
1271 3971 1348 4041 quod
1364 3986 1428 4026 cum
1448 3971 1567 4042 praemio
1592 3971 1750 4027 sanctitatis
1771 3975 1884 4046 etcum

135 4056 312 4124 concutitis,
328 4057 469 4114 ettaudtu
488 4073 540 4111 uos
561 4057 740 4124 cruciabunt,
764 4072 916 4130 quousque
933 4058 982 4129 J‘u·
1037 4057 1157 4129 premio
1183 4074 1258 4113 verre
1286 4059 1359 4130 legis
1384 4059 1485 4115 faciem
1507 4059 1649 4116 creatoris
1674 4059 1795 4127 videbit,
1818 4061 1886 4130 quia

135 4144 220 4201 stitioe
240 4150 269 4198 et
295 4143 463 4216 iniquitates
487 4151 589 4200 restria
616 4151 785 4216 purgentur.
811 4147 861 4202 isti
884 4152 982 4202 autem
1037 4146 1077 4201 ibi
1114 4161 1178 4200 vare
1213 4153 1365 4204 renovatus
1402 4148 1715 4220 est,quemadmodum
1745 4147 1883 4219 scriptum

135 4233 301 4305 deceptores
317 4232 360 4287 illi
379 4248 440 4287 nun
451 4239 529 4302 suut,
545 4232 596 4303 qui
614 4237 680 4288 ante
696 4233 883 4289 novissimum
905 4233 982 4289 diem
1002 4235 1083 4290 [lest
1099 4249 1106 4288 :
1126 4232 1235 4290 Emitte
1248 4234 1391 4306 Spiritum
1413 4242 1504 4300 tuum,
1523 4240 1552 4292 et
1565 4237 1748 4303 creabuntur,
1764 4239 1793 4292 el
1807 4251 1888 4290 reno

134 4321 250 4378 venturi
272 4327 349 4389 sunt,
374 4336 440 4376 cum
466 4321 599 4377 diabolus
619 4323 649 4377 in
673 4323 924 4392 altumvolareril,
953 4330 985 4379 ut
1037 4323 1117 4380 uobis
1138 4324 1351 4387 suuiemderra
1372 4327 1464 4398 (Paul.
1487 4337 1554 4396 crrrl.
1586 4327 1668 4393 Quod
1686 4327 1807 4382 dicitur:
1831 4326 1886 4392 Tu,
1989 4317 1990 4330 ¹

135 4409 198 4481 ipse
220 4409 251 4465 in
265 4409 350 4464 initio
370 4416 470 4465 contra
494 4411 649 4467 Dominum
667 4427 798 4484 pugnare
811 4412 898 4483 coepit
910 4413 982 4483 (Ira.
1039 4414 1124 4478 Deus,
1145 4414 1195 4484 qui
1215 4415 1313 4471 omniu
1327 4416 1440 4485 creasti,
1456 4416 1572 4472 emittes
1586 4417 1618 4470 in
1642 4415 1795 4472 novissima
1819 4415 1887 4471 tuba

136 4497 211 4569 riv),
228 4498 278 4554 sed
293 4513 473 4580 praecurrens
496 4513 614 4569 germen
628 4499 745 4554 iliorum
771 4505 847 4568 sunt,
877 4499 928 4555 sed
941 4505 984 4554 ta·
1038 4501 1176 4572 Spiritum
1199 4507 1293 4574 tunm,
1318 4509 1347 4558 et
1368 4504 1500 4560 homiues
1521 4505 1550 4558 in
1579 4503 1796 4560 immortalitate
1827 4518 1888 4558 sar·

136 4604 203 4643 uren
217 4592 371 4658 postquam
386 4587 443 4659 ipsi
457 4588 486 4642 in
500 4589 736 4659 perversitatibus
752 4590 818 4645 Baul
838 4592 868 4644 et
878 4588 909 4644 in
920 4589 985 4644 aliis
1038 4595 1123 4661 gent3
1140 4590 1180 4645 itu
1196 4592 1411 4662 quodammodo
1437 4598 1648 4660 concrescent,
1669 4607 1720 4648 nac
1746 4595 1887 4658 arescent,

136 4674 559 4748 prarisoperibussicinventi
578 4675 857 4748 fuerint,principes
884 4682 913 4731 et
934 4676 986 4732 aiii
1039 4691 1092 4732 uec
1119 4677 1150 4732 in
1173 4680 1262 4734 ullam
1287 4681 1472 4752 putredinem
1497 4687 1710 4737 convertentur.
1740 4679 1827 4735 Etsic
1843 4694 1887 4733 rc·

137 4763 264 4834 majores
286 4764 317 4819 in
332 4779 383 4819 cos
403 4764 524 4830 irruent,
547 4770 576 4818 et
593 4766 672 4819 velut
695 4765 810 4820 rabidos
832 4765 915 4838 lupos
936 4781 985 4820 eos
1039 4766 1157 4821 novabis
1168 4767 1269 4822 faciem
1283 4773 1378 4838 terrae,
1399 4771 1507 4826 scilicet
1521 4770 1599 4843 qued
1621 4785 1726 4841 corpus
1745 4774 1774 4824 et
1792 4769 1889 4824 anima

137 4852 276 4920 occident,
304 4853 469 4925 ubicunque
494 4869 544 4908 eos
570 4851 742 4909 invenerint.
774 4854 853 4908 Tunc
880 4869 986 4909 aurora
1038 4852 1070 4909 in
1097 4869 1157 4908 una
1182 4857 1300 4912 scientia
1327 4865 1356 4912 et
1380 4858 1410 4913 in
1426 4875 1484 4914 uua
1505 4858 1682 4930 perfectione
1710 4863 1805 4913 erunt.
1830 4859 1889 4914 lloc
1989 4901 1990 4906 ,

134 4940 255 5011 justitie
291 4947 320 4996 et
354 4942 510 4998 novissima
540 4949 645 5008 vestra,
683 4944 805 4999 meliora
841 4943 986 5014 prioribus
1041 4944 1115 4998 Deus
1142 4942 1237 5009 faciet,
1260 4945 1289 5000 in
1313 4962 1372 5019 quo
1388 4963 1441 5002 nec
1456 4947 1571 5004 initium
1586 4963 1638 5003 uec
1652 4947 1718 5002 finis
1742 4951 1795 5002 est.
1818 4947 1888 5000 Num

139 5035 235 5097 erunt,
250 5047 283 5086 ae
310 5030 346 5085 de
369 5030 505 5086 omnibus
532 5030 686 5102 praeteritis
709 5031 840 5086 timorati
854 5031 986 5097 eritis‚at
1040 5034 1114 5089 Deus
1141 5031 1173 5087 in
1197 5034 1309 5090 nullum
1338 5035 1463 5107 respicit,
1494 5036 1563 5108 quia
1590 5037 1652 5108 ipse
1677 5040 1754 5091 totus
1778 5040 1831 5091 est.
1859 5037 1891 5090 tt

140 5117 222 5187 quasi
237 5117 425 5188 purissimum
441 5133 546 5174 aarum
558 5117 718 5190 fulgebitis,
733 5124 763 5174 et
775 5119 815 5175 sic
830 5135 884 5190 per
898 5120 987 5190 lunga
1039 5119 1101 5192 ipse
1128 5120 1276 5178 huminem
1293 5123 1408 5189 creavit,
1439 5123 1469 5178 in
1493 5139 1580 5195 quarn
1604 5139 1676 5195 opus
1698 5128 1727 5178 et
1752 5121 1890 5178 miracula

140 5209 271 5276 tempora
293 5207 511 5278 permanebitis.
532 5207 603 5262 Nam
621 5206 716 5277 prima
735 5221 840 5262 aurora
852 5205 984 5278 justitia,
1039 5225 1090 5266 sua
1111 5209 1218 5281 posuit,
1235 5217 1263 5267 et
1276 5213 1323 5268 cni
1337 5213 1473 5285 quodque
1488 5212 1640 5268 {edificium
1656 5211 1795 5268 virtutum
1814 5226 1889 5267 com·

140 5291 170 5346 iu
190 5294 314 5364 spiritali
338 5295 448 5366 populo
468 5300 537 5351 tunc
557 5299 665 5365 surget,
700 5299 732 5349 nt
754 5293 888 5365 primitus
919 5310 986 5350 cum
1041 5296 1127 5365 misit,
1152 5315 1214 5370 per,
1231 5302 1321 5373 quod,
1349 5300 1380 5355 in
1405 5301 1531 5373 idipsum
1561 5301 1670 5366 tendat,
1704 5298 1782 5370 quod
1808 5299 1887 5354 idem

140 5396 229 5451 parvo
244 5397 367 5438 numero
392 5383 521 5454 incoepit,
547 5399 598 5438 nec
621 5383 676 5454 ipsi
702 5385 806 5439 multas
826 5383 984 5451 facultates,
1041 5387 1115 5442 Deris
1137 5386 1219 5442 valde
1244 5395 1332 5456 amat,
1362 5389 1428 5461 quia
1456 5389 1580 5444 charitas
1603 5392 1646 5443 est
1673 5389 1704 5456 (1
1721 5389 1810 5444 doun.
1832 5389 1886 5456 tv).

139 5483 192 5524 nec
206 5471 311 5526 multas
324 5471 437 5528 diritius
459 5472 564 5529 babere
581 5473 691 5540 volunt,
713 5489 779 5545 quie
803 5472 915 5528 animas
937 5488 986 5527 uc-
1041 5473 1112 5528 Nam
1129 5475 1204 5530 Deus
1218 5475 1283 5530 lacit
1298 5478 1375 5532 velut
1399 5475 1504 5548 aliquis
1528 5478 1746 5548 paterfamilias,
1773 5475 1823 5548 qui
1849 5473 1889 5529 fa·
