3984 6034
188 217 238 272 llb
925 218 953 275 S.
975 216 1210 274 tlltoEGnttots
1886 221 1937 274 tto

187 351 244 416 tua,
260 347 366 404 lamam
380 363 480 404 rerum
502 347 626 404 libenter
644 347 771 415 audieus,
789 347 824 404 ad
848 348 899 404 llei
926 348 1032 404 Filium
1091 369 1106 398 s
1136 349 1245 404 burum
1267 349 1351 406 uobis
1370 349 1456 406 aliter
1475 349 1578 419 vivere,
1602 366 1690 422 quam
1711 349 1761 422 qui
1789 366 1840 405 uua
1860 366 1937 420 prae·

190 436 279 505 venit,
295 452 427 509 quaereus
450 437 518 510 quid
539 438 666 493 facturus
688 443 782 492 esset:
808 438 857 492 sed
876 453 942 493 cum
966 453 1034 508 per·
1091 444 1272 503 acesserunt,
1281 443 1331 493 aut
1343 438 1494 510 qniadhuc
1505 438 1613 493 vivunt.
1624 439 1805 510 Quapropter
1815 438 1851 494 ad
1861 439 1937 494 illos,

190 525 296 580 fectum
313 539 484 596 responsum
509 525 671 596 accepisset,
687 524 717 578 iu
735 524 877 579 tristitiam
901 525 1011 580 corruit
1028 541 1035 579 ι
1091 546 1106 578 s
1123 527 1173 598 qui
1187 544 1241 581 uos
1256 533 1440 597 cognoscunt,
1457 527 1744 600 convertamur,quia
1755 527 1785 581 iu
1796 527 1858 582 aliis
1870 543 1939 597 per-

191 616 220 666 et
233 611 301 684 quie
320 627 387 667 cero
411 611 544 682 spiritum
564 610 720 678 suffocavit,
744 628 761 665 a
783 613 894 668 Christo
909 613 1035 667 recessit.
1094 636 1106 663 ι
1122 631 1251 670 severare
1266 616 1485 686 nonpossimos.
1500 616 1631 687 »Suoque
1647 617 1680 670 ad
1697 615 1848 688 prefatum
1864 632 1941 670 com·

191 699 293 756 Saulus
315 715 432 772 quoque
453 699 636 770 importunus
658 699 744 754 corde
776 701 910 755 indurato
938 705 1038 754 contra
1093 704 1794 776 munempopulumtil),etueciuillo,neciu
1817 705 1941 776 prefata

191 789 277 846 fldem
308 788 413 845 Christi
442 804 550 844 cornua
585 787 727 860 superbie:
749 790 861 844 erexit:
887 788 935 843 sed
965 791 1039 844 Deus
1091 794 1517 848 turriulliusutilitatis-eruut.
1537 794 1570 848 lit
1589 792 1942 848 inveravisiouaaudiri

191 876 274 932 illum
296 877 407 944 stravit,
423 876 516 932 carnis
542 876 719 931 voluntatem
743 875 773 931 iu
794 893 829 931 eo
846 877 1038 944 mortificavit,
1093 895 1189 935 vocem
1205 883 1239 936 ad
1250 881 1328 953 ipsos
1344 881 1485 937 dicentem
1501 899 1508 938 :
1523 883 1613 937 Omne
1625 898 1746 952 regnum
1757 880 1789 936 in
1801 899 1832 936 se
1842 881 1941 953 ipsum

192 971 221 1020 et
234 965 271 1020 ad
284 965 391 1022 bonum
416 981 483 1020 eum
505 967 655 1020 convertit.
671 965 729 1034 ligo
744 972 839 1020 autem
863 967 1040 1037 paupercula
1092 969 1216 1024 diuisum
1236 969 1418 1026 desolabitur
1434 973 1463 1025 el
1484 969 1585 1025 domus
1602 987 1694 1042 supro
1718 970 1833 1026 domum
1856 971 1945 1026 codol

191 1054 284 1109 forma
302 1055 352 1108 hos
367 1053 512 1124 precipue
537 1053 621 1108 dilexi
647 1059 676 1108 et
697 1054 834 1120 invocavi,
851 1054 902 1126 qui
923 1070 1039 1109 carnem
1095 1060 1175 1129 (Luc.
1192 1059 1240 1130 xv).
1262 1059 1294 1112 lu
1311 1059 1396 1114 tertio
1410 1065 1507 1129 auteur
1523 1059 1653 1129 ejusdem
1667 1059 1755 1113 turris
1777 1059 1943 1114 habitaculo

192 1158 273 1197 suam
287 1143 317 1197 in
334 1142 435 1214 spiritu
454 1141 628 1210 afflixerunt,
652 1148 681 1198 et
701 1142 737 1198 ab
760 1143 804 1196 his
823 1142 973 1210 declinavi,
990 1144 1041 1215 qui
1094 1148 1256 1203 communis
1268 1148 1392 1219 populus
1408 1149 1471 1214 luit,
1488 1147 1539 1220 qui
1561 1148 1714 1218 multiplici
1738 1163 1835 1202 amore
1856 1150 1945 1202 verba

192 1246 222 1286 se
241 1237 341 1286 contra
364 1231 498 1302 spiritum
522 1230 740 1297 induraverunt,
760 1237 864 1285 etcum
880 1230 1041 1286 suffocave-
1097 1236 1156 1305 llei,
1173 1251 1238 1307 que
1252 1236 1287 1291 de
1303 1253 1369 1291 vera
1381 1236 1490 1291 visione
1506 1235 1699 1307 proferebam,
1722 1237 1832 1302 dilexit,
1855 1253 1888 1290 ac
1911 1237 1943 1291 in

193 1324 272 1375 runt.
288 1321 343 1375 Nec
368 1335 498 1390 uuquam
522 1319 663 1390 requievi,
687 1319 735 1373 aad
760 1318 791 1374 iu
809 1319 1042 1374 tribulationibus
1095 1324 1329 1379 tribulationibus
1352 1324 1422 1380 mihi
1450 1325 1550 1393 astitit,
1574 1325 1816 1396 quemadmodum
1845 1325 1945 1397 publi-

187 1408 324 1480 plurimis
339 1407 458 1479 fatigata
472 1407 523 1474 lui,
541 1409 739 1463 douecrorem
753 1408 853 1479 gratie
872 1423 933 1462 suae
954 1422 1042 1479 super
1095 1412 1159 1468 cani
1182 1412 1293 1468 Christo
1314 1412 1507 1467 adhaeserunt.
1535 1412 1638 1469 Sedet
1666 1414 1749 1467 tertia
1772 1414 1858 1467 turris
1886 1414 1944 1468 tria

193 1513 240 1552 me
265 1497 348 1568 pluit.
375 1497 449 1551 sicut
469 1495 604 1550 familiari
626 1512 678 1549 suo
700 1496 797 1551 dixit:
822 1494 963 1551 Inimicus
992 1511 1042 1550 ero
1095 1501 1312 1572 propugnacula
1334 1501 1473 1568 habebat,
1497 1516 1621 1572 quorum
1653 1503 1779 1572 primum
1810 1502 1942 1573 ligneum

190 1583 318 1640 inimicis
330 1583 399 1651 iuis,
415 1586 443 1637 el
457 1581 621 1654 ufstipeutes
635 1586 662 1637 le
674 1583 811 1656 affligam
824 1587 852 1639 et
861 1583 1001 1656 precedet
1015 1588 1043 1638 le
1095 1589 1160 1658 fuit,
1181 1589 1339 1644 secundum
1365 1605 1399 1643 ex
1423 1587 1600 1660 fulgentibus
1627 1590 1769 1661 lapidibus
1792 1596 1941 1658 ornatum,

190 1674 311 1745 angelus
323 1671 517 1742 meulezod.
533 1675 638 1745 xxvur).
657 1673 690 1727 lit
703 1673 808 1729 iterum
824 1690 831 1728 :
848 1673 967 1730 Famulo
977 1688 1040 1729 meo
1058 1667 1210 1733 Btertium
1232 1678 1267 1733 da
1286 1677 1349 1748 sepi
1369 1677 1486 1732 factum.
1510 1677 1595 1733 Aliud
1617 1683 1714 1732 auteur
1737 1677 1891 1732 editicium
1911 1677 1945 1731 in

188 1761 311 1831 prestiti
328 1763 462 1816 tonormn
485 1777 639 1834 magnurm
661 1764 689 1816 et
710 1777 808 1818 omnes
830 1761 961 1817 inimicos
976 1761 1039 1833 ejus
1094 1766 1203 1822 visione
1228 1765 1299 1821 mibi
1328 1767 1499 1821 occultatum
1529 1771 1582 1834 est,
1612 1766 1653 1821 ita
1679 1767 1756 1837 quod
1789 1765 1876 1820 verba
1906 1767 1945 1820 de
1987 1738 1988 1779 1

191 1849 345 1907 bumilioui
356 1852 384 1917 (1
399 1850 504 1905 Porol.
520 1851 598 1918 xvn).
620 1850 675 1907 Sed
691 1855 718 1905 et
733 1851 762 1906 iu
778 1852 911 1922 plurimis
925 1851 1040 1923 injuriis
1092 1871 1128 1910 eo
1155 1869 1233 1909 nunc
1257 1870 1315 1908 non
1344 1853 1408 1908 dico
1430 1870 1437 1908 :
1461 1854 1509 1909 sed
1537 1853 1564 1908 iu
1594 1870 1661 1908 varo
1697 1854 1804 1908 lumine
1835 1853 1943 1921 audivi,

194 1941 268 1994 lieris
287 1940 326 1995 itu
350 1954 397 1994 ure
421 1939 603 2006 constrinxit,
627 1941 703 2011 quod
724 1939 849 2012 cogitare
873 1955 929 1995 nou
953 1941 1041 1995 aude·
1093 1943 1281 2015 quodfutura
1298 1942 1533 2014 scripturaque
1554 1943 1589 1996 de
1609 1941 1658 1997 illo
1681 1943 1864 2009 exarabitur,
1888 1942 1945 1996 for-

192 2027 269 2094 bum,
286 2031 394 2098 quauta
412 2026 577 2099 benignitas
594 2027 693 2098 gratiae
709 2029 772 2100 ejus
794 2043 862 2100 erga
885 2044 930 2083 me
953 2028 1039 2095 toret,
1094 2032 1152 2085 tior
1165 2037 1195 2087 et
1207 2032 1391 2085 excellentior
1404 2031 1626 2102 precedentium
1639 2033 1705 2086 erit.

192 2131 258 2170 curu
287 2122 384 2171 tamma
415 2131 533 2188 magnas
565 2117 782 2172 contrarietates
812 2117 869 2171 illis
889 2132 1039 2172 occurrere
1129 2121 1172 2174 35.
1205 2139 1220 2169 a
1254 2117 1446 2190 subsequenti
1477 2119 1595 2174 demum
1629 2124 1758 2190 tempore
1791 2119 1940 2190 mysticam

193 2204 334 2271 ridebam,
357 2203 407 2276 qui
422 2204 535 2260 veritati
556 2204 607 2259 llei
631 2205 812 2260 resistebant.
834 2207 869 2261 Et
889 2207 924 2261 de
947 2206 1040 2261 tribu·
1092 2212 1122 2262 st
1144 2207 1295 2262 mirificam
1308 2207 1448 2262 visionem
1464 2208 1531 2273 vidi,
1546 2208 1586 2263 ita
1608 2208 1685 2280 quod
1710 2208 1809 2262 omnia
1833 2207 1942 2262 viscera

193 2291 347 2348 talionibus
362 2299 390 2347 et
400 2294 503 2364 prunis,
520 2308 591 2365 quas
608 2292 644 2347 dc
658 2309 742 2349 aereo
752 2297 846 2349 calore
862 2310 946 2367 passa
963 2311 1040 2361 sum,
1094 2312 1157 2351 ruea
1178 2310 1315 2351 concussa
1347 2300 1428 2362 suut,
1465 2301 1493 2350 et
1527 2296 1697 2350 sensualitas
1723 2296 1852 2368 corporis
1884 2297 1940 2351 mei

193 2395 298 2452 cerpus
320 2395 418 2436 meum
449 2381 489 2436 ita
519 2382 716 2436 conculcatum
747 2386 805 2448 est,
836 2382 909 2437 sicut
937 2384 1042 2438 limosa
1093 2384 1452 2455 exstinctaestquoniam
1475 2384 1594 2439 seleutia
1622 2400 1686 2438 meu
1708 2386 1738 2438 in
1764 2385 1854 2439 alium
1882 2401 1937 2439 mo·

193 2473 279 2537 terra,
303 2485 368 2524 cum
392 2485 467 2542 aqua
491 2470 717 2542 conglutinatur.
743 2492 755 2520 ι
780 2472 888 2543 blegne
912 2471 1039 2543 prolecto
1096 2474 1163 2528 darm
1187 2489 1323 2528 conversa
1346 2478 1397 2540 est,
1421 2473 1504 2544 quasi
1528 2489 1573 2527 me
1602 2472 1753 2528 nescirem.
1778 2474 1810 2528 Et
1831 2473 1865 2527 da
1892 2474 1942 2529 oei

194 2563 268 2611 esset
291 2557 421 2612 utilitatis
455 2557 592 2629 indagare
623 2558 824 2615 obscuritatem
857 2560 1041 2632 eloquiorum
1094 2562 1281 2633 inspiratione
1299 2561 1541 2632 inscientia[ms.
1557 2559 1718 2635 scientiam]
1740 2561 1844 2616 enimse
1869 2577 1940 2616 meae

194 2652 279 2701 tautae
310 2648 504 2714 sublimitatis,
530 2648 554 2702 si
586 2664 645 2702 nou
673 2655 745 2704 assat
774 2649 858 2704 uobis
887 2649 1039 2716 indictum,
1095 2650 1178 2722 quasi
1201 2655 1290 2722 gutte
1316 2650 1411 2702 erraris
1441 2649 1546 2719 pluviae
1582 2649 1805 2720 spargebantur,
1825 2648 1892 2720 quia
1913 2654 1942 2703 et

193 2733 289 2804 potius
317 2739 427 2789 textum
459 2734 602 2790 visionum
635 2742 739 2790 sauctae
778 2737 899 2807 virginis
928 2739 1041 2810 scriptis
1094 2738 1218 2809 Spiritus
1249 2743 1364 2792 sanctus
1397 2738 1535 2791 loannem
1572 2737 1781 2808 Evangelistam
1818 2737 1939 2804 imbuit,

192 2837 319 2892 uxamae,
347 2829 376 2877 et
407 2822 556 2878 historiam
583 2823 648 2878 vitoe
685 2825 747 2896 ejus
777 2825 920 2897 aliquibus
947 2827 1041 2882 verbis
1093 2843 1159 2882 cum
1179 2826 1214 2881 de
1235 2831 1349 2896 pectora
1371 2825 1438 2881 lesu
1462 2824 1713 2895 profundissimam
1738 2825 1941 2880 revelationem
1987 2862 1988 2883 r

192 2912 358 2982 explanare.
395 2912 510 2966 Exercet
541 2911 604 2982 [ms.
632 2909 790 2984 exerceret]
821 2914 898 2968 euim
922 2931 1039 2970 sensum
1058 2913 1179 2998 esurit,
1197 2913 1361 2967 ubisensus
1382 2913 1472 2983 ipsius
1496 2918 1594 2968 sancta
1615 2913 1764 2968 divinitate
1788 2913 1827 2968 ita
1850 2919 1942 2968 tactus

193 3003 334 3067 nostrum,
356 3004 392 3052 ut
412 2997 580 3070 fatigatione
612 2999 694 3054 tieret
723 3000 878 3056 dilatatus:
904 3008 934 3057 et
961 3005 1039 3075 quod
1094 2999 1233 3071 estquod
1260 2999 1396 3054 absconsa
1422 2998 1558 3070 mysteria
1582 3004 1611 3053 et
1638 3015 1726 3070 opera
1755 3000 1940 3070 apernit,1n

192 3101 295 3158 capere
327 3103 386 3142 uon
424 3092 521 3158 posset
550 3087 675 3157 otiosus,
708 3094 824 3159 caperet
850 3091 1037 3148 exercitatus.
1092 3086 1247 3160 principio.
1274 3088 1420 3159 iuquiens,
1441 3089 1507 3142 erol
1533 3087 1668 3155 Verbum,
1700 3093 1754 3142 etc.
1779 3088 1878 3158 (donn.
1907 3089 1939 3159 ι.)

194 3174 275 3230 Nunc
308 3189 395 3240 vero,
430 3174 498 3245 quia
534 3174 569 3229 ad
604 3175 660 3230 alia
691 3175 879 3260 festinamus,
914 3177 1040 3234 visiones
1095 3177 1165 3231 fiam
1181 3176 1314 3244 Verbum,
1335 3176 1412 3247 quod
1438 3181 1664 3230 antecrealuras
1685 3176 1746 3231 siue
1768 3177 1852 3231 initio
1874 3178 1940 3246 fuit,

193 3262 256 3334 ejus
292 3263 414 3334 carptim
452 3262 562 3317 intento
594 3263 704 3318 calamo
737 3265 961 3335 perscribamus3
999 3268 1040 3322 ait
1093 3271 1123 3321 et
1142 3266 1217 3332 quod
1234 3271 1332 3336 postea
1353 3265 1566 3328 sinalineerit,
1590 3280 1691 3319 omnes
1713 3272 1858 3319 creaturas
1874 3282 1943 3336 pro-

195 3351 299 3406 auim:
843 3393 850 3410 .
1093 3353 1193 3410 cedere
1219 3353 1315 3424 jussit,
1357 3360 1386 3408 et
1413 3369 1487 3424 opus
1520 3368 1605 3407 auram
1633 3353 1663 3408 in
1693 3368 1727 3406 ea
1750 3353 1941 3410 similitudine
1986 3380 1987 3411 1

227 3441 271 3494 st.
288 3461 299 3490 ι
316 3440 383 3494 Tres
403 3446 497 3495 turres
511 3439 542 3495 iu
566 3440 676 3496 visione
691 3439 876 3510 aspiciebam,
892 3457 944 3512 per
967 3458 1039 3514 quas
1091 3441 1237 3512 produxit,
1268 3440 1342 3496 sicut
1367 3440 1447 3497 faber
1469 3456 1542 3511 opus
1570 3457 1655 3496 sumu
1684 3439 1841 3496 fulminare
1861 3442 1941 3510 facit,

193 3527 339 3600 Sapientia
354 3528 487 3600 quedem
501 3530 612 3584 omulta
630 3529 700 3584 mihi
719 3529 919 3585 manifestavit.
943 3531 1039 3586 Prima
1092 3530 1161 3602 quia
1175 3531 1251 3600 quod
1267 3537 1333 3584 aute
1353 3544 1448 3584 evum
1470 3529 1499 3583 iu
1522 3529 1776 3600 predestinatione
1800 3546 1851 3584 stra
1872 3531 1940 3601 luit,

192 3617 247 3672 tria
263 3617 385 3672 habebat
399 3617 570 3673 habitacula.
589 3619 620 3672 lu
631 3618 724 3689 primo
735 3618 958 3690 nobilespuellae
972 3635 1038 3676 cum
1092 3618 1179 3673 modo
1194 3617 1345 3672 visibiliter
1366 3618 1510 3688 apparuit.
1537 3616 1617 3672 Unde
1639 3623 1668 3672 et
1685 3617 1772 3672 bomo
1790 3634 1863 3690 opus
1888 3620 1941 3674 Ilei

192 3706 365 3777 quibusdam
389 3705 454 3761 aliis
482 3711 573 3774 eraut,
606 3723 672 3779 que
702 3707 732 3761 in
758 3707 870 3762 ardenti
899 3708 1037 3764 charitate
1091 3706 1254 3760 cumomni
1277 3712 1410 3760 creatura
1438 3712 1500 3762 est.
1530 3705 1585 3762 Sed
1617 3711 1647 3760 et
1674 3705 1761 3761 homo
1789 3709 1942 3778 operarius

191 3795 277 3849 verba
296 3795 347 3850 Dei
363 3811 396 3849 ex
413 3811 463 3850 ore
480 3811 544 3850 meo
560 3795 724 3860 audiebant,
738 3799 824 3866 atque
844 3795 873 3850 in
887 3795 940 3851 hoc
955 3797 1038 3868 quasi
1091 3791 1260 3862 divinitatis,
1287 3799 1317 3847 et
1338 3793 1520 3848 obumbratio
1553 3794 1755 3864 mysteriorum
1786 3795 1836 3848 llei
1866 3812 1940 3863 esse,
1985 3802 1986 3833 1

191 3884 315 3939 esuriem
330 3900 444 3956 semper
454 3883 606 3940 habebant.
618 3885 672 3939 Sed
689 3901 717 3937 m
733 3884 859 3939 seeundo
875 3885 939 3940 alise
955 3902 1035 3958 quaa-
1090 3882 1223 3952 1111οοί11
1242 3882 1379 3938 omnibns
1404 3886 1532 3937 sanctam
1549 3882 1720 3936 Trinitatem
1744 3883 1868 3938 revelare
1896 3883 1956 3939 dt:

191 3974 256 4026 dam
273 3971 389 4026 stabiles
402 3978 432 4027 et
454 3973 599 4042 sapientes
622 3974 748 4039 luerunt,
765 3989 830 4043 quse
852 3973 882 4027 iu
904 3974 1037 4031 cordibus
1090 3969 1175 4036 citur,
1200 3985 1285 4041 quem
1315 3971 1389 4025 Deus
1417 3970 1453 4025 ad
1483 3970 1639 4042 imaginem
1665 3976 1694 4024 et
1717 3972 1940 4027 similitudinem

191 4059 249 4113 suis
269 4060 419 4114 veritatem
438 4059 488 4114 llei
511 4060 768 4130 amplectebantur,
802 4062 1034 4132 dicentescso,
1090 4071 1171 4110 suam
1194 4057 1269 4112 lecit.
1292 4057 1372 4114 Sictrt
1393 4057 1471 4112 euim
1498 4057 1608 4112 Lucifer
1628 4057 1659 4112 iu
1682 4057 1863 4128 malignitate
1888 4074 1943 4114 sua

192 4147 349 4219 aquandiu
366 4147 420 4201 ista
443 4147 593 4204 uobiscum
612 4150 850 4218 perseverabitis
876 4152 957 4207 liter
982 4153 1035 4208 hoc
1090 4146 1181 4200 Deum
1191 4145 1356 4217 dispergere
1372 4161 1429 4200 non
1452 4145 1555 4216 potuit,
1579 4144 1620 4199 ita
1643 4161 1697 4198 uec
1718 4151 1823 4199 statum
1847 4148 1942 4202 bomi-

191 4235 317 4306 fatigatio
333 4250 391 4290 non
413 4241 489 4290 suut.
511 4239 542 4291 ln
564 4235 649 4291 tertio
673 4253 739 4291 vero
761 4237 924 4293 habitaculo
947 4240 1035 4296 sortes
1055 4232 1136 4301 nnis
1150 4235 1296 4290 destruere
1316 4234 1430 4303 valebit,
1452 4233 1583 4304 quamvis
1604 4234 1634 4289 in
1657 4234 1750 4306 primo
1774 4234 1889 4291 tramine
1910 4236 1940 4290 id

189 4324 292 4379 armati
307 4339 340 4378 ex
356 4324 503 4378 communi
525 4325 632 4396 populo
655 4331 747 4391 eraut,
769 4328 819 4397 qui
832 4326 986 4384 vehemens
1002 4331 1036 4386 ad
1092 4324 1220 4378 1111111111·
1253 4323 1375 4378 Omnem
1407 4322 1505 4394 1111111111
1535 4322 1601 4395 lme-
1616 4339 1710 4388 ,11111111
1737 4322 1865 4396 qtteqtte]
1894 4325 1942 4379 di-

189 4427 242 4466 uos
266 4413 322 4467 iter
350 4411 498 4480 facientes,
528 4413 558 4467 in
588 4413 812 4471 admirationem
833 4417 868 4470 de
891 4418 1037 4488 predictis
1091 4415 1198 4466 clatum
1209 4417 1238 4465 et
1253 4411 1335 4466 verbu
1352 4411 1495 4482 Evangelii
1512 4412 1609 4482 hujus,
1624 4411 1700 4482 quod
1714 4411 1750 4466 de
1770 4411 1852 4467 initio
1868 4429 1939 4482 ope·

189 4500 338 4556 miraculis
353 4501 431 4557 ducti
453 4511 530 4569 sunt,
551 4517 714 4574 magnoque
739 4504 881 4560 desiderio
902 4522 935 4560 ea
957 4523 1035 4562 uma·
1091 4499 1263 4564 1111111151,
1280 4499 1939 4571 1111111111118111111111111111,1111111111111111·1

188 4595 300 4651 verunt,
315 4594 344 4645 et
360 4591 414 4646 hoc
429 4607 504 4663 saepe
518 4591 668 4660 faciebant,
683 4593 756 4648 sicut
770 4595 929 4650 communi,
945 4611 1036 4668 popu.
1090 4588 1166 4642 fecit.
1190 4588 1309 4658 vidique
1324 4588 1400 4659 quod
1422 4588 1523 4642 eadem
1550 4587 1713 4657 explanatio
1730 4587 1845 4642 initium
1868 4591 1941 4643 alte

186 4678 232 4734 lus
247 4679 277 4734 iu
292 4679 375 4734 firma
399 4684 427 4734 et
448 4679 515 4735 lorti
539 4682 612 4734 turri
635 4679 757 4751 alicujus
778 4682 915 4754 principis
931 4681 1036 4739 defen·
1088 4676 1148 4729 11113
1162 4675 1327 4745 Scripturas,
1348 4691 1414 4746 1111113
1439 4675 1561 4730 1111111111
1580 4675 1938 4735 111111111111111111.118111

186 4765 296 4822 sionem
320 4768 433 4838 quaerit,
450 4774 480 4822 ut
494 4767 530 4823 ab
545 4767 670 4823 inimicis
690 4769 846 4824 muniatur.
860 4771 890 4824 lu
909 4771 1034 4824 secunda
1088 4763 1215 4829 deberet,
1244 4763 1274 4817 111
1302 4778 1358 4834 que
1388 4763 1489 4817 1111111111
1519 4764 1709 4818 οονιιῑοῑίοοοε
1738 4771 1938 4819 creaturarum

185 4871 253 4911 veru
267 4858 341 4911 turri
355 4858 410 4911 tria
432 4857 596 4913 habitacula
618 4861 709 4924 erant,
727 4873 850 4928 quorum
873 4858 931 4911 duo
954 4858 1034 4913 arida
1088 4852 1177 4905 11111111
1189 4852 1318 4921 mysterii
1329 4852 1492 4923 querende
1506 4858 1601 4906 essent
1616 4853 1680 4921 (42).
1699 4874 1713 4903 s

186 4939 216 4995 iu
237 4941 364 4996 siccitate
386 4942 506 5002 fuerant,
530 4947 558 4996 et
584 4943 684 4996 eedem
708 4942 818 4998 siccitas
837 4941 922 5012 quasi
944 4942 1033 4997 densa
1122 4943 1166 4996 to.
1198 4941 1267 4996 Ecce
1296 4945 1438 5011 quantum
1471 4941 1627 4996 scribentes
1650 4940 1795 5011 progressi
1826 4956 1939 5009 sumus,

185 5027 292 5084 nebula
313 5030 478 5101 apparebat.
495 5030 527 5084 Et
547 5030 598 5102 qui
616 5030 647 5086 iu
667 5029 711 5086 his
733 5031 844 5085 duobus
861 5030 1033 5085 habitaculis
1086 5032 1201 5083 tautum
1222 5027 1306 5084 uobis
1329 5027 1490 5099 insignium
1514 5028 1668 5092 visionum,
1692 5033 1808 5084 actuum
1831 5034 1861 5083 et
1877 5045 1941 5084 ver-

185 5115 312 5184 fuerunt,
337 5117 366 5172 iu
389 5133 479 5174 uniam
503 5119 723 5182 consentientes,
746 5119 882 5174 dixerunt
901 5133 909 5174 t
929 5139 943 5170 o
963 5117 1030 5182 Quae
1085 5116 1188 5172 borram
1204 5121 1310 5172 sanctae
1327 5117 1445 5187 virginis
1457 5122 1557 5172 avectus
1571 5124 1614 5172 est
1626 5118 1770 5172 cumulus.
1784 5117 1816 5172 ln
1831 5116 1939 5188 quibus

186 5223 200 5255 s
225 5211 253 5258 at
276 5206 438 5277 undasuut
463 5206 528 5276 ista,
549 5223 613 5279 qnae
637 5207 720 5280 quasi
741 5207 776 5263 de
802 5209 858 5263 [lec
881 5206 1031 5279 loquitur?
1086 5223 1206 5261 summae
1234 5206 1335 5278 gratim
1357 5212 1437 5260 tanta
1464 5207 1600 5261 exuberat
1620 5205 1748 5260 doctrina
1770 5209 1799 5259 et
1819 5205 1937 5274 veritos,

220 5327 277 5397 (tt)
294 5328 396 5394 flictio,
418 5346 483 5401 qum
506 5331 552 5385 hic
571 5330 736 5398 imperfecta
759 5337 812 5390 ast,
835 5331 863 5384 in
888 5346 940 5385 ms.
963 5346 1029 5400 per·
1119 5331 1186 5402 (li).
1205 5331 1265 5384 ttrtc
1280 5345 1370 5401 usqua
1392 5333 1479 5385 codex
1503 5329 1680 5389 bodecensis,
1696 5345 1729 5382 ex
1753 5345 1811 5400 qno
1833 5330 1937 5384 lectio-

185 5399 256 5453 fecta
269 5406 311 5453 est
326 5402 380 5454 lum
394 5401 480 5456 modo
497 5417 503 5455 :
522 5424 532 5451 ι
551 5401 654 5472 Sicqua
673 5403 707 5454 au
726 5401 873 5470 proetmum
895 5417 1029 5458 crrrnmu·
1084 5418 1135 5458 nes
1149 5403 1290 5456 vadantes
1306 5403 1382 5455 dedi.
1404 5408 1440 5455 st
1461 5418 1582 5472 sequens
1603 5408 1698 5471 caput,
1713 5407 1739 5454 et
1766 5410 1843 5455 totus
1862 5402 1938 5456 liber

184 5485 250 5524 nem
264 5473 404 5542 populum
419 5487 449 5526 se
468 5478 682 5541 convertebant,
699 5478 782 5526 setc.
1084 5479 1187 5532 tertrm
1201 5473 1232 5528 in
1247 5472 1298 5526 illu
1313 5471 1404 5527 deest.
