3984 6034
149 206 200 268 775
889 194 916 251 S.
936 192 1173 253 tllttlttcattttts
1846 191 1900 242 776

150 338 193 393 De
211 340 320 408 septem
338 336 466 409 plorastis
483 333 520 415 ¹s're
546 330 667 416 disesia
685 331 802 413 circulis
810 333 879 387 rote
891 347 995 412 supro-
1013 334 1038 387 st
1050 330 1137 401 hujus
1164 332 1299 402 planetae,
1316 330 1367 401 qui
1388 329 1420 385 in
1442 328 1553 384 oriente
1576 328 1711 400 primitus
1725 328 1901 393 ostenditur,

183 407 265 463 ‘1²⁸⁶‘ae
270 408 301 462 in
308 406 445 479 malinii
458 406 601 461 duum&
614 404 771 459 intervallis
780 404 986 475 “PWWW
990 441 996 456 ·
1053 420 1191 491 quonim
1200 420 1241 475 ibi
1254 419 1302 473 lux
1316 418 1375 473 diei
1385 418 1525 490 procedit,
1540 417 1613 473 radii
1628 417 1809 473 tortitudinis
1829 432 1903 489 pre·

183 514 271 569 xxxi.
304 511 358 567 Sed
392 516 420 565 et
450 524 536 580 super
568 511 653 579 caput
689 506 835 578 predicta
864 504 999 577 imaginis
1053 509 1149 575 deant,
1165 522 1290 580 qnorum
1308 523 1384 562 unus
1398 507 1434 562 ad
1457 507 1547 563 solem
1568 506 1712 578 dirigitur,
1728 506 1902 561 illisucour

150 604 259 671 septem
272 599 395 670 planetae
421 612 535 651 sursum
567 594 739 650 abinvicem
753 592 895 664 designati
911 597 996 658 sunt;
1051 614 1118 654 rona
1131 612 1305 668 cursumque
1318 595 1409 669 ipsius
1423 601 1598 667 temperans,
1613 611 1650 649 ne
1663 594 1745 667 ignes
1759 611 1828 651 succ
1844 611 1899 649 su.

147 693 205 744 tres
219 687 249 742 in
263 688 370 742 circulo
388 701 445 741 uno
461 683 549 741 lucidi
565 682 650 755 ignis,
668 699 742 738 unus
757 680 844 737 etiam
859 681 890 737 in
903 681 996 751 subje—
1053 686 1224 759 prcmcdnm
1248 685 1382 740 excutiat,
1406 684 1460 741 scd
1483 700 1559 739 unus
1580 683 1617 739 ad
1639 683 1773 739 dextrum
1796 683 1903 755 podem

149 781 194 833 cto
212 774 255 831 illi
280 774 387 831 circulo
412 772 489 845 nigri
511 771 595 845 ignis,
622 776 679 827 tres
700 775 797 825 autem
812 770 844 825 in
869 768 998 841 subjecto
1052 773 1153 847 capitis
1167 772 1263 829 cancri
1276 773 1353 844 quod
1367 788 1386 827 a
1398 772 1492 844 eapite
1506 770 1636 843 leopardi
1650 771 1782 843 procedit
1793 770 1902 837 rediet,

149 864 192 921 illi
210 863 318 919 circulo
339 860 405 933 puri
429 860 553 929 retheris,
576 858 715 931 qnoniam
738 859 774 915 ab
790 858 900 913 oriente
913 857 999 915 initia
1052 864 1123 936 quia
1136 880 1152 917 a
1165 866 1246 934 parts
1260 862 1311 917 illa
1324 860 1371 917 cui
1382 866 1485 916 uentus
1505 860 1560 916 iste
1577 859 1677 917 obrius
1690 864 1735 915 est
1747 858 1825 915 idem
1840 861 1901 931 pla·

150 968 201 1009 sua
214 952 335 1024 quilibet
350 965 450 1007 eorum
472 964 599 1014 sumens,
614 948 743 1019 alterque
764 948 886 1002 alterum
908 946 939 1001 in
954 946 998 1003 al·
1052 956 1120 1007 ncta
1134 966 1264 1022 surgens,
1275 948 1389 1005 radium
1402 949 1438 1004 ad
1453 948 1543 1004 robur
1556 946 1730 1019 egressionis
1741 945 1821 1003 illins
1835 952 1903 1003 ants

149 1040 274 1097 titudine
301 1038 435 1095 circuitus
474 1038 519 1092 sui
546 1035 760 1104 transcendens,
795 1051 861 1091 eum
882 1050 998 1091 cursum
1051 1044 1080 1097 ct
1108 1043 1184 1095 retro
1198 1038 1368 1105 incedentia,
1382 1042 1412 1093 et
1443 1035 1631 1109 sprincipali
1654 1040 1741 1091 rento
1768 1035 1902 1100 orientis,

149 1144 235 1185 tuum
259 1126 456 1199 ⁰⁰mplelflrils
485 1125 590 1179 ilerum
611 1124 876 1189 V0t⁵¹1⁵⁰ri01120ffl2
891 1127 1000 1177 ultur-
1052 1128 1100 1184 cui
1113 1127 1284 1184 collateralia
1305 1130 1359 1193 est,
1384 1124 1566 1198 procedentia
1587 1123 1687 1190 mittit,
1708 1139 1775 1179 cum
1789 1124 1903 1179 stabili·

149 1232 214 1273 rere
229 1216 328 1288 possit,
356 1220 450 1271 ortum
474 1229 558 1269 suum
583 1214 695 1285 repetit.
711 1214 747 1267 Et
768 1218 825 1267 tres
847 1212 877 1267 iu
896 1210 999 1283 praedi-
1052 1219 1111 1272 tate
1124 1232 1176 1270 sna
1188 1216 1325 1281 retinens,
1346 1230 1383 1270 ne
1398 1215 1464 1285 ples
1477 1212 1717 1286 procedatquam
1736 1211 1789 1269 sibi
1808 1213 1902 1267 allec

150 1309 197 1361 cto
209 1304 305 1359 lucido
322 1302 399 1375 igue,
422 1318 496 1357 nnrrs
515 1300 600 1357 etiam
617 1302 648 1355 in
673 1300 801 1371 subjecto
823 1301 867 1355 illi
891 1299 997 1355 circulo
1052 1305 1223 1377 permissum
1239 1308 1292 1359 est.
1309 1306 1388 1361 Unus
1404 1317 1472 1357 earo
1487 1302 1525 1358 ad
1539 1302 1671 1357 dextrum
1685 1316 1777 1357 cornu
1792 1300 1901 1355 cervini

150 1393 225 1465 nigri
249 1392 343 1465 ignis;
371 1398 428 1446 tres
451 1394 548 1445 aulem
572 1389 625 1444 sub
644 1388 716 1459 ipsis
732 1390 762 1445 in
790 1406 862 1461 puro
890 1389 998 1443 rathere
1051 1393 1164 1465 capitis,
1188 1392 1366 1465 quodetiam
1393 1390 1546 1447 abeodem
1568 1390 1661 1461 capite
1684 1389 1815 1461 leopardi
1828 1390 1903 1457 exit,

149 1498 249 1537 cursus
264 1496 330 1535 suos
349 1480 467 1546 habent,
483 1478 620 1550 quoniam
637 1478 667 1533 hi
693 1478 743 1549 qui
763 1478 792 1533 in
815 1478 915 1533 eodem
931 1477 998 1549 igne
1052 1498 1083 1537 se
1099 1482 1235 1547 extendit,
1250 1480 1389 1552 qnoniam
1413 1480 1449 1535 ab
1463 1478 1516 1534 hac
1538 1484 1620 1549 parte
1634 1478 1762 1548 ejusdem
1776 1478 1905 1550 planetae

148 1573 274 1637 current,
292 1567 327 1622 sb
344 1568 405 1637 ipse
421 1566 488 1639 igne
503 1566 538 1621 ad
554 1565 634 1637 ignes
649 1582 715 1619 suos
730 1566 899 1632 excitantur,
911 1564 1000 1621 idem·
1055 1570 1152 1626 radius
1164 1570 1237 1625 alios
1251 1568 1379 1635 veniens,
1396 1567 1559 1624 tortitudini
1572 1566 1651 1623 venti
1666 1566 1763 1636 nujus,
1778 1567 1828 1639 qui
1842 1566 1905 1621 illic

149 1673 206 1729 que
234 1656 311 1729 ignis
334 1654 473 1711 ariribus
489 1655 606 1709 illorum
634 1653 669 1709 ad
692 1654 825 1709 ardorem
836 1670 921 1709 suum
934 1669 1002 1708 con·
1021 1638 1906 1731 Bprincipalirsutoegredilnrresistit,impulsusilliuseom·

149 1744 282 1813 fertatur,
298 1741 546 1815 quemadmodum
567 1742 646 1813 ligna
667 1742 702 1797 ab
717 1742 783 1814 igne
795 1742 996 1813 incenduntur,
1054 1764 1180 1820 pascens,
1195 1752 1337 1819 qnatenus
1349 1747 1435 1801 llatus
1448 1761 1516 1800 suos
1531 1745 1568 1801 ad
1581 1743 1783 1799 rectitudinem
1796 1759 1903 1799 conre-

149 1838 179 1889 et
194 1836 225 1887 ut
239 1832 314 1904 iguis
337 1847 389 1901 per
408 1832 488 1903 ligna
504 1830 538 1885 ad
561 1831 696 1887 ardorem
719 1832 880 1887 roboratur.
895 1832 927 1887 El
942 1836 1000 1885 tres
1054 1837 1159 1891 utentis
1181 1834 1358 1891 necessitatis
1378 1834 1501 1900 emittet,
1525 1831 1773 1905 quemadmodum
1792 1831 1837 1886 sir
1851 1832 1905 1903 qui

149 1928 224 1987 sunt,
240 1922 308 1994 qnia
323 1920 347 1975 si
360 1921 458 1991 plnres
473 1923 576 1987 essent,
595 1920 730 1975 eumdem
746 1920 844 1991 ignem
861 1920 947 1975 nimis
957 1935 1000 1975 er·
1053 1922 1287 1980 brachiainimici
1299 1923 1470 1989 suiretinet,
1483 1926 1618 1977 neeutse
1629 1926 1679 1976 sut
1689 1919 1761 1975 alios
1773 1919 1902 1987 occidat;

149 2010 219 2065 dere
234 2010 371 2077 lacerent,
394 2024 518 2080 eumque
534 2004 749 2063 circuitionibus
769 2008 827 2063 suis
843 2008 1000 2064 contunde·
1054 2012 1094 2067 sic
1107 2020 1239 2069 creatura
1252 2028 1304 2083 per
1316 2017 1480 2067 creaturam
1494 2010 1661 2066 continetur
1675 2014 1703 2064 et
1718 2024 1905 2081 unaqueque

150 2104 234 2167 rent;
264 2099 308 2153 rel
331 2097 353 2151 si
383 2098 533 2169 pauciores
552 2096 655 2165 forent,
681 2097 759 2153 idem
789 2097 875 2167 ignis,
900 2112 1000 2153 conve-
1054 2101 1091 2157 cb
1109 2101 1366 2156 alicauctcntatcr.
1391 2102 1416 2155 Α
1445 2098 1540 2154 madio
1570 2096 1778 2170 qucquesigni
1798 2099 1906 2168 plene·

150 2189 247 2243 niente
258 2185 407 2256 juvamine
422 2185 586 2249 destitutus,
596 2185 628 2239 in
642 2185 743 2241 ardore
753 2200 805 2239 sno
815 2189 997 2257 torpesceret.
1053 2193 1092 2245 tre
1105 2189 1233 2254 mundi,
1262 2192 1296 2243 ut
1316 2186 1415 2243 radias
1434 2186 1552 2259 quidem
1576 2202 1666 2257 super
1692 2186 1808 2257 signum
1832 2185 1904 2241 solis

149 2278 184 2333 lit
198 2276 309 2348 primus
335 2274 475 2346 spendore
492 2289 543 2329 suo
568 2274 751 2345 splendorem
780 2273 847 2328 solis
863 2273 996 2341 illustrat,
1053 2294 1084 2333 se
1106 2278 1241 2344 declinat,
1270 2277 1339 2351 qnia
1360 2277 1435 2331 vires
1464 2291 1530 2338 suas
1566 2275 1683 2347 planeta
1705 2274 1761 2330 iste
1779 2275 1903 2331 demon·

149 2361 556 2420 secundusreroardorcsuo
575 2360 707 2415 ardorem
727 2360 996 2428 subadministrat:
1053 2372 1147 2422 straus
1181 2365 1264 2421 radio
1285 2380 1338 2421 sno
1359 2366 1449 2421 solem
1482 2364 1635 2435 contingit,
1666 2378 1734 2419 eum
1759 2364 1796 2418 ed
1829 2364 1905 2419 leni·

148 2452 251 2509 tertius
266 2456 363 2507 autem
378 2465 462 2505 cursu
477 2466 530 2505 suo
543 2464 658 2505 cursum
669 2450 738 2505 solis
751 2448 786 2505 nd
797 2449 999 2505 rectitudinem
1053 2459 1142 2511 tatem
1164 2452 1339 2508 demulcens.
1365 2454 1459 2525 lthoe
1473 2452 1547 2509 allus
1561 2453 1598 2507 ad
1623 2455 1710 2524 ceput
1724 2450 1804 2522 agni,
1826 2450 1906 2521 quod

149 2545 283 2597 retentat.
308 2540 380 2595 Cum
400 2539 444 2593 lais
470 2538 548 2593 enirn
571 2538 613 2593 sol
632 2538 838 2605 circumdatur,
866 2538 1000 2611 dirigitur
1054 2540 1168 2613 asigno
1192 2541 1293 2613 capitis
1317 2541 1408 2597 leonis
1430 2540 1519 2609 venit,
1546 2540 1705 2611 agreditur,
1730 2538 1871 2609 quoniam
1887 2554 1907 2593 a

149 2635 178 2686 st
194 2629 349 2697 retinetur,
363 2630 505 2700 quatenus
528 2626 710 2683 firmamento
728 2627 867 2699 omnique
890 2626 999 2683 mundo
1052 2628 1123 2687 lorti
1135 2635 1218 2701 parte
1238 2630 1302 2701 ejus
1317 2629 1464 2696 claritatis,
1489 2628 1588 2685 radius
1615 2629 1650 2683 ad
1678 2628 1795 2684 initium
1818 2628 1908 2682 colla·

149 2725 259 2774 motum
275 2719 539 2789 temperamentum
568 2717 661 2770 calore
676 2716 936 2787 etsplendoresuo
951 2714 999 2771 tri·
1053 2720 1151 2775 taralis
1177 2719 1257 2775 renti
1288 2716 1542 2775 mansuetudinem
1575 2714 1763 2789 designantis,
1788 2716 1841 2787 qui
1868 2716 1907 2771 ds

149 2808 229 2863 buat.
254 2806 311 2863 Sed
334 2812 393 2861 tres
410 2804 461 2876 qui
475 2804 506 2859 in
520 2804 661 2875 predicto
682 2805 799 2871 aethere,
816 2804 999 2877 puritatema
1052 2808 1157 2880 majori
1178 2813 1263 2863 santo
1284 2807 1418 2863 australis
1442 2806 1537 2879 plagas
1562 2805 1702 2878 procedit,
1726 2804 1905 2871 extenditur,

151 2896 298 2968 superiore
312 2894 381 2965 igue
395 2898 424 2948 et
439 2908 456 2947 e
470 2892 629 2949 subteriore
645 2907 719 2963 eque
745 2891 879 2957 muenia,
895 2891 999 2946 discur-
1017 2926 1038 2983 0
1054 2898 1137 2953 illum
1164 2902 1266 2953 sensns
1288 2912 1324 2951 ns
1339 2895 1487 2951 leuitatem
1502 2912 1584 2950 susm
1597 2894 1633 2950 sc
1657 2893 1836 2949 ferociorem
1852 2894 1907 2947 im-

148 2990 228 3053 runt,
243 2985 280 3040 ab
304 2983 405 3039 eodem
428 2982 464 3036 ad
490 2981 645 3052 puritatem
660 2980 820 3052 splendoris
836 2980 1000 3035 examiuan·
1052 2990 1157 3052 mutel,
1185 2985 1235 3041 ssd
1249 2988 1281 3039 ut
1304 2984 1334 3040 in
1356 3001 1390 3040 ee
1416 2984 1478 3039 sine
1494 2982 1656 3056 petulantia
1669 2987 1843 3054 perseveret.
1871 2984 1906 3038 Et

150 3076 206 3143 tur,
226 3072 408 3145 puritateque
428 3084 479 3123 sua
494 3069 590 3139 ipsum
612 3066 799 3138 pertundunt.
814 3067 850 3123 Et
863 3082 919 3121 non
932 3067 998 3138 plu·
1054 3075 1127 3129 alius
1158 3074 1193 3131 ad
1216 3073 1382 3145 predictam
1404 3072 1513 3128 lineam
1536 3088 1603 3144 qnae
1632 3072 1664 3126 iu
1686 3070 1873 3127 firmamento
1888 3088 1907 3126 a
1978 3077 1979 3080 ’

149 3176 195 3217 res
209 3176 262 3215 nee
276 3158 425 3230 pauciores
445 3171 531 3228 quam
557 3160 614 3209 tres
637 3158 713 3223 sunt,
730 3154 865 3225 quoniam
880 3155 916 3209 ad
931 3170 998 3209 con·
1053 3162 1197 3235 principio
1220 3161 1368 3217 orientatis
1392 3160 1483 3233 partic
1518 3159 1644 3232 perclsus
1665 3166 1749 3227 cote,
1774 3159 1855 3215 velut
1868 3160 1906 3214 ad

148 3249 332 3304 tertationem
357 3244 492 3317 puritatis
517 3243 595 3297 illius
615 3259 668 3298 nec
684 3243 928 3314 superabundant,
944 3258 998 3299 uec
1053 3251 1143 3305 finem
1179 3249 1336 3305 occidentis
1361 3248 1451 3321 partis
1479 3249 1582 3320 ipsius,
1613 3262 1710 3303 rcrstu
1737 3247 1907 3319 septentrio·

150 3336 246 3393 minus
267 3334 424 3401 sullicinnt,
449 3332 499 3389 sed
522 3332 694 3403 congruenti
718 3338 947 3404 temperamento
971 3331 999 3387 ci
1053 3340 1148 3395 nalem
1163 3339 1226 3410 cjuc
1240 3339 1355 3410 plagam
1371 3338 1548 3405 extenditur,
1573 3335 1666 3407 capite
1694 3336 1763 3407 agni
1780 3335 1842 3391 juin
1855 3352 1906 3390 m.

149 3425 294 3490 assistunt,
326 3438 379 3479 neo
407 3419 606 3493 superfluitate
635 3422 731 3493 ipsum
759 3426 924 3493 aggravant,
946 3436 999 3475 nec
1051 3428 1149 3501 pcrius
1163 3428 1268 3499 posito,
1283 3426 1361 3499 quod
1375 3443 1391 3481 a
1407 3426 1489 3497 signe
1504 3424 1607 3497 capitis
1633 3423 1693 3479 ursi
1720 3424 1788 3491 exit,
1803 3424 1906 3495 dirigi.

149 3514 289 3569 tenuitate
303 3513 468 3567 destruunt.
483 3510 580 3581 Elqui
601 3510 631 3564 in
648 3508 748 3565 eodem
763 3511 870 3565 aethere
885 3509 998 3580 primus
1052 3522 1111 3584 tur,
1140 3514 1307 3587 significas
1321 3515 1409 3571 cuam
1433 3514 1511 3586 quod
1526 3529 1543 3568 a
1556 3513 1676 3569 robusto
1691 3512 1852 3583 spumosi,
1865 3514 1903 3567 ῃ.

57 3641 59 3656 .
150 3616 237 3674 snper
268 3601 367 3656 lunam
394 3604 446 3667 est,
479 3598 521 3653 illi
546 3598 581 3653 ad
612 3598 823 3653 incrementum
847 3598 995 3667 succurrit,
1051 3604 1108 3660 linc
1133 3608 1233 3659 tcncrc
1262 3603 1360 3658 radius
1388 3603 1516 3670 ccciccc,
1544 3602 1582 3657 cd
1607 3616 1761 3656 excursum
1781 3600 1904 3656 alterins

150 3704 272 3763 samque
283 3687 420 3761 protegit,
430 3702 466 3742 ne
481 3686 689 3757 supramodum
700 3686 888 3754 secundulum
901 3700 999 3741 secun·
1052 3691 1223 3749 collateralis
1242 3692 1331 3757 venti,
1360 3690 1412 3763 qui
1434 3691 1469 3747 de
1493 3689 1658 3762 supradicto
1682 3688 1792 3760 majore
1815 3694 1904 3745 vento

151 3772 996 3849 dusautem,quiproximusipsiexlslit,eamiudetrimauto
1051 3779 1282 3852 septentrionalis
1305 3782 1395 3853 partis
1423 3781 1491 3847 erit,
1524 3778 1648 3845 ducitur,
1672 3782 1904 3849 temperamento

150 3872 308 3930 conservet,
326 3882 362 3921 ne
387 3870 447 3920 tota
463 3863 643 3919 dissolvetur.
669 3863 720 3921 lsli
734 3864 832 3919 lunam
848 3863 930 3935 quasi
946 3863 999 3917 mi-
1037 3884 1104 3924 ·suo
1119 3868 1162 3923 illi
1175 3867 1321 3935 resistens,
1336 3870 1479 3940 qnatenus
1493 3867 1598 3938 equali
1621 3867 1708 3923 medo
1728 3866 1814 3922 ssatus
1830 3882 1902 3921 suos

151 3956 269 4013 nisterio
281 3970 332 4009 suo
346 3956 530 4025 percurrunt,
546 3950 808 4023 etsubsequnntur,
824 3966 946 4024 eamque
961 3951 996 4007 ad
1051 3956 1172 4011 emittat.
1198 3955 1320 4025 Signum
1341 3954 1429 4011 etiam
1452 3955 1529 4010 tertii
1555 3954 1710 4025 planctus
1732 3953 1828 4009 medio
1841 3955 1901 4019 sui,

148 4044 239 4100 totius
269 4041 369 4098 muudi
398 4044 659 4110 temperamentum
689 4040 820 4097 distincte
841 4044 870 4095 et
893 4055 995 4095 conre—
1051 4044 1297 4117 quamadmodum
1322 4043 1436 4099 radium
1450 4059 1543 4098 unum
1568 4043 1743 4115 adsignans
1768 4043 1835 4098 colis
1853 4059 1902 4099 ιχ.

150 4134 264 4191 nlenler
277 4132 473 4187 exhortentur·
1051 4132 1236 4205 tendit,quia
1258 4131 1306 4188 hic
1325 4132 1443 4203 planeta
1474 4136 1506 4186 nt
1531 4131 1705 4203 superiores,
1721 4130 1902 4187 roborator·

324 4290 341 4302 ..
882 4288 887 4299 ι
1018 4215 1186 4279 Dtitndinis
1205 4238 1263 4278 suae
1285 4224 1314 4276 et
1334 4221 1485 4292 splendore
1506 4220 1617 4292 proprii
1631 4218 1744 4275 ardoris
1762 4218 1817 4275 soli
1830 4221 1904 4273 assi-

150 4292 297 4363 (ΝΜΟ
318 4290 583 4373 ΜΨΡῙΨῘΜ
608 4292 663 4346 ⁰²⁰
681 4289 781 4371 ”mlii
798 4288 949 4371 ‚mmmm
967 4292 999 4345 ὑὶ
1052 4311 1110 4380 stit,
1126 4312 1211 4383 sique
1235 4309 1267 4366 in
1288 4314 1515 4381 temperamento
1529 4307 1685 4376 ministrat,
1700 4307 1780 4363 rclut
1799 4322 1903 4363 sersus

182 4365 367 4491 'gt-''ww‘’
381 4362 513 4435 ‘mm‘
525 4362 594 4429 'ml’
605 4363 633 4416 οἱ
645 4360 681 4416 de
693 4376 922 4433 ”mmmm
934 4360 997 4429 ‘sſs'
1050 4400 1167 4457 domino
1178 4414 1231 4455 sno
1255 4398 1389 4466 deservit,
1412 4413 1479 4455 cum
1493 4397 1528 4453 ad
1546 4412 1663 4453 omnem
1677 4397 1855 4452 reluctatum
1866 4397 1904 4451 il·

215 4452 249 4491 m
301 4474 309 4489 ⁰
1049 4489 1106 4545 lins
1117 4489 1250 4546 celeriter
1262 4492 1412 4560 promptus
1426 4490 1456 4541 et
1475 4490 1594 4559 paratus
1612 4490 1665 4542 est.
1687 4484 1785 4541 Alium
1800 4490 1902 4540 aulem

186 4580 288 4637 llllllll.
321 4579 424 4634 Versus
455 4581 584 4633 anstrum
604 4580 702 4633 autem
716 4575 751 4632 ad
776 4578 851 4633 latus
867 4575 996 4646 eiusdem
1050 4579 1085 4635 ad
1100 4576 1350 4651 caputcerpsntis,
1372 4576 1450 4648 qnod
1473 4592 1491 4630 a
1513 4575 1597 4647 signo
1615 4572 1820 4647 capitislecnis
1834 4589 1903 4644 pro-

151 4668 296 4740 imaginis,
313 4684 438 4723 necnon
458 4666 691 4738 etsubpedihus
713 4666 813 4737 ipsius,
835 4665 878 4720 sol
895 4664 996 4721 eodem
1049 4667 1135 4733 rudit,
1162 4665 1270 4738 dirigit,
1292 4666 1492 4721 demonstrans
1519 4664 1596 4736 quod
1617 4680 1635 4718 a
1657 4662 1762 4718 uirtute
1784 4677 1836 4716 soa
1849 4677 1900 4716 ra·

150 4760 236 4817 modo
256 4774 289 4813 ac
313 4756 414 4813 ordine
437 4756 566 4828 signatus
585 4760 616 4812 et
641 4754 804 4825 distinctus,
833 4754 864 4810 in
889 4753 995 4810 circulo
1050 4755 1114 4811 dius
1128 4754 1353 4826 adprincipium
1373 4752 1545 4810 collateralis
1563 4752 1642 4807 renti
1656 4767 1733 4807 nuno
1747 4750 1898 4816 astutiam,

150 4864 203 4905 suo
227 4851 355 4919 apparet,
378 4846 446 4917 quie
469 4848 498 4900 et
514 4844 551 4899 ad
572 4848 702 4900 anstrum
724 4849 753 4899 et
768 4844 803 4899 ad
820 4842 996 4899 occidentem
1050 4859 1127 4899 nunc
1162 4842 1345 4914 prudentiam
1371 4839 1558 4907 ostendentis,
1590 4839 1716 4912 quiade
1741 4837 1897 4910 principali

150 4937 250 5005 currit,
266 4951 325 4992 nun
349 4940 446 4991 tamen
469 4934 508 4988 ita
527 4938 560 4987 ut
581 4933 633 4990 sub
671 4932 792 5005 pedibus
807 4930 934 4987 bominis
948 4930 994 4999 sit
1048 4936 1136 4989 rento
1167 4931 1286 4987 australi
1311 4928 1455 4986 oriturae
1487 4928 1627 4993 extendit,
1650 4926 1795 4998 flatusque
1816 4925 1899 4981 illins

150 5026 200 5081 sed
215 5024 293 5097 quod
313 5024 342 5078 in
366 5022 514 5079 occidente
538 5037 603 5077 cum
617 5020 797 5077 revolutione
819 5018 996 5075 firmamenti
1050 5018 1268 5092 comprimendo
1291 5018 1406 5086 retinet,
1427 5033 1463 5073 ne
1491 5015 1699 5089 supramodum
1714 5015 1744 5070 in
1767 5014 1899 5071 motibus

150 5114 269 5171 occidua
293 5112 394 5169 mundi
419 5116 557 5183 peterse
575 5111 661 5183 plaga
676 5106 895 5181 septentrionali
906 5106 995 5163 decli-
1050 5108 1110 5165 anis
1125 5114 1280 5181 grassetur.
1302 5107 1357 5165 Sed
1380 5106 1471 5163 alium
1490 5107 1528 5163 ad
1542 5105 1692 5177 prefatam
1711 5104 1817 5159 lineam
1833 5120 1898 5158 rer·

150 5207 209 5271 nat,
232 5202 377 5257 etiterum
402 5199 434 5256 in
466 5200 576 5256 oriente
597 5216 663 5257 cum
687 5199 788 5255 eodem
811 5195 995 5253 lirmamanlo
1050 5202 1195 5269 snsceput
1221 5196 1373 5266 serpentis,
1389 5195 1464 5267 qood
1479 5209 1497 5250 a
1511 5194 1593 5266 signo
1620 5192 1724 5265 capitis
1738 5192 1898 5263 nrsiegre-

150 5296 291 5363 resurgat.
307 5291 340 5345 Et
354 5290 475 5347 emedio
487 5289 593 5346 summi
609 5287 686 5361 signi
700 5284 844 5359 primique
860 5285 994 5355 planete,
1050 5286 1147 5353 ditur;
1162 5285 1327 5357 prolongat,
1356 5282 1522 5356 significans
1536 5281 1616 5354 quod
1634 5281 1753 5337 etiams
1780 5285 1898 5337 strenam

149 5379 201 5451 qai
212 5394 299 5452 supra
312 5383 398 5451 caput
411 5378 540 5450 eJ’nsdem
553 5376 688 5449 imaginis
703 5376 832 5447 signatus
851 5377 904 5441 est,
917 5373 998 5429 velut
1049 5378 1130 5447 parte
1157 5372 1270 5429 ardoris
1282 5372 1328 5427 sui
1354 5371 1387 5427 iu
1403 5388 1461 5444 quo
1480 5370 1542 5443 ipse
1562 5370 1650 5443 riget,
1673 5369 1813 5442 splendor
1826 5385 1899 5441 quo-

150 5467 224 5523 radii
238 5467 354 5540 quidam
376 5471 491 5531 meunt,
508 5482 633 5539 quorum
651 5480 726 5523 unus
740 5462 777 5519 ad
796 5461 912 5535 signnm
926 5462 996 5519 solis
1049 5478 1106 5534 que
1122 5461 1159 5517 ad
1172 5460 1289 5517 initium
1307 5460 1480 5517 collateralis
1498 5459 1588 5527 senti,
1610 5458 1690 5515 velut
1702 5457 1899 5515 emolimet

149 5555 307 5625 descendit,
330 5554 494 5626 significans
514 5555 624 5628 quoda
642 5550 812 5608 tortitudine
827 5550 995 5623 principalis
1050 5549 1198 5606 acritatem
1224 5548 1254 5604 iu
1279 5548 1406 5605 motione
1430 5564 1483 5605 saa
1511 5548 1617 5621 saepius
1646 5545 1815 5612 exercentis,
1843 5542 1897 5619 qul
