3984 6034
90 220 147 273 reo
692 187 835 279 sensns.
850 252 885 263 -
902 204 967 278 ηὀ.
989 222 1038 291 in,
1060 224 1152 282 visio
1171 226 1239 283 ηιι,
1792 232 1845 289 rau

88 366 160 405 suas
174 364 263 423 quam
277 354 420 422 precepta
441 366 506 407 mea
524 353 615 411 sacnti
636 359 712 411 snut.
728 355 763 411 lit
776 355 817 411 sic
836 354 940 411 coelnm
959 358 1078 427 hrebit,
1103 359 1149 415 his
1169 359 1306 417 omnibns
1327 361 1359 418 in
1388 378 1524 435 magnam
1546 366 1786 439 tranquillitatem
1812 384 1845 424 ae

88 441 199 496 electos
221 438 251 495 in
276 439 398 511 gloriam
418 439 585 497 aeternitatis
603 444 716 518 recipit,
735 442 873 515 quoniam
892 444 939 514 ip·
995 446 1243 518 pulchritudinem
1268 449 1422 515 translatis.
1446 452 1500 507 Sed
1532 456 1561 507 et
1583 455 1625 509 sol
1647 459 1675 511 et
1706 453 1777 510 luna
1811 472 1845 511 ac

88 529 114 583 si
153 527 364 585 dominatorem
396 529 533 586 coelorum
560 531 732 601 dilexerunt,
756 538 784 588 ot
811 532 941 587 infernus
995 536 1097 603 atellae,
1114 537 1191 593 velut
1205 538 1404 609 pretiosissimi
1425 539 1535 610 lapides
1549 540 1580 595 in
1594 557 1676 611 auro,
1694 543 1736 598 ila
1756 545 1844 600 eliam

88 617 230 689 reprobos
252 617 394 685 absorbet,
418 618 485 689 quia
514 618 660 676 diabolum
685 637 744 676 non
765 621 940 693 abjecerunt,
994 623 1026 679 in
1053 624 1238 681 llrmsmenta
1261 628 1350 682 multa
1373 627 1502 683 claritate
1528 633 1557 683 et
1580 631 1704 686 maximo
1730 632 1843 702 hilgore

89 706 132 762 ils
155 706 287 761 omnium
306 707 479 778 gaudiorum
509 708 596 763 taulis
623 710 756 765 laudibus
778 709 808 765 in
834 710 941 765 coelesti
994 712 1166 779 rutilabunt,
1187 729 1241 770 nec
1254 714 1330 768 ultra
1350 714 1581 787 inquietudinem
1606 718 1845 775 circumvolutio-

89 795 187 867 gloria
209 795 420 862 resonantibus,
442 800 472 851 et
503 796 632 853 omnium
661 798 823 869 gemituum
854 798 941 854 tantis
994 802 1042 856 nis
1064 818 1124 857 suae
1138 802 1174 857 ad
1201 802 1279 858 diem
1302 802 1524 860 discernendum
1542 822 1559 859 a
1579 813 1662 876 nocte
1683 807 1843 877 habebunt,

89 883 250 939 ululatibus
273 884 303 939 iu
329 883 441 939 interno
465 884 583 951 exortis,
597 886 673 941 ultra
692 901 778 957 quam
798 886 941 941 humanus
994 890 1064 963 quia
1078 890 1160 947 linito
1183 891 1293 947 mundo
1305 893 1366 963 jam
1380 892 1412 947 in
1427 893 1663 950 immutabilitate
1678 900 1765 964 sont,
1789 896 1843 953 ita-

90 972 254 1028 intellectus
277 988 379 1044 capere
400 972 508 1041 valeal;
534 974 672 1045 quoniam
696 974 739 1030 illi
753 974 842 1030 vitam
856 980 966 1031 atem*
995 995 1052 1052 qus
1077 984 1107 1035 st
1134 979 1221 1037 nullia
1247 982 1375 1037 tenebras
1406 982 1497 1037 noctis
1520 983 1623 1038 amodo
1652 986 1844 1056 apparebunt,

89 1076 160 1117 nam
182 1061 339 1133 possident,
371 1066 400 1117 et
429 1060 478 1116 isti
509 1068 633 1117 mortem
657 1066 796 1118 aeternam
825 1063 939 1129 habent,
994 1067 1292 1139 qnoniamtuncdies
1311 1067 1478 1124 indeliciens
1498 1072 1551 1138 est,
1568 1074 1600 1125 nt
1619 1070 1845 1128 eliamioanues

89 1150 338 1221 quemadmodum
361 1148 391 1205 in
416 1150 567 1221 Evangelio
591 1150 783 1207 Filios-meus
800 1151 941 1223 loquitur,
994 1156 1116 1210 dilectus
1139 1172 1220 1212 meus
1247 1162 1369 1212 testatur
1395 1158 1518 1215 dicens:
1544 1162 1580 1215 til
1606 1174 1663 1214 noa
1687 1160 1767 1216 ultra
1787 1176 1845 1217 non

90 1236 442 1295 dieens21itibnnttliin
455 1237 634 1311 supplicium
648 1242 795 1309 atomum,
808 1238 941 1310 jecstiou·
993 1245 1059 1312 erit,
1079 1245 1183 1300 elnon
1205 1246 1325 1317 epehunt
1348 1245 1456 1301 lumine
1476 1246 1607 1315 tuamne,
1631 1263 1721 1319 neque
1749 1249 1842 1304 sotis:

90 1330 149 1383 tern
172 1326 204 1381 in
218 1328 311 1385 uitam
325 1332 472 1383 aternam.
489 1327 606 1398 (Molli.
624 1330 701 1399 xxv.)
727 1330 785 1384 lico
803 1329 860 1384 talo
877 1332 938 1384 ost:
993 1331 1132 1405 quioniam
1144 1332 1284 1390 Dominus
1296 1336 1372 1389 Deus
1380 1333 1559 1389 illuminabit
1567 1335 1636 1391 illos
1650 1336 1843 1409 (Apcc.xx11).

89 1416 146 1480 out
167 1416 198 1472 in
219 1416 363 1472 lenocinio
389 1416 520 1472 omnium
543 1417 686 1473 malorum
711 1418 810 1486 latent,
836 1433 887 1472 noc
902 1416 939 1472 si·
996 1424 1054 1477 llcc
1068 1422 1124 1477 lala
1141 1427 1208 1477 est:
1232 1422 1286 1487 Oui
1302 1423 1469 1477 thesaurum
1495 1424 1590 1491 babet,
1606 1440 1673 1479 eom
1696 1425 1843 1481 interdum

90 1505 169 1560 tiunl
184 1506 260 1577 quod
274 1507 385 1578 justum
401 1509 442 1560 est
457 1504 573 1560 haurire
594 1506 624 1559 in
647 1521 760 1561 summa
785 1504 939 1561 bonitate:
995 1510 1147 1577 subtrahit,
1181 1510 1328 1565 interdum
1360 1511 1448 1565 etiam
1473 1512 1604 1567 emittit:
1637 1512 1711 1567 sieut
1733 1518 1762 1568 et
1786 1530 1845 1569 nox

90 1609 144 1665 per
158 1591 214 1648 ilar
227 1592 405 1649 infidelitatis
418 1598 447 1649 et
462 1592 601 1665 nequitia
621 1610 680 1648 suae
695 1594 726 1648 iu
742 1609 841 1666 porum
857 1599 939 1649 aeler·
994 1597 1094 1653 lumen
1116 1599 1199 1667 calet,
1221 1601 1250 1653 et
1268 1604 1300 1654 ut
1322 1598 1384 1653 diss
1402 1599 1536 1654 tenebras
1561 1600 1653 1671 lugat,
1672 1600 1784 1656 homini
1802 1602 1845 1656 lu·

91 1698 137 1737 nee
162 1682 335 1753 perditionis
358 1681 572 1753 dimerguntur,
592 1682 751 1737 secuudum
778 1698 865 1754 opera
889 1698 940 1737 sua
995 1704 1062 1742 men
1087 1688 1218 1743 afferens.
1246 1688 1288 1743 lta
1309 1704 1367 1743 non
1393 1687 1448 1743 erit
1470 1688 1501 1741 iu
1516 1688 1718 1744 immutatione
1732 1694 1844 1761 tempo-

90 1768 246 1825 inlernalia
275 1772 419 1825 tormenta
444 1768 623 1842 recipientes.
654 1769 849 1827 AEdilicatores
872 1786 939 1825 vero
994 1792 1070 1844 reim,
1091 1776 1162 1847 quis
1175 1779 1245 1831 ωηο
1269 1776 1361 1831 noctis
1381 1776 1486 1831 umbra
1501 1776 1659 1847 lugebitur,
1683 1777 1781 1849 itaque
1804 1782 1846 1833 to-

92 1857 299 1912 coruscalionis
332 1856 453 1913 crelestis
475 1858 651 1913 Hierusalem
674 1858 724 1930 qui
756 1858 847 1931 portis
873 1858 941 1915 tiliae
995 1861 1091 1917 nebroe
1108 1861 1201 1917 nactis
1223 1862 1608 1933 amadanonappsrsbunt,
1625 1864 1693 1936 quia
1713 1864 1846 1919 etiamst

91 1944 162 2001 Sion
182 1946 305 2002 fideliter
327 1946 443 2015 instant,
465 1946 619 2017 lolgebuut
640 1946 670 2002 in
694 1948 757 2003 luce
772 1946 835 2002 vitre
857 1952 940 2003 ieter·
996 1951 1116 2006 montio
1133 1950 1192 2017 illa,
1208 1950 1269 2021 jam
1292 1966 1351 2006 nou
1366 1952 1464 2023 egebit
1477 1952 1587 2008 lumino
1605 1952 1667 2021 illo,
1690 1952 1766 2025 quod
1788 1951 1844 2007 sibi

92 2050 160 2090 nas:
184 2049 273 2107 quam
296 2035 454 2090 castissima
474 2034 555 2107 virgo
580 2034 611 2089 in
635 2034 809 2092 lecuudilale
824 2035 942 2107 virgini·
995 2039 1128 2095 homines
1147 2040 1304 2096 incendunt
1318 2040 1437 2095 umbras
1456 2040 1642 2096 tenebrarum
1657 2039 1842 2111 expellentes.

93 2122 161 2177 latis
175 2138 234 2177 suas
251 2122 430 2179 credentibus
445 2122 615 2180 mirabiliter
629 2124 735 2179 attulit.
997 2130 1054 2184 llec
1067 2127 1154 2184 etiam
1178 2126 1400 2183 mutabilitatem
1425 2129 1469 2182 sol
1484 2132 1553 2183 tunc
1577 2128 1776 2201 amplectatur,
1792 2126 1844 2200 qni

130 2212 163 2267 lit
193 2216 225 2267 ot
251 2210 330 2269 vides
364 2213 507 2268 elementa
542 2212 572 2267 in
599 2213 723 2269 maxima
756 2212 884 2269 claritate
913 2216 942 2268 et
995 2216 1081 2273 modo
1109 2216 1237 2271 eontinet
1260 2220 1391 2287 tempora
1414 2232 1479 2287 quoe
1499 2216 1530 2271 in
1559 2216 1663 2271 umbra
1683 2216 1843 2284 habentnr;

93 2298 309 2371 pulchritudino
331 2301 377 2356 hie
400 2300 536 2357 omnibus
558 2300 650 2373 pactis
671 2300 822 2372 lolgebuut
838 2316 844 2355 :
861 2299 941 2355 omni
996 2304 1134 2377 quoniam
1153 2309 1221 2359 tnnc
1243 2304 1304 2359 diss
1326 2305 1388 2359 sine
1415 2305 1474 2360 ulla
1497 2305 1657 2361 mutatione
1680 2305 1746 2373 erit,
1776 2305 1845 2378 quia

93 2387 226 2445 videlicet
250 2388 457 2462 impedimento
480 2388 639 2460 nigredinis
669 2394 698 2444 el
716 2388 808 2445 sordis
833 2388 940 2445 ablato.
996 2400 1065 2447 tunc
1085 2392 1173 2448 etiam
1196 2392 1360 2447 dominator
1379 2395 1510 2449 omnium
1536 2394 1666 2449 clamtate
1687 2392 1844 2450 divinitatis

93 2477 166 2533 Nam
189 2478 267 2549 ignis
289 2479 350 2534 sine
372 2478 483 2534 terrore
505 2482 574 2535 tunc
594 2482 624 2533 ut
639 2492 742 2532 aurora
759 2476 897 2544 rutilabit,
913 2482 942 2532 et
995 2495 1154 2551 antequam
1179 2481 1259 2535 nulls
1277 2479 1454 2535 mutabititas
1478 2481 1607 2549 offuscat,
1628 2481 1773 2538 illuminat
1796 2496 1845 2536 eos

94 2580 144 2621 aar
176 2566 283 2639 absque
313 2566 498 2638 spissitudine
539 2564 711 2638 purissimus
749 2564 879 2637 fulgebit,
914 2570 943 2619 cl
996 2566 1048 2638 qui
1074 2566 1104 2623 iu
1124 2568 1227 2623 saeculo
1250 2568 1384 2623 tenebras
1405 2584 1457 2623 sua
1480 2569 1571 2640 gratia
1586 2569 1759 2641 effugerunt.
1786 2568 1842 2634 Qui

93 2672 169 2729 aqua
192 2658 254 2713 sine
277 2658 389 2731 impetn
411 2658 558 2713 effusionis
580 2663 609 2713 et
632 2656 839 2713 submersionis
857 2672 941 2727 pers·
996 2660 1094 2710 autem
1108 2661 1205 2711 acutas
1221 2672 1305 2711 aures
1323 2656 1469 2712 interioris
1492 2657 1655 2713 intellectus
1674 2658 1769 2726 hebet,
1794 2658 1841 2712 hic

94 2746 179 2817 picus
201 2750 230 2801 el
244 2746 316 2801 lenis
331 2746 428 2817 stabit,
450 2750 478 2801 st
500 2752 579 2801 terra
599 2744 707 2818 absque
732 2744 811 2799 omni
827 2743 941 2815 tragili—
997 2742 1027 2798 iu
1052 2744 1169 2799 ardente
1190 2760 1288 2800 amore
1310 2745 1420 2817 speculi
1442 2745 1508 2814 mai,
1524 2746 1561 2801 ad
1577 2746 1663 2801 verba
1681 2748 1742 2802 hrec
1758 2746 1845 2801 enhe-

93 2838 151 2889 lale
177 2839 206 2890 ot
227 2834 424 2908 inequalitata
448 2833 602 2891 tortissima
622 2840 651 2889 et
668 2832 836 2906 planissima
852 2848 941 2904 appa·
997 2830 1046 2898 let,
1063 2836 1093 2888 el
1106 2848 1140 2887 oa
1154 2832 1186 2889 in
1201 2833 1378 2889 conscientia
1391 2833 1481 2891 animi
1492 2834 1536 2889 sui
1555 2833 1726 2890 conscribat.

721 3078 850 3153 VISIO
878 3077 1249 3153 terrihuncula.

94 3236 269 3293 Suuusnruu.
284 3232 512 3309 -Symphonio
534 3236 569 3293 de
588 3240 692 3296 sancta
711 3236 820 3293 Maria.
839 3238 883 3293 De
899 3235 1365 3317 ncremorainiemmpenwmm
1383 3238 1547 3308 spirituum.
1571 3239 1614 3294 De
1627 3236 1845 3311 palriarebiret

127 3306 286 3388 prophetis.
303 3308 347 3362 De
360 3307 508 3379 apostolis.
524 3309 567 3365 De
586 3308 781 3391 martpritrua.¹
796 3311 833 3363 tle
856 3306 1074 3391 consessoribus.
1096 3310 1139 3362 De
1165 3307 1332 3434 ogpinibus.
1355 3310 1417 3391 iffae
1435 3308 1590 3391 harmoniae
1612 3308 1645 3390 in
1667 3310 1790 3381 querelis
1810 3308 1845 3364 de

130 3384 272 3435 revocans
289 3378 328 3432 ad
347 3379 460 3434 eosdem
481 3378 599 3452 modus.
623 3381 660 3435 ln
674 3380 834 3434 hortatione
847 3380 984 3433 vertutum
998 3380 1026 3431 el
1047 3394 1079 3432 rn
1097 3381 1178 3433 contr
1218 3384 1324 3436 rotrone
1347 3380 1555 3436 diabolicarum
1569 3384 1687 3436 ortium.
1708 3380 1786 3447 Quod
1811 3378 1846 3434 de

128 3447 273 3520 ineffabili
295 3448 393 3531 pretio
414 3465 478 3515 suo,
507 3448 592 3505 eorde
619 3457 648 3505 et
661 3465 709 3505 ore
733 3450 810 3504 Deua
823 3447 1037 3504 incessabiliter
1054 3448 1217 3530 laudandus
1238 3454 1292 3505 est.
1312 3451 1391 3531 Quod
1409 3451 1582 3523 symphonia
1601 3454 1633 3532 in
1649 3450 1846 3532 unanimitate

129 3523 159 3575 ct
172 3519 328 3577 omwordro
347 3520 522 3590 proferenda
534 3524 585 3577 ert.
605 3520 682 3587 Quae
695 3520 810 3577 omium
830 3534 946 3590 corpses,
960 3519 1133 3589 symphonia
1154 3524 1252 3575 autem
1270 3526 1461 3592 spiritumet
1481 3522 1636 3578 harmonio
1653 3521 1845 3590 diormlatem,

128 3591 246 3647 undum
261 3606 325 3646 uero
334 3590 539 3647 humanitatem
556 3590 627 3649 Filii
637 3590 779 3663 desipnat.
794 3590 938 3715 mffr
951 3588 1153 3661 symphoniam
1173 3591 1392 3661 rationalitatis,
1408 3595 1524 3662 torperis
1537 3592 1638 3647 onium
1651 3591 1794 3649 excitatur
1807 3592 1846 3648 od

130 3660 160 3716 ai
185 3660 321 3717 'landum
338 3661 415 3729 Quod
428 3660 600 3745 symphonia
614 3662 689 3744 dura
703 3662 790 3743 corda
899 3661 920 3741 't'
934 3660 1123 3741 ethumorem
1142 3661 1371 3733 compunctionis
1388 3661 1499 3718 inducit
1511 3665 1539 3717 et
1553 3662 1696 3736 Spiritum
1712 3668 1845 3719 sanctum

218 3735 259 3789 ot.
276 3732 355 3800 Quod
363 3732 461 3803 tidelia
469 3750 547 3789 omne
558 3732 703 3790 devotione
715 3736 893 3788 encersanter
904 3730 1033 3801 Jummre
1045 3728 1136 3786 dehet.
1155 3732 1251 3788 Verba
1271 3732 1359 3789 tlaoid
1372 3732 1407 3787 de
1418 3734 1519 3789 eatkm
1532 3749 1574 3787 re.

132 3975 241 4031 Deinde
265 3974 540 4032 vidilucidissimum
559 3990 666 4044 aerem,
685 3976 717 4031 iu
731 3990 788 4047 quo
801 3973 898 4031 audiri
914 3972 944 4028 in
965 3972 1157 4029 Cadmodum
1175 3973 1205 4029 iu
1230 3974 1326 4046 prims
1354 3974 1475 4031 materia
1500 3990 1600 4031 omnes
1621 3975 1744 4047 protulit
1765 3988 1846 4030 orsa·

96 4062 231 4119 omnibus
252 4064 397 4135 predictis
427 4062 686 4135 significationibus
708 4062 834 4119 mirabili
859 4062 943 4118 modo
999 4065 1088 4117 toras.
1118 4063 1141 4119 0
1166 4066 1199 4117 tn
1227 4062 1396 4119 suarimima
1428 4064 1508 4135 virga
1535 4064 1671 4120 trondens
1695 4062 1731 4119 de
1756 4063 1845 4135 stirpe

95 4152 242 4209 diversum
257 4167 348 4225 genus
369 4152 545 4207 musicorum
560 4152 591 4207 in
614 4151 750 4208 laudibus
764 4152 870 4207 civium
895 4167 941 4206 sn·
998 4149 1119 4217 leaeo
1142 4166 1231 4222 qnam
1257 4166 1363 4222 magna
1386 4151 1477 4206 virtus
1495 4157 1539 4207 ast
1561 4152 1640 4223 quod
1663 4151 1799 4206 divinitas
1813 4151 1846 4206 in

96 4256 255 4314 perumum
273 4240 455 4311 gaudiorum,
472 4241 502 4295 in
516 4240 562 4295 via
576 4240 703 4296 veritalis
721 4240 833 4297 torliter
845 4254 942 4311 perse·
998 4238 1224 4309 pulcherrimam
1245 4240 1335 4296 liliam
1359 4240 1478 4312 aspexit,
1505 4241 1579 4296 sicut
1593 4240 1691 4313 aquila
1709 4239 1739 4294 in
1754 4242 1844 4295 solem

96 4327 268 4391 rorantium,
303 4344 335 4383 ac
365 4328 396 4384 in
417 4329 542 4400 querelis
570 4333 767 4384 revocatorum
790 4329 825 4384 sd
847 4330 944 4383 laudes
999 4328 1114 4383 mulum
1136 4344 1222 4383 suum
1241 4328 1314 4400 ugit,
1331 4344 1396 4385 cum
1418 4343 1561 4401 supernus
1586 4330 1672 4384 Pater
1686 4329 1845 4385 clantatem

97 4417 263 4475 eorumdem
286 4416 461 4489 gaudiorum
484 4422 514 4473 el
535 4417 566 4473 in
583 4417 780 4473 exhortatione
802 4416 944 4472 virtulum
997 4414 1118 4488 virginis
1131 4417 1263 4485 attendit,
1279 4418 1396 4490 quando
1419 4418 1540 4473 verbum
1559 4432 1645 4474 suum
1664 4418 1694 4473 in
1718 4417 1782 4489 ipsa
1804 4418 1846 4474 in·

96 4522 127 4560 se
142 4504 358 4561 exhortantium
373 4504 409 4561 ad
426 4508 547 4562 salutem
561 4507 745 4578 populorum,
762 4505 866 4578 quibus
880 4506 944 4562 dia·
998 4504 1112 4559 carnari
1125 4505 1224 4562 voluit.
1247 4506 1319 4562 Nam
1341 4507 1373 4561 in
1388 4506 1508 4578 mystico
1532 4507 1670 4579 mysterio
1693 4507 1745 4561 liei
1766 4505 1845 4561 illus·

97 4594 197 4650 bolicae
212 4594 326 4650 insidiis
347 4600 525 4667 repugnent;
542 4596 592 4651 sed
613 4594 683 4667 ipsae
698 4594 819 4651 uirtutes
830 4611 878 4650 aas
892 4610 943 4666 op·
997 4593 1073 4648 trata
1093 4596 1189 4649 menta
1211 4594 1342 4666 virginis,
1369 4595 1541 4651 mirabiliter
1556 4595 1649 4649 clarus
1664 4594 1718 4648 llos
1733 4610 1768 4649 cx
1782 4594 1847 4665 ipsa

97 4682 238 4755 primunt,
252 4682 292 4739 ita
306 4689 402 4739 tamen
415 4685 493 4756 quod
512 4684 552 4741 sic
567 4684 666 4741 lideles
680 4685 813 4741 homines
826 4683 943 4740 taudem
997 4681 1111 4753 virgine
1132 4682 1249 4753 prodiit.
1266 4684 1413 4739 Etiterum
1430 4684 1503 4739 dixit
1520 4699 1526 4738 :
1547 4682 1786 4754 ogloriosiasima
1797 4683 1846 4737 lux

97 4770 253 4843 apeccstis
271 4772 306 4827 ad
322 4787 509 4844 supernaper
521 4772 719 4845 paenitentiam
734 4776 894 4828 transeunt.
912 4770 945 4826 lit
997 4769 1106 4840 urens,
1127 4770 1223 4842 sumti
1241 4770 1291 4842 qni
1310 4771 1386 4827 inira
1408 4773 1588 4829 divinitatem
1612 4770 1726 4826 divinos
1747 4771 1845 4826 oculos

97 4860 245 4916 sounsille
260 4865 360 4915 sttrox
380 4862 575 4918 multitudinis
595 4860 627 4917 in
646 4860 779 4917 laudibus
799 4862 943 4932 desuper
997 4872 1064 4913 cnm
1096 4857 1214 4928 mystica
1236 4860 1410 4917 obscuritate
1435 4860 1529 4915 omnis
1552 4864 1691 4915 creaturae
1719 4856 1846 4929 aspicitis

97 4949 142 5006 nis
165 4948 302 5020 gradibus
324 4948 355 5005 in
376 4950 526 5006 harmonia
550 4950 782 5023 symphonizans,
801 4948 841 5005 sic
867 4946 943 5003 dice·
997 4946 1029 5003 in
1050 4945 1217 5003 ardentibus
1231 4946 1388 5015 desideriis,
1406 4950 1482 5005 unde
1501 4964 1651 5021 nunquam
1666 4947 1786 5020 potestis
1799 4962 1843 5002 sa·

97 5038 147 5095 bal
167 5053 174 5092 ε
191 5037 213 5094 0
228 5038 459 5111 splendidissima
477 5055 602 5112 gausum
618 5054 751 5095 serenum
767 5039 853 5094 dacus
875 5037 944 5092 solis
997 5034 1081 5092 tiarit
1098 5036 1121 5091 0
1136 5052 1224 5108 quam
1248 5036 1375 5107 gloriosa
1394 5037 1500 5107 gaudia
1514 5036 1564 5091 illa
1577 5041 1671 5092 vestra
1683 5035 1771 5091 habet
1788 5036 1845 5091 lor·

97 5126 150 5181 tibi
173 5126 302 5182 inlusum
324 5130 376 5193 est,
398 5126 462 5182 tons
482 5128 588 5183 saliens
613 5126 648 5183 de
666 5126 751 5183 corde
769 5124 870 5193 Patris,
892 5124 943 5198 qui
998 5140 1057 5195 ma,
1073 5140 1138 5197 quae
1159 5126 1190 5179 in
1209 5124 1289 5181 robis
1313 5128 1356 5179 est
1371 5124 1478 5179 intacta
1493 5124 1528 5180 ab
1543 5124 1623 5181 omni
1640 5140 1730 5197 pravo
1745 5139 1842 5196 opere,

97 5220 141 5271 est
162 5214 282 5271 unicum
310 5215 434 5271 Verbum
452 5216 515 5287 ejus
537 5232 590 5288 per
615 5217 693 5289 quod
714 5214 821 5271 creavit
842 5213 944 5271 muudi
964 5213 1077 5321 ¹>quod
1095 5213 1222 5285 primum
1238 5219 1335 5270 ortum
1353 5217 1397 5270 est
1417 5212 1447 5268 in
1462 5217 1554 5269 restro
1569 5214 1645 5269 sodo
1658 5212 1772 5285 perdito
1789 5227 1845 5269 an-

97 5304 222 5376 primam
237 5302 387 5359 materiam
398 5320 405 5372 ;
417 5319 504 5376 quam
517 5306 571 5361 Era
583 5304 709 5361 turbarit
728 5320 736 5360 ε
752 5305 807 5361 Ιιοο
823 5302 944 5360 verbum
999 5303 1075 5375 gelo,
1088 5303 1140 5374 qui
1151 5305 1246 5360 rotare
1261 5303 1351 5359 soluit
1373 5316 1461 5374 snpra
1478 5301 1652 5357 intrinsecus
1675 5303 1767 5357 lateus
1784 5301 1846 5373 pin·

96 5392 247 5450 fabricavit
269 5393 299 5447 iu
313 5396 343 5449 te
357 5392 516 5460 hominem,
539 5396 568 5449 ot
589 5408 619 5450 es
632 5393 682 5449 illa
704 5392 798 5449 lucida
817 5406 943 5463 gemma,
997 5394 1134 5448 naculum
1154 5392 1213 5449 Ilei.
1239 5392 1319 5448 Unde
1343 5392 1404 5464 ipae
1428 5394 1572 5447 tortrmsos
1587 5390 1735 5446 demersus
1749 5394 1794 5445 est
1813 5392 1844 5444 in

97 5498 187 5555 aqua
200 5484 296 5555 ipsam
319 5482 438 5539 verbum
461 5481 558 5539 edaxh
577 5496 678 5540 omnes
699 5481 830 5550 virtutes,
845 5494 944 5553 quem·
998 5478 1124 5550 rutum,
1145 5479 1196 5536 ssd
1218 5479 1309 5553 ipsios
1331 5480 1525 5537 maunmants
1544 5493 1627 5535 casua
1649 5478 1844 5553 sufflationis
