3984 6034
4 5233 5 5244 ,
104 5206 170 5244 rum
184 5188 220 5244 ab
241 5190 357 5274 igneae

4 5357 5 5362 κ
103 5332 114 5385 i
156 5332 229 5387 itum
244 5332 275 5386 in
295 5330 404 5385 bonum
418 5329 518 5384 vinnm
532 5332 631 5400 ponat,
649 5326 878 5382 etrescalumiu
893 5341 951 5397 quo

112 220 180 273 ,349
678 217 832 274 lusarca.
845 249 879 259 -
900 219 966 273 are.
987 218 1031 287 rx,
1052 220 1294 277 nauarchus.
1795 234 1863 287 raso

110 354 139 404 ct
151 349 247 405 febres
270 350 333 405 illas
354 365 420 421 quae
441 350 472 405 in
496 348 642 404 stomacho
665 352 831 415 nascantur,
846 353 876 403 st
898 363 957 403 non
974 348 1100 404 illectus
1122 355 1165 405 est
1187 350 1280 407 miles.
1304 352 1370 408 ldco
1402 352 1438 408 ad
1461 354 1669 413 medicamenta
1692 372 1752 415 non
1774 360 1859 423 salet,

87 428 288 507 cottidianas,
326 443 377 493 ant
415 436 561 503 tertianas,
588 440 637 491 aut
666 441 827 509 quartanas,
862 436 954 504 ridete,
1010 436 1058 493 sed
1079 437 1227 494 hominem
1253 441 1344 512 magis
1372 440 1451 497 laedit
1471 459 1558 515 qrrsm
1591 444 1616 499 ei
1641 446 1740 517 prosit,
1768 448 1806 503 ita
1828 454 1860 504 ut

111 528 138 585 id
165 533 207 584 est
232 526 308 599 quod
332 526 419 581 homo
444 524 545 580 oscitat
567 528 598 579 et
624 524 673 596 qui
694 524 793 579 tardus
812 528 854 580 est
869 529 897 579 et
913 524 954 579 fa·
1010 524 1135 582 sihomo
1157 526 1280 583 velutin
1301 528 1391 598 digito
1411 533 1551 587 annulum
1575 535 1738 605 gestaverit,
1763 542 1813 591 aut
1836 538 1861 592 si

109 616 227 673 stidium
250 614 379 670 ciborum
401 612 498 675 babet,
522 628 627 685 parum
650 628 773 684 cuprum
787 613 823 668 ad
843 614 955 683 pondus
1010 612 1066 669 alia
1079 628 1145 668 caro
1161 615 1288 687 corporis
1307 616 1369 687 ejus
1387 617 1539 675 incaluerit
1558 635 1591 675 cx
1613 622 1677 690 hoc,
1703 623 1794 696 magis
1817 624 1860 680 in-

110 705 237 778 quinqae
260 718 448 759 nummorum
462 701 583 773 accipiat
598 706 626 757 et
640 701 671 756 in
685 701 784 756 vinum
808 702 955 757 franconi·
1010 700 1175 757 firmitatem
1196 719 1283 776 quam
1299 705 1449 762 sanitatem
1465 708 1519 763 sihi
1549 710 1666 766 attrahit
1680 711 1760 785 [quia
1777 712 1853 769 idern

109 796 289 865 componat,
310 795 452 865 quantum
474 788 617 863 picarium
639 789 724 861 capit,
748 793 777 844 ct
800 788 840 844 ita
854 790 954 845 sinum
1009 790 1158 847 metallum
1169 806 1223 863 per
1233 807 1265 848 se
1279 793 1387 849 nnllam
1402 795 1536 850 virtutem
1551 798 1638 855 habet
1648 800 1714 855 add.
1735 800 1791 871 cd]

109 880 181 938 illud
202 880 315 936 fortiter
336 885 453 951 coquat,
476 876 584 934 scilicet
604 893 695 950 usque
719 878 788 933 dum
812 878 954 933 minorari

107 968 238 1040 incipiat,
254 973 283 1024 et
296 968 337 1024 sic
351 968 387 1024 de
402 968 469 1041 igne
484 966 603 1034 auferat,
619 970 648 1021 et
661 971 760 1037 postes
780 982 831 1038 per
851 982 954 1021 norem
1188 933 1253 990 ω·
1273 933 1331 990 vn·
1352 966 1386 977 ““
1405 938 1447 993 ”⁸
1467 938 1559 994 mm
1576 937 1608 1012 [¹2
1625 943 1682 1011 21]·

108 1057 169 1112 dics
180 1057 298 1128 jejunus
319 1055 431 1111 modice
452 1054 540 1123 bibat,
560 1058 587 1109 el
602 1053 695 1109 febres
720 1054 777 1108 illm
791 1054 954 1110 cessabunt.
1047 1056 1163 1112 Ferrum
1185 1057 1268 1113 valde
1283 1058 1408 1114 calidum
1424 1060 1455 1115 in
1479 1077 1531 1117 saa
1548 1067 1652 1119 natura
1674 1069 1725 1134 eet,
1742 1072 1771 1121 et
1792 1066 1858 1123 ideo

110 1146 165 1202 Sed
179 1150 208 1200 et
218 1145 242 1199 si
258 1145 322 1217 quis
335 1146 510 1214 ohnmbttget
524 1148 577 1211 ast,
590 1142 630 1197 ita
643 1142 719 1215 quod
734 1158 764 1197 sc
778 1145 871 1198 totum
883 1158 955 1199 cou-
1008 1144 1082 1200 forte
1097 1150 1148 1201 est.
1174 1146 1319 1203 Fortitudo
1336 1146 1397 1218 ejus
1417 1148 1453 1203 ad
1474 1150 1599 1221 plurima
1612 1152 1691 1207 utilis
1716 1158 1768 1209 est.
1785 1156 1818 1209 Et
1833 1156 1859 1209 si

108 1232 208 1303 trehit,
228 1233 307 1290 idem
329 1233 479 1305 crymphet,
494 1231 591 1303 accipe
611 1247 718 1303 purum
741 1246 863 1303 cuprum
882 1237 911 1288 et
924 1232 955 1287 in
1010 1233 1074 1306 qais
1095 1234 1204 1290 ferrum
1221 1234 1305 1307 juxta
1327 1251 1357 1291 se
1380 1236 1476 1304 habet,
1495 1240 1572 1309 quod
1592 1256 1658 1295 cero
1679 1241 1741 1313 ejus
1762 1242 1793 1297 in
1807 1243 1857 1298 ilio

109 1322 311 1395 ignempreice
324 1321 497 1395 usquedum
512 1321 650 1392 ignescat,
663 1319 795 1375 etdenuo
810 1318 841 1375 in
856 1320 954 1391 ignem
1011 1321 1165 1387 incalescit,
1188 1325 1289 1379 'minus
1322 1324 1357 1379 ab
1382 1340 1415 1379 eo
1448 1325 1564 1382 laeditur
1585 1343 1672 1399 quam
1695 1329 1730 1386 de
1755 1335 1856 1400 stanno

108 1410 205 1484 proice
224 1415 256 1465 nt
271 1411 377 1467 iterum
392 1410 555 1476 incalescat,
571 1414 600 1464 et
620 1410 726 1465 iterum
740 1407 776 1463 ab
792 1409 859 1481 igue
874 1409 956 1465 safer
1013 1410 1091 1484 [quis
1106 1411 1216 1467 ferrum
1234 1412 1359 1467 calidum
1372 1418 1400 1468 et
1415 1410 1483 1467 recti
1498 1418 1719 1488 temperamenti
1734 1421 1778 1473 est
1791 1436 1857 1476 cum

108 1504 138 1555 et
151 1500 245 1557 denno
260 1500 403 1571 frigescat,
419 1504 448 1555 et
465 1498 549 1554 tertia
563 1496 625 1553 rice
640 1497 671 1552 in
692 1498 789 1569 iguem
803 1498 911 1570 proice,
927 1503 956 1553 et
1010 1501 1087 1555 calor
1106 1501 1167 1571 ejus
1182 1501 1217 1555 ad
1233 1502 1330 1573 ignem
1346 1501 1494 1570 excitetur,
1514 1508 1541 1559 ct
1560 1506 1707 1560 stomacho
1728 1506 1857 1563 bominis

108 1602 175 1642 cnm
199 1592 269 1643 tanc
290 1587 428 1658 ignescat,
451 1586 491 1640 ita
514 1584 640 1658 ignitum
669 1585 699 1640 in
722 1584 830 1641 bonum
856 1584 955 1641 vinum
975 1589 1227 1675 Bersperponitar,
1258 1588 1376 1661 frigidos
1397 1590 1541 1657 humores,
1570 1593 1605 1648 dc
1628 1592 1733 1664 quibus
1750 1599 1856 1651 stoma·

108 1691 192 1747 pona,
209 1679 239 1730 et
260 1674 406 1730 vasculum
427 1673 559 1746 superias
584 1678 659 1745 tege,
676 1689 712 1728 ne
734 1673 814 1729 calor
837 1680 886 1729 aut
909 1690 956 1729 ra·
1011 1676 1082 1731 chus
1101 1676 1179 1731 dolet
1201 1677 1291 1749 fugat,
1317 1682 1350 1733 ut
1371 1678 1540 1748 pradictum
1564 1684 1606 1735 est
1621 1680 1688 1735 odd.
1714 1682 1780 1753 ed.].
1807 1684 1859 1739 Cui

109 1778 164 1835 por
176 1764 238 1833 eJus
252 1763 427 1834 egrediatur,
453 1766 481 1817 et
494 1766 563 1817 tunc
580 1760 623 1816 illi
641 1761 691 1833 qui
717 1761 894 1835 virgicgtigit
912 1769 956 1819 est
1011 1766 1106 1817 autem
1122 1764 1289 1819 stomachus
1308 1763 1492 1836 infrigidatus
1513 1770 1556 1821 est
1572 1767 1612 1821 ita
1628 1766 1705 1838 quod
1724 1764 1791 1823 inde
1808 1771 1858 1824 do-

109 1851 150 1905 ita
173 1851 422 1907 modicecalidum
438 1850 473 1907 ad
495 1849 653 1905 bibendum
673 1850 765 1917 da,et
786 1851 955 1918 qicbtineo
1010 1850 1060 1919 let,
1086 1850 1159 1905 blech
1178 1850 1327 1922 [laminam
1347 1852 1401 1921 ed]
1430 1858 1546 1908 tenuem
1572 1853 1607 1909 de
1630 1855 1706 1910 ferro
1728 1857 1858 1928 accipiat,

109 1938 241 1995 cessabit.
261 1939 318 1995 Sed
341 1946 371 1994 et
390 1940 415 1994 si
435 1938 513 2010 equi,
535 1943 586 1993 aut
610 1937 694 2005 asini,
718 1943 769 1992 aut
791 1938 889 2007 boves,
906 1944 956 1996 eut
1010 1943 1039 1994 et
1056 1938 1128 1994 illud
1152 1940 1188 1995 ad
1212 1938 1310 2011 ignem
1332 1939 1489 2011 calefaciat,
1510 1946 1537 1997 et
1563 1942 1605 1998 ita
1625 1942 1750 1999 calidum
1773 1960 1859 2017 snper

49 2034 53 2041 “
109 2042 214 2097 caprae,
236 2031 287 2081 aut
306 2041 383 2093 ores,
399 2030 449 2080 sat
471 2024 561 2096 porci,
585 2028 638 2079 sut
656 2024 713 2079 alia
734 2025 872 2095 quelibet
895 2026 956 2080 ani·
1010 2027 1190 2082 stomachum
1208 2044 1293 2083 snum
1316 2034 1414 2101 ponat,
1441 2034 1469 2084 at
1491 2030 1597 2086 iterum
1616 2030 1738 2099 auferat,
1759 2048 1792 2088 ac
1812 2034 1859 2089 de-

109 2116 197 2170 malia
217 2116 335 2183 strengel
361 2118 410 2169 aut
438 2113 639 2183 heuptsichtum
668 2111 785 2180 habant,
815 2128 955 2184 magnum
1010 2128 1068 2167 nno
1083 2114 1229 2170 calefaciat
1247 2122 1276 2171 et
1299 2117 1444 2172 stomacho
1463 2133 1515 2173 suo
1536 2119 1641 2174 iterum
1665 2120 1791 2177 calidum
1807 2140 1856 2177 su·

108 2202 232 2259 frustum
258 2202 338 2275 capri
367 2202 398 2258 in
421 2201 578 2258 caldarium
603 2217 654 2256 seu
677 2200 707 2255 in
731 2201 817 2255 ollam
845 2218 896 2257 seu
924 2202 955 2257 in
1009 2206 1161 2272 perponat,
1186 2208 1215 2259 et
1239 2204 1293 2259 hoc
1320 2220 1396 2276 saepe
1419 2204 1513 2274 faciat,
1543 2212 1572 2262 et
1596 2208 1699 2263 melius
1724 2209 1855 2266 habehit.

107 2291 238 2363 patinam
259 2296 357 2363 pernat,
382 2295 412 2345 et
434 2305 539 2363 squam
562 2288 688 2360 desuper
708 2289 822 2357 fundat,
841 2294 870 2343 et
887 2294 956 2345 tuuc
1010 2286 1167 2359 [Quoniam
1181 2291 1258 2347 idem
1272 2292 1382 2348 ferrum
1397 2295 1522 2350 calorem
1543 2294 1575 2351 in
1595 2312 1624 2351 se
1639 2296 1727 2353 habet
1743 2302 1857 2371 atquo.

107 2380 199 2451 ipsam
214 2396 321 2453 aquam
335 2379 370 2435 ad
385 2379 483 2451 ignem
498 2393 564 2433 cum
580 2377 682 2433 codem
695 2392 784 2449 cupro
800 2378 907 2433 calefac
923 2382 956 2433 nt
1010 2376 1087 2432 niam
1102 2382 1212 2434 rectam
1227 2386 1417 2437 aeramentum
1432 2387 1476 2437 cst
1489 2382 1555 2438 odd.
1572 2383 1627 2455 cd]

107 2467 225 2533 ferveat,
239 2484 272 2523 ac
286 2468 325 2523 sic
339 2482 404 2523 cum
419 2465 482 2540 ipss
494 2464 586 2521 calida
599 2480 673 2535 aqas
689 2464 827 2536 pabulum
840 2464 955 2534 jumen-

108 2560 205 2612 torum
219 2557 346 2625 illorum,
373 2556 432 2611 sive
462 2570 562 2622 avena,
592 2553 651 2609 sire
672 2552 771 2609 fenum
794 2552 842 2619 sit,
865 2552 955 2607 semel
1167 2518 1232 2577 Gn·
1249 2521 1319 2576 vm·
1340 2551 1375 2561 “
1393 2523 1434 2577 D'
1452 2523 1566 2579 cm*
1587 2522 1620 2597 [¹2
1639 2523 1695 2598 2²·]

108 2644 153 2700 vel
166 2645 211 2701 bis
232 2661 360 2718 asperge,
383 2650 417 2700 ut
437 2644 477 2700 ita
498 2658 647 2716 aspersam
668 2643 831 2710 comedant,
854 2646 884 2696 et
904 2656 955 2712 pe·
1044 2643 1148 2715 Galybe
1170 2643 1252 2699 valde
1266 2644 1374 2701 calidus
1393 2649 1445 2715 est,
1462 2649 1491 2702 et
1511 2646 1590 2719 quod
1611 2647 1800 2705 fortissimum
1815 2656 1858 2707 est

108 2733 158 2789 stis
169 2733 206 2789 ab
220 2732 261 2789 eis
271 2732 392 2789 cessabit
405 2732 457 2805 (l).
1008 2732 1040 2787 in
1052 2737 1208 2787 eramento
1222 2732 1300 2789 ferri.
1317 2734 1349 2789 Et
1364 2733 1422 2790 fere
1438 2735 1522 2807 quasi
1541 2734 1719 2792 divinitatem
1741 2738 1791 2793 flei
1814 2740 1857 2793 si·

361 2875 406 2930 a·
425 2903 457 2916 -
476 2874 518 2929 ο
535 2874 653 2929 ιο
673 2873 707 2945 ο
730 2871 783 2947 ο
973 2819 1669 2983 0u:luursolus:leuues
1685 2826 1859 2986 {alliu

143 3004 262 3069 llessom
285 2998 477 3072 [haricalcum
497 2998 553 3069 ed]
573 2998 697 3053 calidum
722 3003 774 3067 est,
790 3002 820 3053 et
841 2998 876 3053 dc
899 2999 957 3055 alio
1011 3003 1061 3053 aut
1073 2997 1097 3053 si
1114 2997 1195 3053 cibus
1219 2998 1356 3054 humidus
1379 3002 1423 3055 est
1439 3000 1516 3056 velut
1537 3017 1686 3057 warmume
1711 3008 1759 3058 aul
1779 2959 1859 3061 vetui

108 3091 214 3147 factum
228 3089 310 3144 velut
331 3089 394 3159 kalg
410 3088 445 3143 de
458 3086 566 3159 lapide,
586 3091 615 3142 ct
633 3085 702 3158 quia
723 3102 757 3142 ex
778 3091 882 3142 natura
905 3104 957 3144 sua
1008 3086 1107 3157 suffen,
1123 3086 1196 3142 clam
1212 3085 1336 3159 ignitum
1358 3087 1480 3144 calibem
1495 3088 1520 3145 ei
1536 3089 1663 3162 impons,
1681 3097 1710 3146 et
1726 3090 1749 3147 si
1767 3108 1857 3147 rene-

107 3181 226 3247 messmg
248 3191 307 3232 non
334 3180 387 3244 est,
408 3176 457 3231 sed
485 3191 519 3230 ex
543 3174 599 3230 elio
629 3173 747 3230 metallo
768 3174 877 3230 factum
902 3175 954 3248 (2),
1009 3191 1080 3233 num
1095 3175 1125 3230 in
1140 3190 1173 3231 so
1190 3180 1243 3242 est,
1267 3175 1338 3231 illud
1354 3176 1529 3233 dbbilitanda
1550 3182 1688 3249 attenuat,
1709 3178 1753 3234 vel
1769 3180 1793 3234 si
1814 3181 1855 3236 ci·

107 3268 185 3323 relat
203 3266 296 3333 miles,
316 3263 366 3336 qui
389 3264 426 3320 de
447 3279 553 3335 genere
576 3278 628 3319 suo
651 3263 734 3318 miles
748 3278 808 3319 non
827 3268 879 3333 est,
905 3264 954 3320 scd
1008 3264 1164 3320 bassiccns
1178 3271 1229 3333 est,
1244 3265 1322 3319 velut
1336 3280 1435 3321 carnes
1450 3271 1501 3322 sut
1517 3266 1610 3338 pisces
1629 3272 1680 3324 aut
1700 3284 1763 3337 ora,
1779 3268 1856 3339 igni-

143 3425 184 3496 (l)
211 3422 283 3479 Edit.
302 3422 333 3477 in
362 3420 461 3477 multis
484 3420 597 3475 variat:
627 3438 642 3472 a
672 3420 797 3492 Cuprum
828 3420 954 3477 calidum
1007 3422 1098 3491 bibat,
1118 3426 1149 3477 et
1165 3422 1296 3494 paralisis
1318 3424 1349 3478 in
1365 3439 1400 3479 eo
1420 3423 1549 3481 cessabit.
1571 3424 1666 3481 'fertio
1690 3431 1786 3481 autern
1807 3443 1856 3481 cn·

107 3496 257 3561 existit,·et
274 3492 331 3548 cito
346 3491 482 3564 frigescit,
498 3496 528 3546 et
541 3496 585 3545 cst
598 3492 677 3545 velut
689 3490 793 3546 favillae
808 3492 881 3560 auri,
900 3492 955 3546 sci-
1008 3508 1093 3563 prum
1119 3493 1223 3565 hocliu
1246 3494 1344 3564 ignem
1365 3495 1493 3565 ponitur,
1519 3499 1550 3549 ut
1573 3496 1642 3567 quid
1666 3495 1803 3552 foeditatis
1827 3503 1857 3553 et

106 3567 173 3621 licet
195 3569 228 3620 nt
250 3564 357 3620 favillae
375 3579 441 3645 quse
465 3563 506 3643 de·
526 3562 694 3617 ardentibus
714 3563 816 3633 prunis
838 3563 952 3618 cadunt.
1008 3562 1201 3635 corruptionis
1216 3564 1246 3617 in
1263 3580 1297 3618 eo
1315 3564 1361 3630 sit,
1381 3580 1432 3635 per
1449 3566 1457 3619 i
1481 3581 1546 3619 nem
1565 3567 1744 3621 examinetur
1766 3572 1795 3621 ct
1816 3563 1872 3623 ite'

106 3637 199 3691 llorno
222 3640 318 3691 autem
341 3649 392 3705 qast
416 3631 557 3706 quaslibet
576 3632 670 3687 febres
696 3632 792 3699 habet,
816 3635 846 3687 et
867 3632 954 3688 etiam
1008 3634 1170 3704 vinumper
1192 3633 1263 3689 illud
1278 3634 1444 3689 calefactam
1460 3580 1600 3703 bibitum,
1615 3636 1691 3690 bono
1712 3638 1807 3691 calore
1827 3644 1857 3691 ct

106 3708 199 3762 febres
214 3706 277 3761 illas
300 3722 364 3777 qam
386 3704 417 3759 in
439 3704 584 3758 stomacho
603 3708 770 3765 nascuntur,
795 3702 836 3758 ita
856 3708 954 3759 tamen
1007 3704 1113 3759 virtute
1127 3720 1189 3771 sua,
1203 3710 1231 3759 et
1249 3704 1323 3759 bono
1339 3706 1433 3761 calore
1451 3705 1521 3772 vini,
1540 3707 1643 3761 noxios
1663 3708 1799 3762 humores
1820 3708 1855 3763 de

107 3777 186 3849 qnod
209 3792 263 3832 nec
283 3774 470 3849 quotidianae,
492 3790 546 3829 nec
569 3774 708 3838 tertiana,
732 3789 784 3827 nec
834 3780 954 3829 rarmnoe
1008 3775 1113 3847 quibus
1124 3774 1255 3846 paralisis
1271 3776 1406 3843 nascitur,
1422 3776 1510 3843 fuget.

106 3852 188 3914 sunt,
205 3846 347 3919 sedquod
370 3846 446 3901 idern
465 3848 551 3899 homo
570 3846 728 3911 oscitat,et
745 3859 803 3916 quo
837 3843 955 3901 brachia
1044 3846 1113 3901 eut
1127 3847 1151 3899 si
1162 3846 1225 3917 quis
1235 3860 1378 3901 venenum
1389 3846 1523 3915 comedit,
1533 3852 1584 3902 aut
1597 3846 1680 3913 bibit,
1691 3846 1801 3903 bonum
1815 3848 1856 3904 vi·

107 3933 139 3973 ac
153 3922 246 3973 totam
258 3932 363 3988 corpus
377 3931 462 3971 sunm
481 3915 587 3985 sepius
605 3913 743 3981 extendit,
760 3919 789 3969 et
802 3916 880 3987 quod
895 3920 953 3970 tar·
1007 3931 1077 3971 num
1107 3916 1237 3987 accipiat,
1259 3920 1289 3971 et
1304 3921 1412 3988 quanta
1432 3917 1517 3971 tertia
1540 3934 1606 3989 pars
1634 3918 1695 3989 ejus
1718 3923 1761 3972 est
1782 3920 1855 3974 aceti

107 3990 161 4044 dus
175 3992 228 4056 est,
245 4004 279 4043 ac
300 3990 376 4059 quod
400 3986 548 4041 fastidium
571 3985 702 4041 ciborum
726 3984 823 4053 habet,
848 4002 953 4057 purum
1007 3987 1108 4054 addat;
1124 3991 1154 4041 et
1172 3992 1240 4041 tunc
1263 3987 1342 4042 velut
1364 3987 1500 4043 medietas
1515 3988 1635 4043 istorum
1657 3989 1780 4044 duorum
1799 3994 1853 4059 est,

106 4074 227 4131 cuprum
244 4059 280 4113 sd
299 4058 410 4129 pondus
428 4057 556 4129 qtrinqnc
572 4072 758 4111 nummorum
778 4056 909 4126 accipiat,
925 4062 954 4112 et
1007 4058 1042 4112 de
1061 4072 1146 4112 succo
1160 4062 1232 4112 ratae
1255 4057 1448 4125 commisceat,
1465 4064 1493 4113 et
1506 4058 1547 4113 sic
1563 4061 1641 4113 velut
1662 4059 1854 4131 quadrantem

106 4130 137 4184 in
158 4131 259 4184 vinum
281 4128 480 4183 franconicum
503 4134 532 4181 et
555 4143 660 4199 purum
679 4142 711 4181 ac
732 4127 841 4182 bonum
865 4132 954 4199 ponat
1006 4127 1328 4205 paricupriinignem
1370 4129 1855 4202 onet5sicqaaignitam,vinoilli

107 4205 249 4271 qnantum
270 4198 411 4282 picarium
426 4198 558 4269 espit3et
579 4198 730 4253 itasinum
748 4196 820 4252 illud
840 4197 953 4254 fortiter
970 4205 993 4259 1)
1008 4206 1148 4270 imponat,
1171 4204 1204 4253 ut
1224 4197 1263 4253 ita
1285 4144 1452 4268 inmisceat,
1480 4206 1510 4256 et
1532 4201 1634 4257 deinde
1664 4217 1703 4255 sic
1729 4201 1855 4257 calidum

106 4270 348 4398 allisisti
364 4267 953 4409 ”sdtllhtllttliltltlht‘tl
1008 4283 1061 4394 tl
1073 4268 1336 4396 ‘titulasti
1349 4268 1557 4397 litatis
1572 4278 1689 4398 still
1704 4287 1855 4398 ‘tibh

106 4358 300 4483 narrrffjajunus
314 4355 528 4477 modicepbibat,
544 4416 573 4464 et
590 4409 683 4465 febres
700 4408 776 4464 ineo
790 4409 950 4465 cessabunt.
1008 4355 1089 4481 equi?
1109 4410 1194 4478 asini,
1223 4414 1273 4465 sut
1299 4411 1395 4477 boves,
1421 4417 1470 4466 ant
1494 4428 1571 4480 oves,
1596 4419 1647 4467 aut
1674 4428 1780 4484 caprae,
1804 4418 1856 4468 sut

106 4484 234 4553 Crrprum
255 4483 333 4538 cuim
352 4481 477 4537 calorem
493 4480 529 4536 de
543 4481 694 4551 repentino
713 4484 743 4534 et
758 4479 870 4535 furente
886 4480 953 4552 igne
1007 4481 1096 4551 porci,
1123 4483 1173 4535 aut
1203 4480 1259 4535 alis
1291 4479 1427 4552 quaelibet
1460 4482 1595 4538 animalia
1622 4483 1855 4539 constrictionem

106 4553 203 4621 habet,
224 4553 275 4625 qui
293 4550 419 4625 quadam
441 4550 594 4621 flagrantia
608 4551 642 4606 de
662 4555 739 4606 recto
761 4550 828 4621 igne
844 4554 886 4605 est
902 4566 910 4606 ε
926 4556 954 4606 et
1008 4550 1144 4621 gutturis,
1157 4566 1207 4605 seu
1221 4550 1350 4606 dolorem
1365 4551 1467 4622 capitis
1479 4552 1596 4613 habent,
1612 4553 1698 4609 bomo
1715 4569 1853 4625 magnum

106 4623 183 4679 istud
205 4624 236 4679 in
250 4623 349 4679 sinum
371 4627 506 4693 ponatur,
523 4637 555 4676 ac
577 4620 692 4676 fortiter
713 4628 829 4693 coquat,
849 4626 954 4693 quate·
1008 4622 1131 4677 frustum
1150 4621 1232 4691 cupri
1257 4622 1287 4675 in
1306 4620 1475 4690 caldarium,
1499 4638 1547 4677 seu
1572 4623 1602 4677 in
1628 4624 1727 4691 ollam,
1753 4624 1855 4679 souin

106 4710 161 4749 nas
174 4695 264 4750 virtus
276 4695 359 4765 cupri
378 4694 477 4747 virtuti
503 4692 562 4747 riui
583 4692 706 4763 pleniter
723 4694 951 4761 commisceatur,
1008 4693 1136 4762 patinam
1152 4696 1249 4763 ponat,
1267 4696 1297 4747 et
1314 4706 1419 4764 aquam
1435 4695 1558 4776 desuper
1572 4695 1688 4763 fundat3
1705 4699 1734 4750 et
1748 4693 1854 4751 deinde

106 4765 188 4820 etita
201 4781 305 4837 prasos
327 4766 463 4821 humores
483 4768 512 4817 ct
525 4761 755 4833 coagulationem
770 4777 871 4818 eorum
887 4779 953 4818 exa·
1008 4779 1114 4835 aquam
1139 4777 1205 4817 cum
1219 4762 1322 4817 eodem
1345 4778 1434 4834 cupro
1450 4763 1485 4818 ad
1506 4780 1604 4836 ignem
1624 4766 1733 4821 ferrera
1757 4765 1852 4833 faciat,

105 4836 206 4892 nimet.
232 4835 331 4891 Sedet
351 4835 376 4889 si
390 4835 454 4906 quis
473 4850 525 4905 per
538 4839 650 4906 guttam
665 4833 804 4914 paralysis
819 4833 951 4889 debilita-
1008 4850 1041 4888 ac
1060 4834 1100 4888 sic
1121 4848 1187 4889 cum
1204 4832 1304 4888 eadem
1327 4848 1402 4905 aqua
1422 4833 1513 4889 calida
1534 4835 1672 4904 pabulum
1692 4836 1853 4891 eorundem

105 4912 151 4962 tus
166 4912 217 4974 est,
239 4908 279 4962 ita
292 4906 371 4977 qaod
386 4922 416 4960 sc
430 4910 523 4960 totam
545 4905 695 4964 contrahit,
711 4919 816 4973 puram
831 4920 953 4975 cuprum
1005 4903 1216 4975 jumentorum,
1241 4904 1300 4959 sive
1319 4904 1495 4973 assumsisse
1514 4904 1613 4961 fenum
1633 4907 1679 4974 sit,
1695 4907 1783 4962 semel
1804 4912 1855 4962 aut

105 4977 235 5049 accipiat,
261 4983 290 5032 et
322 4975 392 5031 illud
418 4975 448 5029 in
481 4976 577 5048 ignem
606 4973 750 5045 projiciat,
772 4989 862 5046 usque
882 4975 953 5030 dum
1008 4975 1209 5047 bisaspergat.
1227 4980 1259 5029 at
1274 4974 1315 5029 ita
1331 4976 1655 5047 aspersumcomedant,
1671 4982 1700 5032 et
1714 4977 1854 5048 praedicta

105 5048 252 5117 ignescat:
282 5053 311 5102 et
334 5047 375 5101 sic
400 5046 436 5101 ab
461 5062 496 5101 eo
515 5046 637 5110 arrferat,
661 5049 692 5098 ut
711 5044 897 5115 infrigescat:
925 5050 954 5100 et
1008 5046 1095 5117 pestis
1111 5046 1147 5101 ab
1162 5046 1202 5101 eis
1217 5046 1347 5101 cessabit.
1368 5046 1439 5101 Cum
1458 5046 1535 5101 enim
1556 5047 1692 5118 praefatus
1714 5048 1803 5116 calor,
1825 5053 1855 5103 et

104 5119 200 5174 denuo
212 5119 241 5173 in
254 5116 660 5243 igncmprojiciat,·u}iten1m
672 5114 826 5240 ipcalescat
836 5130 848 5239 at
859 5120 889 5240 ctt
902 5116 954 5196 ite·
1007 5117 1109 5241 yirtusk)
1117 5117 1200 5242 cppri
1214 5116 1246 5171 in
1257 5132 1335 5199 aqna
1358 5116 1393 5172 ad
1408 5117 1505 5199 ignem
1528 5116 1676 5201 excitatur,
1690 5122 1719 5173 et
1732 5133 1799 5242 culm
1814 5118 1854 5173 sic

4 5255 5 5314 r
104 5260 165 5316 ,aa
193 5260 224 5315 s
258 5274 356 5331 ,aa
372 5193 490 5329 {illd}
503 5191 953 5326 lt‘admittentia
1006 5188 1734 5382 petasati?,llldlhlllttlllll'
1752 5192 1854 5341 ciiii!

1028 5343 1061 5382 us
1088 5343 1188 5384 eorum
1217 5329 1252 5385 de
1278 5335 1415 5401 corrupto
1443 5346 1508 5386 aere
1534 5332 1673 5387 contracti
1695 5335 1773 5399 sont,
1797 5345 1852 5386 mi·

104 5402 113 5457 i
135 5418 181 5458 cm
195 5402 295 5457 vinam
314 5409 357 5455 est
371 5400 509 5470 superins
522 5402 609 5470 tegat,
626 5413 663 5453 ne
683 5397 771 5465 color,
797 5400 847 5452 aut
864 5412 953 5468 vapor
1006 5398 1081 5453 nuit.
1099 5417 1113 5451 a

104 5475 166 5546 ejus
180 5472 361 5545 egrediatur3
377 5476 407 5525 et
419 5469 461 5525 sic
482 5470 593 5525 modice
607 5468 732 5524 calidum
754 5468 831 5523 idem
853 5468 951 5523 vineam
1042 5468 1080 5540 (l)
1103 5470 1182 5525 Vetat
1195 5498 1225 5509 -
1241 5472 1346 5536 factam
1365 5472 1468 5528 desunt
1482 5472 1512 5528 iu
1526 5473 1571 5529 ed.
