3984 6034
100 173 147 228 ιιι
737 164 1094 236 ΕΡΙὸΤΟΙιΕ..-ΕΡ18Τ.
1113 167 1214 228 xtvn

99 309 220 376 delium,
240 313 299 365 tam
315 308 445 364 rivorum
467 323 555 380 qnam
575 309 814 363 mortuornmtit.
839 308 950 364 Currite
969 308 1127 380 Arelligis,
1148 314 1284 366 ettamen
1307 310 1336 364 in
1361 309 1416 366 boc
1448 311 1682 384 reprehensibilis
1706 331 1746 382 es,
1771 316 1849 387 quod
1934 361 1937 368 .

98 414 166 469 ergo
182 399 384 454 desideranter
406 396 437 452 in
450 396 557 467 gaudio
583 397 657 451 lutae
679 396 783 452 mentis
807 397 843 451 ad
862 396 949 452 mini·

97 489 221 542 sterium
235 487 312 558 Agni
327 484 516 553 immaculati,
534 500 593 557 qna
615 485 706 540 multa
729 486 806 540 salus
826 485 907 541 vobis
921 489 950 540 et

97 573 158 630 aliis
184 573 319 630 fidelibus
348 574 415 630 inde
436 573 578 644 provenit,
604 589 669 628 cum
689 561 809 644 propter
824 573 949 628 celebra·

96 667 206 718 tionem
227 663 308 718 illius
326 666 443 734 peccata
467 661 665 728 remittuntur,
690 666 720 715 at
743 660 849 717 auimre
872 660 948 716 libe·

95 757 209 813 mutue,
233 756 263 806 et
284 751 376 807 multa
398 751 526 823 pericula
548 750 652 805 enimn
675 755 705 804 et
724 749 853 821 corporis
874 747 946 805 ellu-

95 847 214 910 gantnr.
240 840 380 897 Sanctitas
396 845 494 894 antem
515 838 646 910 ejusdem
667 838 840 894 sacramenti
862 839 948 894 uobis

94 928 251 984 inuisibilis
265 934 320 996 est,
339 933 373 984 nt
386 926 474 984 etiam
497 927 596 992 Deum,
621 931 650 981 et
672 925 833 998 quamlibet
854 925 947 981 incon

94 1033 217 1086 porcam
243 1024 402 1072 creaturam
428 1016 526 1072 ridere
546 1031 605 1071 non
630 1031 799 1088 possumus,
821 1015 871 1070 sed
893 1031 947 1087 per

93 1106 176 1160 illam
191 1106 291 1161 anima
305 1111 404 1160 nostra
417 1110 448 1161 et
461 1120 566 1175 corpus
588 1120 640 1176 per
660 1102 859 1159 remissionem
881 1119 946 1175 pec·

93 1199 228 1248 catorum
255 1193 461 1263 sanctificatur,
484 1198 513 1248 ιι
543 1192 728 1249 invisibiliter
760 1191 944 1249 refocillatur.

92 1281 119 1335 Si
134 1288 237 1337 autem
252 1283 326 1337 circa
346 1297 452 1353 corpus
476 1280 591 1338 bomini
614 1281 712 1352 alique
728 1280 848 1351 indigne
869 1281 944 1336 acci·

92 1371 176 1438 dunt,
193 1375 225 1425 nt
238 1371 283 1426 sel
298 1377 474 1442 putrescere,
493 1369 538 1424 val
560 1370 596 1426 ab
622 1370 720 1441 aliquo
738 1368 858 1424 animali
880 1384 943 1424 cor·

91 1458 155 1513 rodi
181 1473 234 1513 ιιιι
264 1458 395 1513 consumi
417 1458 558 1525 videatur,
583 1458 624 1512 ita
653 1463 767 1512 tantum
795 1457 825 1511 iu
849 1472 943 1512 sacra-

1798 177 1852 234 226

1004 396 1109 450 bonam
1132 403 1237 452 terram
1269 396 1300 451 in
1318 411 1388 468 agro
1420 398 1537 454 Domini
1558 399 1600 455 tui
1619 400 1772 472 diligenter
1790 417 1850 458 non

1003 484 1117 550 evertis,
1139 485 1230 540 audi:
1257 486 1411 556 Negotium
1435 486 1517 553 illud,
1539 489 1614 558 quod
1639 489 1712 545 mihi
1733 491 1850 546 commi-

1001 574 1075 642 sisti,
1101 573 1132 629 iu
1156 589 1190 629 eo
1221 573 1273 629 tibi
1294 574 1423 630 lucidum
1447 575 1538 642 video,
1554 576 1632 648 quod
1648 593 1701 648 per
1723 584 1751 634 te
1770 595 1849 634 aver·
1950 627 1959 640 .

1002 662 1083 728 titur,
1104 677 1140 718 ne
1160 662 1236 718 bona
1256 661 1333 718 illius
1353 662 1483 718 Ecclesiae
1503 679 1556 734 per
1576 664 1708 722 inutilem
1735 683 1847 740 praepo·

1001 749 1090 806 situm
1105 749 1290 820 dissipentur.
1309 749 1363 806 Sed
1383 749 1413 804 in
1434 751 1560 806 claritate
1582 751 1637 807 ista
1656 753 1735 808 nullo
1761 754 1848 810 modo

1000 838 1097 894 videre
1118 853 1248 910 possum,
1270 842 1303 895 ut
1325 854 1377 909 per
1399 843 1427 894 te
1450 839 1552 910 religio
1572 839 1709 911 spiritalis
1732 843 1796 898 vitu
1817 843 1848 899 in

1001 926 1071 998 ipsis
1089 926 1265 982 restituatur.
1290 925 1368 982 Sicut
1392 927 1469 982 enirn
1495 928 1654 984 lutulentus
1670 935 1774 1001 puteus
1797 948 1849 1004 pn·

998 1015 1112 1071 tredine
1135 1014 1351 1072 immundorum
1375 1015 1516 1072 vermium
1545 1018 1695 1089 squalidus
1716 1025 1745 1074 et
1767 1019 1848 1076 inve·

998 1107 1120 1164 terniue,
1135 1103 1217 1158 lacile
1232 1103 1366 1158 mundari
1385 1120 1441 1159 uon
1467 1110 1577 1176 potest;
1604 1107 1643 1162 sic
1664 1107 1751 1164 etiam
1771 1110 1847 1165 mala

998 1191 1175 1248 consuetudo
1196 1197 1389 1262 pcccatorum,
1416 1193 1531 1250 dilllcile
1556 1194 1585 1248 in
1609 1195 1650 1250 eis
1668 1197 1848 1268 prohibenda

999 1279 1063 1335 erit.
1078 1279 1247 1352 Quicunque
1271 1281 1349 1337 enim
1375 1281 1477 1353 lupum
1501 1281 1582 1354 lugat
1606 1289 1635 1340 et
1652 1285 1845 1357 persequitur,

998 1383 1035 1423 ne
1049 1382 1115 1422 oves
1136 1367 1173 1422 ab
1194 1367 1244 1423 illo
1260 1369 1419 1440 rapientur,
1443 1374 1471 1425 et
1489 1371 1530 1425 ιιι
1552 1386 1600 1426 ιιι
1622 1377 1723 1444 postea
1747 1375 1776 1428 in
1800 1391 1846 1432 re·

996 1462 1071 1511 ctam
1082 1471 1218 1526 pascuam
1232 1457 1319 1525 ducit,
1334 1457 1486 1514 benefacit.
1505 1460 1585 1516 Nunc
1604 1467 1701 1516 autem
1727 1479 1759 1516 ex
1776 1479 1845 1518 cou-

91 1551 195 1601 mento
208 1546 324 1614 visibili,
340 1547 383 1600 vel
398 1547 459 1601 sola
474 1546 568 1619 specie
589 1545 724 1600 exteriori
744 1551 821 1612 sunt,
837 1545 942 1600 virtute
996 1543 1061 1600 silio
1075 1545 1230 1614 bonorum,
1249 1550 1277 1600 et
1299 1552 1464 1602 sanctorum
1489 1548 1652 1615 bominum,
1677 1550 1750 1621 elige
1766 1553 1844 1623 quod

91 1641 118 1689 et
140 1635 239 1706 gratia
261 1635 353 1706 ipsius
378 1634 562 1699 sacramenti,
588 1633 697 1689 illibata
722 1638 752 1688 et
774 1633 941 1705 incorrupta
961 1604 1050 1684 Btibi
1063 1628 1230 1697 matinensi,
1247 1630 1404 1686 secuudum
1420 1637 1525 1687 statum
1542 1633 1674 1688 Ecclesiae
1688 1635 1739 1705 qui
1759 1636 1845 1690 modo

90 1723 233 1776 divinitus
266 1728 443 1777 conservata.
473 1721 594 1786 Quando
625 1721 758 1778 sacerdos
780 1721 868 1776 verba
891 1722 943 1778 Dei
998 1721 1051 1786 est,
1066 1717 1173 1773 scilicet
1188 1723 1219 1773 ιιι
1232 1719 1328 1774 miuus
1342 1720 1448 1776 mulum
1463 1720 1594 1791 eligatur.

90 1811 237 1878 ruminat,
258 1825 365 1882 corpus
385 1810 527 1865 incarnati
550 1809 636 1865 Verbi
659 1810 708 1864 llei
730 1810 833 1865 iterato
857 1809 944 1864 confl-
1032 1804 1215 1864 cernentibus
1238 1809 1336 1862 nutem
1362 1806 1414 1874 eis,
1438 1809 1550 1879 aceepit
1569 1810 1655 1864 Jesus
1675 1827 1792 1882 ραιιιιι,
1817 1815 1845 1866 et

89 1899 179 1965 citur,
199 1915 253 1970 per
272 1898 350 1972 quod
369 1915 472 1954 omnes
496 1904 635 1954 ιιιιιιιιιι
650 1903 941 1971 processeruntque
996 1893 1139 1949 ὁιιιιιιιιιι
1151 1894 1304 1967 ecfregit,
1320 1895 1453 1968 deditque
1473 1896 1624 1968 discipulis
1642 1897 1713 1967 auis,
1735 1901 1764 1954 el
1776 1897 1842 1954 eil:

91 1989 175 2058 prins
205 2003 264 2043 non
290 1994 499 2060 apparuerunt,
527 1991 556 2041 et
577 1987 656 2058 qnod
682 1987 769 2041 etiam
799 2001 831 2040 ex
855 1986 943 2042 liaris
995 1983 1127 2056 Accipite
1137 1987 1165 2039 el
1176 1984 1315 2040 comedite
1330 2001 1336 2040 :
1353 1985 1419 2040 Hoc
1431 1989 1474 2040 est
1494 2001 1598 2058 corpus
1609 2003 1705 2042 meum
1725 1987 1842 2054 (Marte.

90 2074 208 2147 virgine
224 2075 307 2147 qnasi
329 2075 358 2130 in
379 2079 527 2129 momento
551 2075 625 2129 ictus
649 2073 727 2129 ocull
750 2075 942 2142 incarnatum,
996 2074 1083 2142 xxvi).
1101 2072 1246 2128 benedicit
1263 2073 1370 2128 scilicet
1384 2089 1489 2145 panem
1505 2091 1539 2129 ea
1558 2075 1768 2143 benedictione,
1788 2091 1845 2148 qua

90 2179 157 2218 eom
185 2163 249 2234 ipsa
271 2178 338 2218 curn
362 2163 524 2218 bumilitate
543 2162 635 2218 dixit:
658 2163 731 2220 nece
752 2161 862 2217 ancillo
880 2163 942 2219 Do·
997 2161 1032 2217 de
1047 2161 1132 2217 corde
1148 2162 1248 2230 Patris,
1264 2163 1510 2234 quemadmodum
1533 2169 1562 2218 et
1585 2163 1647 2235 ipse
1672 2164 1765 2219 exivit.
1792 2167 1845 2222 Per

90 2251 167 2307 ιιιιιιι
183 2253 265 2324 (nac.
281 2252 311 2323 ι).
330 2254 363 2308 Et
377 2268 444 2307 caro
465 2251 593 2323 ejusdem
617 2251 701 2306 Verbi
726 2250 775 2306 liei
796 2251 826 2305 in
850 2251 944 2306 verbis
997 2251 1162 2306 boceutem
1177 2250 1255 2322 qaod
1270 2249 1350 2318 dicit,
1365 2249 1470 2324 fregit,
1494 2268 1598 2323 corpus
1619 2269 1704 2309 suurn
1728 2271 1780 2326 per
1801 2254 1845 2309 in·

90 2338 253 2395 sacerdotis
267 2339 363 2406 floret,
378 2343 407 2393 et
427 2339 581 2394 immutata
600 2333 667 2393 c'aro
690 2344 862 2409 permanat:
888 2338 942 2394 llo·
995 2339 1133 2394 fixionem
1148 2339 1293 2394 clavorum
1309 2339 1523 2408 terebrandum,
1538 2346 1568 2395 at
1590 2345 1734 2397 tormento
1755 2343 1847 2398 crucis

90 2428 286 2483 minnslesus
301 2427 432 2483 cbristus
457 2428 589 2484 nondum
616 2445 717 2500 passus
737 2429 802 2496 init,
825 2428 942 2500 quando
996 2427 1169 2492 vexandum,
1188 2432 1216 2481 et
1235 2432 1334 2497 postea
1349 2427 1519 2482 mutandum
1544 2444 1616 2493 esse,
1641 2429 1775 2485 ostendit.
1802 2429 1846 2486 Sic

88 2517 180 2572 verba
203 2515 258 2570 ista
277 2514 359 2582 dixit,
380 2519 408 2570 at
431 2514 580 2586 discipulis
601 2517 661 2571 suis
685 2515 889 2588 praenuntiavit
911 2531 942 2570 se
997 2514 1074 2569 enirn
1088 2529 1212 2586 granum
1228 2529 1280 2586 per
1295 2514 1495 2570 molendinum
1511 2517 1669 2572 contritum
1689 2533 1754 2572 cum
1770 2533 1846 2590 aqua

88 2619 256 2675 passurum,
271 2610 302 2660 et
314 2603 486 2674 sanguinem
508 2620 593 2659 suum
621 2603 651 2659 iu
675 2599 854 2659 ablationem
876 2619 942 2674 pec-
996 2608 1025 2658 et
1040 2603 1107 2674 igue
1123 2603 1206 2674 panis
1229 2603 1363 2670 efficitur,
1388 2604 1428 2657 sic
1447 2603 1535 2660 etiam
1551 2620 1655 2675 corpus
1675 2607 1738 2678 ejus
1753 2607 1844 2663 multa

87 2699 222 2746 catorum
237 2689 457 2759 effundendum,
471 2693 557 2748 idest
571 2691 691 2760 ablutio,
714 2707 779 2763 quas
803 2707 855 2764 per
876 2692 942 2747 nul·
998 2689 1153 2746 afflictione
1185 2706 1344 2762 plenarum,
1368 2697 1397 2746 et
1418 2691 1549 2763 passione
1571 2693 1662 2749 erucis
1687 2695 1841 2750 contritum

88 2781 147 2835 lam
173 2795 292 2834 carnem
315 2785 383 2835 ante
407 2795 474 2835 enm
502 2779 566 2835 fleri
590 2781 701 2852 potnil;
725 2781 774 2835 sed
802 2781 833 2835 in
858 2795 943 2837 carue
998 2784 1027 2833 et
1048 2795 1100 2850 per
1126 2780 1366 2835 resurrectionem
1397 2780 1434 2835 ad
1459 2780 1704 2837 immortalitatem
1727 2783 1845 2838 robora·

87 2867 192 2938 ipsius,
219 2881 284 2938 qun
306 2866 415 2938 absque
446 2867 536 2922 livore
567 2868 676 2939 peccati
707 2883 740 2923 ιιι
767 2867 835 2941 igne
852 2867 943 2925 Patris
962 2872 1070 2956 ctum,
1088 2867 1171 2938 panis
1187 2867 1251 2922 vitae
1267 2867 1519 2924 fidelibnslaclnm
1536 2868 1676 2934 estilota
1698 2886 1765 2925 vero
1788 2887 1846 2926 non

60 2955 188 3012 ‚divina
217 2955 320 3010 existit.
345 2956 376 3010 lu
398 2954 492 3011 verbis
515 2972 584 3012 vero
607 2955 770 3018 sacerdotis.
795 2955 846 3028 qui
860 2955 942 3027 sigil-
998 2955 1154 3012 decarnali
1176 2960 1255 3027 patre
1270 2956 1300 3012 iu
1324 2961 1411 3025 terre,
1436 2957 1486 3012 sed
1508 2956 1545 3011 de
1564 2956 1672 3028 Spiritu
1697 2963 1795 3014 sancto
1815 2959 1845 3013 in

88 3044 173 3099 latim
190 3059 279 3115 snper
299 3045 644 3117 utrumquesncritlcium
667 3045 811 3112 dicantur,
834 3050 863 3099 et
882 3046 942 3100 sin·
996 3044 1114 3114 Virgine
1154 3049 1323 3117 conceptum
1360 3049 1416 3114 est,
1448 3060 1507 3100 non
1540 3045 1634 3118 potuit
1663 3052 1712 3102 unt
1745 3047 1846 3103 debuit

87 3133 214 3204 galatim
245 3133 350 3188 virtute
368 3133 507 3191 ditissimi
534 3135 617 3206 quasi
640 3135 672 3189 in
700 3140 848 3189 momento
870 3133 943 3188 ictus
995 3133 1187 3204 corpusidem
1208 3132 1238 3187 iu
1254 3133 1365 3188 cineres
1385 3133 1477 3204 redigi
1498 3135 1542 3188 ael
1563 3134 1670 3206 spargi,
1692 3151 1743 3207 por
1766 3136 1844 3208 quod

87 3222 168 3276 ocuti
211 3229 422 3277 sacramentum
465 3224 595 3295 corporis
634 3227 664 3279 et
694 3222 844 3294 sanguinis
873 3223 942 3277 lesu
995 3222 1094 3276 anima
1117 3227 1147 3276 et
1166 3237 1269 3294 corpus
1294 3222 1435 3294 cujusque
1460 3221 1571 3279 homini
1595 3223 1629 3279 ad
1654 3225 1844 3281 salvationem

86 3310 199 3366 Christi
222 3310 264 3365 ιιι.
298 3311 331 3366 nt
353 3310 448 3366 officio
465 3311 563 3367 altaris
582 3311 792 3367 rationabiliter
813 3316 941 3382 peracto,
993 3308 1174 3378 reficiuntur,
1190 3309 1263 3364 sicut
1277 3309 1365 3366 etiam
1378 3309 1466 3382 punis
1480 3327 1530 3366 cor
1550 3310 1674 3368 luminis
1692 3313 1845 3384 confirmat

86 3400 183 3454 multa
208 3399 341 3454 remissio
364 3405 546 3471 peccatorum
568 3400 639 3456 vivis
659 3407 689 3457 et
713 3400 853 3456 defunctis
874 3415 941 3471 pro·
995 3397 1089 3466 (Prul.
1105 3397 1175 3467 clar).
1191 3397 1279 3452 llaria
1301 3403 1396 3454 autem
1418 3404 1495 3454 terra
1518 3403 1589 3466 erat,
1614 3399 1644 3455 in
1668 3416 1727 3472 qne
1747 3406 1846 3457 sancta

85 3487 177 3542 venit
205 3487 233 3542 Si
258 3493 356 3542 autern
381 3503 434 3560 per
458 3487 666 3560 negligentiam
688 3489 787 3544 vinum
815 3493 844 3544 et
864 3503 941 3560 aqua
993 3485 1128 3541 divinitas
1155 3502 1279 3558 granum
1313 3487 1394 3554 sevit,
1430 3488 1538 3543 ιιιιιιιι
1566 3487 1657 3544 lilium
1683 3505 1778 3559 suom,
1809 3490 1844 3547 de

84 3575 246 3643 doluerint,
268 3576 312 3630 vel
337 3577 397 3632 sola
416 3591 490 3648 aqna
512 3576 552 3633 ibi
577 3577 673 3645 luerit,
696 3578 725 3632 iu
748 3577 842 3633 verbis
866 3593 939 3648 proe-
993 3573 1075 3643 cujus
1091 3589 1210 3644 corpore
1232 3574 1326 3629 omnis
1351 3573 1445 3629 fidelis
1467 3575 1562 3630 vivere
1586 3575 1682 3643 debet,
1706 3577 1844 3648 quemad·

86 3663 173 3718 dictis
188 3678 294 3735 corpus
316 3664 432 3719 Domini
453 3665 496 3733 ιιι,
520 3664 551 3719 in
574 3681 605 3720 se
624 3664 734 3720 habens
757 3665 937 3736 sangninem.
994 3661 1114 3715 modum
1130 3661 1217 3716 etiam
1240 3661 1275 3716 de
1297 3676 1383 3733 pane.
1405 3662 1456 3734 qui
1479 3679 1515 3718 ex
1536 3663 1635 3734 granis
1659 3663 1692 3720 ιιι
1713 3665 1844 3722 homines

88 3751 122 3806 ln
138 3751 229 3806 calice
243 3756 340 3807 autem
360 3751 486 3823 sanguis,
502 3753 599 3826 quiin
620 3754 754 3824 passione
767 3769 819 3807 sua
832 3751 940 3808 ediusus
992 3745 1104 3815 vivunt,
1121 3747 1150 3802 id
1165 3746 1248 3802 estin
1262 3763 1343 3802 coeua
1364 3763 1425 3803 sua.
1449 3747 1559 3819 Corpus
1582 3755 1677 3805 tamen
1700 3753 1779 3809 dedit
1801 3753 1844 3808 eis

86 3846 143 3907 est,
160 3856 219 3895 non
234 3840 276 3908 ιιι,
288 3840 357 3912 qnia
372 3840 471 3895 viuum
494 3847 523 3895 et
536 3857 610 3912 aqua
634 3839 796 3904 defuerunt,
820 3841 865 3895 vel
879 3842 940 3898 sola
992 3833 1169 3905 impassibile
1187 3835 1284 3890 divine
1302 3835 1431 3908 potentia
1452 3853 1503 3892 sua
1525 3838 1554 3892 iu
1579 3839 1777 3910 salvationem,
1807 3859 1842 3898 eo

87 3947 166 4003 aqua
186 3928 226 3984 ibi
249 3929 315 3998 fuit,
343 3930 419 3986 unde
449 3929 545 3986 denuo
573 3929 675 3986 endem
699 3931 785 3985 verba
803 3939 833 3986 nt
857 3929 940 4001 signa
992 3923 1071 3996 quod
1086 3922 1191 3994 gaudia
1213 3929 1330 3979 aetetnae
1356 3925 1529 3992 salvationis,
1554 3928 1686 3997 passione
1711 3930 1841 3986 omilium

85 4018 248 4090 repetenda
267 4023 345 4084 sunl,
375 4018 444 4090 quia
463 4017 636 4074 sacrificium
655 4017 715 4073 vini
735 4023 765 4074 et
789 4034 873 4090 aqum
891 4033 940 4074 ne·
991 4011 1122 4068 dolorum
1142 4018 1268 4080 careant,
1292 4017 1322 4069 ιι
1341 4013 1396 4068 hoc
1415 4013 1442 4068 ei
1464 4013 1599 4085 possibile
1622 4015 1692 4084 lnit;
1717 4017 1786 4090 quia
1810 4018 1842 4073 in

86 4108 217 4178 glectum
231 4106 297 4170 luit,
312 4111 342 4161 et
354 4106 452 4161 statim
465 4121 498 4161 ex
513 4122 590 4179 aqna
603 4111 633 4162 et
654 4106 721 4162 vino
742 4106 860 4178 sanguis
879 4123 938 4164 neu
992 4101 1085 4156 aliena
1100 4106 1201 4158 natura
1214 4102 1300 4156 homo
1311 4105 1369 4168 est;
1385 4105 1414 4156 et
1435 4101 1501 4157 ideo
1523 4104 1656 4158 eumdem
1682 4120 1787 4176 panem
1811 4107 1842 4161 in

85 4196 199 4264 aridos,
214 4195 263 4249 sed
278 4193 434 4266 integeret
452 4195 555 4264 fluens,
579 4195 623 4264 lit,
638 4211 759 4268 corpore
781 4201 879 4251 minen
896 4195 937 4252 ita
955 4186 1139 4246 lldivinitate
1155 4207 1206 4246 sua
1228 4190 1385 4247 benedixit.
1407 4191 1475 4246 llam
1497 4207 1550 4263 per
1564 4193 1619 4248 hoc
1640 4194 1718 4264 quud
1733 4211 1839 4266 panem

85 4287 290 4354 permanente,
325 4287 359 4338 ut
386 4282 417 4337 in
446 4283 540 4339 verbis
568 4284 719 4339 antedictis
748 4284 854 4340 lactum
875 4289 935 4354 est3
992 4277 1089 4350 tregit,
1122 4278 1163 4334 eis
1190 4279 1354 4348 innotescit,
1385 4295 1415 4336 se
1444 4279 1606 4336 desiderare
1633 4282 1710 4338 idem
1736 4300 1840 4357 corpus

85 4373 136 4427 sed
153 4371 306 4443 sangiune,
334 4370 385 4441 qui
408 4371 488 4442 prius
508 4371 611 4440 deluit,
637 4378 667 4427 et
693 4373 798 4445 gaudio
827 4373 938 4430 radam
992 4383 1142 4439 snumpro
1157 4367 1356 4440 redemptione
1371 4370 1492 4426 humani
1515 4369 1629 4442 generis
1653 4371 1789 4441 passibile
1809 4373 1841 4430 in

85 4459 191 4532 pteris,
206 4475 264 4532 qua
278 4459 366 4515 bomo
381 4459 518 4516 liberatos
533 4466 585 4529 est,
607 4461 773 4517 adornatur.
795 4461 871 4530 llaec,
894 4461 937 4518 lili
990 4459 1116 4511 enodem
1130 4456 1215 4523 tradi,
1232 4473 1284 4512 uec
1306 4457 1341 4513 ab
1362 4457 1419 4514 alio
1440 4458 1475 4530 (si
1496 4459 1556 4532 ipsa
1571 4461 1670 4532 nollet)
1688 4461 1741 4518 sibi
1763 4478 1841 4518 mor-

87 4547 151 4613 nei,
169 4546 200 4602 in
226 4563 293 4603 vero
314 4547 424 4603 lumine
451 4548 524 4604 mibi
548 4553 671 4616 ostensa,
695 4548 749 4604 tibi
772 4549 882 4620 scripsi,
906 4552 937 4604 ut
990 4547 1048 4598 tem
1060 4543 1161 4600 inferri
1180 4561 1272 4616 posse.
1291 4547 1327 4602 nt
1344 4547 1491 4619 accipiens
1509 4547 1640 4617 culinen,
1656 4549 1769 4620 gratius
1782 4551 1841 4624 epit

85 4636 218 4692 noardes
239 4637 290 4692 bel
312 4637 379 4692 ιρι)
397 4638 496 4694 animo
526 4639 589 4709 flas,
614 4639 795 4712 spiritusque
823 4646 938 4696 sanctu,
992 4631 1109 4702 (Mutila.
1133 4635 1219 4704 xxva),
1236 4634 1286 4705 qui
1304 4651 1358 4704 per
1377 4634 1544 4691 allusionem
1567 4639 1715 4709 sanguinis
1731 4639 1776 4694 sui
1792 4641 1841 4695 bo·

85 4725 206 4793 alliciat,
232 4730 375 4798 qnatenus
400 4743 467 4783 vera
489 4727 664 4796 bumilitate,
686 4733 717 4783 at
737 4729 885 4801 patientia,
909 4735 938 4784 at
991 4723 1101 4779 minem
1122 4724 1158 4780 de
1181 4725 1270 4782 livore
1290 4731 1473 4797 peccatorum
1496 4728 1697 4800 redempturus
1719 4735 1791 4786 erat.
1806 4731 1841 4786 Et

84 4813 311 4870 mausuetudine
326 4817 441 4887 egnum
458 4816 508 4872 llei
530 4816 664 4884 imiteris,
678 4823 739 4874 ete
759 4817 937 4890 quotidianis
990 4811 1072 4868 dedit
1093 4811 1152 4868 illis
1174 4813 1346 4885 sangninem
1366 4816 1433 4870 novi
1456 4817 1629 4886 testamenti,
1655 4817 1764 4874 scilicet
1787 4821 1840 4874 sal·

82 4901 220 4973 peccatu,
237 4917 302 4975 quas
325 4904 409 4959 vitari
433 4920 493 4960 non
522 4911 653 4976 pmnnt,
676 4922 743 4962 vura
766 4908 937 4980 poenitemia
991 4900 1133 4956 vallonem
1163 4901 1349 4973 perficiendo,
1371 4920 1437 4976 qnae
1472 4904 1572 4977 utique
1593 4906 1623 4961 in
1645 4907 1734 4963 veteri
1756 4911 1840 4964 testa-

84 4989 200 5055 laveris,
216 4995 246 5044 et
267 5006 285 5044 a
306 4991 420 5047 sarcina
440 4991 647 5061 criminalium,
671 5009 738 5066 qun
761 4995 842 5066 quusi
865 5009 935 5050 eon·
989 4994 1089 5045 rneuto
1104 4989 1226 5047 inveniri
1241 5007 1300 5048 nou
1326 4992 1430 5066 potnit.
1448 4992 1530 5059 Quod
1554 4999 1650 5050 autem
1673 4994 1755 5064 dixit,
1780 5012 1838 5052 non

83 5074 160 5131 vivio
183 5075 407 5146 perpetrantem
429 5076 504 5131 Dens
523 5077 708 5148 omnipotens
730 5085 760 5133 ts
783 5079 934 5148 custodiat,
989 5093 1020 5134 se
1035 5077 1070 5134 de
1093 5079 1240 5150 genimine
1265 5081 1330 5136 vitis
1351 5081 1439 5152 buius
1457 5081 1627 5152 bibiturum,
1651 5083 1741 5140 donec
1764 5085 1838 5141 illud

84 5168 118 5219 nt
139 5163 171 5218 in
198 5163 344 5220 munditia
361 5163 399 5231 ei,
420 5163 490 5220 dum
512 5165 592 5235 vivis,
613 5165 654 5220 ita
677 5166 792 5234 servias,
817 5170 936 5238 etpost
990 5183 1096 5223 novum
1113 5168 1225 5224 biberat
1246 5169 1276 5225 in
1295 5185 1384 5242 reguo
1405 5170 1496 5226 Patris
1518 5171 1573 5240 sni,
1598 5171 1653 5228 boc
1673 5173 1713 5228 ιιι
1733 5171 1838 5230 intelli·

83 5255 175 5312 linem
190 5255 279 5326 bajas
293 5256 370 5324 vitae,
386 5255 416 5311 in
427 5271 542 5312 summa
556 5255 734 5312 beatitudine
748 5257 779 5311 iu
793 5263 935 5314 aurnum
989 5256 1116 5328 gendum
1135 5262 1189 5328 ast,
1212 5275 1244 5314 ac
1262 5259 1286 5314 si
1303 5259 1411 5315 diceret
1426 5274 1433 5314 :
1448 5259 1541 5315 Donec
1555 5275 1604 5316 eas
1627 5266 1656 5316 et
1675 5261 1746 5318 alias
1772 5263 1838 5318 aui-

83 5362 150 5402 cum
174 5345 239 5417 ipso
260 5345 398 5416 gaudeas.
425 5345 448 5402 0
472 5359 555 5401 serve
578 5344 640 5413 llei,
661 5345 712 5417 qui
735 5345 766 5400 in
784 5344 861 5402 bona
884 5362 934 5401 vo·
989 5359 1050 5400 mas
1064 5350 1176 5402 ιιιιιιι
1190 5346 1221 5402 ιιι
1240 5361 1362 5418 regnum
1384 5347 1474 5402 Patris
1497 5347 1541 5402 ιιιι
1564 5348 1595 5403 ιιι
1619 5350 1726 5421 gaudio
1751 5353 1838 5408 susci-

82 5433 198 5488 lnntata
218 5431 256 5486 ad
281 5430 436 5486 utilitatem
459 5431 502 5486 ιιι
530 5436 558 5491 et
580 5431 706 5487 aliorum
730 5431 823 5488 multa
843 5431 879 5488 ad
904 5437 933 5488 te
988 5438 1071 5505 peret
1085 5449 1137 5506 per
1160 5433 1330 5491 effusionem
1352 5434 1500 5508 sanguinis
1521 5437 1576 5492 sui.
1598 5437 1735 5496 [lominus
1756 5441 1836 5497 lesus
