3984 6034
93 199 170 251 itti
654 194 810 250 rtlt'Slcu.
822 223 856 236 -·
872 193 936 249 ulti.
958 192 1006 262 ΙΙΙ,
1027 193 1072 248 DE
1091 192 1300 250 ,tumulans
1783 202 1850 255 sulit

92 350 198 407 panno
221 333 409 405 constringat,
424 335 453 388 et
474 332 515 388 sio
532 330 668 402 dormiat,
688 337 719 388 et
739 331 796 388 hoc
817 345 894 404 seps
908 329 950 386 la·
971 329 1034 388 usi
1048 328 1113 401 quis
1128 345 1197 402 ergo
1221 333 1335 402 pectora
1355 333 1385 386 et
1396 329 1535 402 pulmone
1550 331 1638 398 dolet,
1653 331 1683 386 id
1698 336 1742 387 eat
1769 333 1849 388 dum-

93 423 168 490 oiat,
182 418 946 495 etcaligioemoouiorumiugabitetrlariussidebit.
1001 418 1077 489 phet,
1108 419 1266 476 birbaumes
1289 417 1382 474 mistel
1407 415 1525 491 [siecum
1541 419 1598 491 piri
1619 419 1675 490 ed]
1700 426 1795 476 sumat
1821 426 1850 477 et

93 511 157 568 Sed
171 527 238 568 cnm
251 511 282 567 in
292 527 381 568 uerno
396 516 527 582 tempore
537 509 567 565 irr
580 510 702 580 affaldra
712 509 814 581 primas
824 509 950 580 eruptio·
1003 523 1069 562 sum
1093 508 1262 579 pulverizet,
1278 513 1307 562 at
1323 507 1390 562 huic
1409 509 1520 579 pulveri
1544 508 1634 564 alium
1650 509 1797 581 pulverem
1813 510 1848 566 do

94 600 157 662 nia,
169 600 198 656 id
209 602 368 671 estceppios'
378 596 512 672 [cespites
519 597 559 671 Ι),
570 598 741 669 procedunt,
753 596 947 652 ramusculum
1003 595 1147 667 liquiricio
1162 597 1257 664 addat,
1271 599 1301 651 et
1314 594 1355 650 its
1374 594 1491 667 jejunus
1506 613 1539 652 ao
1554 612 1677 669 pransus
1691 615 1757 654 eum
1772 614 1848 670 soepa

93 703 194 741 unum
215 687 325 758 absque
346 685 422 742 ferro
440 685 609 741 abscisionis
637 685 787 757 abrumpo,
811 689 840 740 et
854 683 948 739 oorri·
1002 685 1145 753 comedat,
1173 689 1202 739 et
1221 685 1250 738 in
1275 690 1390 755 pectora
1405 689 1456 739 aot
1476 684 1505 740 in
1528 687 1664 756 pulmone
1684 686 1787 743 melius
1800 688 1849 743 bn-

95 776 181 847 giam
196 775 271 831 cerri
292 773 323 830 in
345 774 438 846 ipsam
453 774 606 845 eruptione
627 772 739 829 arboris
762 777 791 828 et
806 772 879 827 rami
894 773 948 828 bac
1001 771 1090 828 bebit.
1102 773 1157 829 Sed
1172 772 1222 844 qui
1236 773 1311 842 piobt
1330 769 1495 846 [paralysim
1509 773 1565 844 ed]
1582 774 1699 846 patitur,
1712 775 1846 832 eumdem

94 870 127 918 et
150 863 217 919 iliae
228 863 318 926 trabe.
340 869 371 918 nt
384 862 421 918 de
434 877 519 917 socco
538 861 601 933 ejus
615 861 733 917 madida
753 862 813 930 list,
833 866 862 917 et
881 877 946 918 rum
1001 862 1091 918 mistel
1107 861 1236 933 pirorum
1250 875 1367 916 sueram
1381 867 1498 933 gustum
1515 860 1668 920 habentem
1692 863 1843 920 inscissum

94 950 140 1006 ibi
153 951 241 1007 nichil
258 952 323 1022 plus
336 949 483 1006 maditatis
496 949 629 1015 aenmris,
645 954 714 1005 torre
722 949 838 1004 cultello
852 948 946 1018 ipsam
1001 957 1121 1020 perires
1134 949 1234 1007 disset
1248 957 1346 1006 noctes
1360 950 1425 1006 oleo
1439 951 1523 1006 olive
1539 951 1678 1024 imponat,
1695 957 1725 1008 et
1746 960 1848 1024 postea

94 1040 281 1113 eruptionum
304 1039 434 1094 minimis
451 1038 556 1094 ictibus
575 1037 679 1105 incide,
697 1037 728 1093 id
745 1041 789 1092 eat
804 1037 897 1104 boclsc,
914 1042 947 1092 ut
1002 1039 1110 1094 cervini
1133 1039 1195 1111 sepi
1209 1038 1255 1096 bis
1278 1043 1389 1095 tantum
1407 1047 1441 1096 ut
1465 1040 1522 1096 olei
1540 1043 1576 1096 ad
1595 1041 1692 1114 ignem
1714 1042 1846 1113 resolsat,

94 1129 166 1202 plus
181 1126 312 1184 humoris
326 1127 462 1200 profluat,
476 1125 556 1183 etita
569 1125 724 1197 corrigiam
744 1125 824 1181 iliam
845 1124 877 1180 in
897 1139 946 1181 eo·
1001 1132 1030 1184 et
1043 1127 1150 1200 spicam
1171 1128 1254 1184 nardi
1278 1129 1353 1185 bane
1368 1128 1521 1184 contritam
1544 1133 1572 1184 at
1588 1131 1794 1186 comminutam
1809 1132 1848 1186 ei·

95 1218 167 1273 dem
182 1217 244 1271 loeo
258 1220 288 1271 at
301 1216 406 1288 inipso
421 1230 503 1271 ramo
521 1214 672 1283 trahendo,
687 1228 771 1270 succo
787 1211 838 1268 illo
850 1227 947 1284 quan·
1000 1215 1065 1273 dem
1080 1233 1149 1289 sepo
1164 1232 1216 1289 par
1226 1217 1297 1272 duas
1312 1217 1375 1272 dies
1390 1221 1420 1272 et
1433 1223 1531 1272 noctes
1546 1217 1687 1290 imponat,
1702 1224 1731 1275 et
1743 1219 1847 1276 deinde

94 1310 163 1360 turn
185 1305 294 1376 potaris
307 1302 458 1377 pertunde,
482 1309 513 1358 et
531 1308 600 1359 tunc
622 1301 654 1358 in
675 1300 828 1358 humidum
851 1301 946 1356 locam
1001 1306 1097 1362 oleum
1120 1322 1187 1363 oum
1208 1305 1294 1372 visco,
1318 1305 1364 1361 cui
1393 1304 1545 1378 impositus
1564 1306 1627 1370 luit,
1643 1307 1755 1362 fortiter
1779 1324 1847 1364 con·

96 1410 164 1450 eam
175 1410 260 1466 pone,
276 1401 309 1450 ot
325 1394 637 1465 succomillomqnem
653 1392 690 1449 de
704 1391 808 1446 arbore
822 1394 946 1445 strumo
1000 1395 1114 1460 tundat,
1136 1399 1165 1452 et
1187 1409 1302 1452 succum
1317 1409 1369 1467 per
1386 1411 1517 1467 pannum
1535 1397 1687 1467 exprimat,
1709 1403 1739 1453 at
1759 1397 1846 1453 etiarn
1884 1401 1890 1406 ’

95 1483 209 1555 accepit
233 1487 314 1538 tanto
334 1483 400 1556 plus
420 1483 452 1538 iu
473 1497 504 1538 se
528 1485 623 1537 sumat
641 1480 691 1551 (Ι).
717 1480 750 1535 Et
776 1479 801 1534 si
823 1478 888 1547 quis
910 1478 946 1534 do
1001 1485 1148 1540 cervinum
1168 1500 1268 1556 sepum
1283 1499 1349 1539 oum
1365 1485 1444 1555 spica
1459 1483 1494 1539 ad
1510 1484 1608 1555 ignem
1624 1485 1735 1540 modice
1750 1485 1845 1541 denuo

95 1574 173 1638 ΩῑΰΜ
196 1571 225 1626 io
251 1571 370 1626 “mihil⁸
391 1575 441 1626 ⁸¹¹2
471 1571 502 1625 ΙΙΙ
531 1569 645 1626 dmm
670 1568 816 1639 infigatur,
844 1567 945 1623 eadum
1000 1573 1135 1630 resolvat.
1150 1573 1195 1645 [Et
1209 1573 1258 1629 ubi
1273 1572 1411 1645 paralysis
1425 1573 1456 1629 in
1471 1572 1682 1640 bominaiorit,
1700 1589 1767 1629 aum
1782 1589 1846 1646 per-

95 1659 223 1732 corrigia
237 1659 280 1714 ibi
302 1659 339 1715 ad
363 1659 470 1716 nudam
493 1674 609 1715 carnem
627 1673 658 1714 se
672 1657 781 1728 cingat,
797 1661 831 1712 ot
844 1656 945 1712 saccus
964 1635 986 1692 B
1002 1667 1100 1734 ungat,
1124 1667 1154 1717 et
1179 1661 1336 1734 fugabitur,
1357 1660 1414 1717 nisi
1432 1661 1653 1718 tundamentum
1676 1662 1778 1718 mortis
1804 1661 1846 1718 ibi

96 1763 186 1820 quem
207 1749 243 1804 de
270 1747 408 1820 praedicta
422 1747 545 1818 opotdro
556 1745 671 1803 attraxit
689 1745 725 1802 ad
738 1759 855 1802 munem
867 1746 946 1801 illius
999 1750 1045 1806 sit.
1062 1750 1140 1807 Add.
1155 1749 1211 1822 cd]

95 1843 236 1906 transeat,
251 1843 280 1894 et
298 1837 339 1892 sio
360 1836 465 1893 melius
478 1836 603 1894 habebit.
618 1836 651 1891 lit
665 1835 716 1908 qui
736 1839 786 1890 aut
806 1835 842 1890 de
862 1833 945 1888 intir-
1035 1839 1155 1894 Fructus
1176 1845 1273 1894 autom
1297 1839 1355 1910 piri
1377 1837 1472 1910 graris
1491 1843 1545 1908 ost,
1573 1841 1603 1894 at
1624 1837 1802 1910 ponderosus
1816 1846 1847 1898 et

95 1925 315 1998 mitatejecoris
336 1930 387 1982 aut
413 1925 531 1998 splenis,
547 1929 598 1980 aut
619 1925 656 1979 de
677 1924 761 1980 malis
774 1923 946 1979 humoribus
998 1943 1083 2000 asper
1097 1932 1156 1995 sst;
1181 1931 1209 1983 et
1230 1929 1338 2000 siquis
1359 1943 1425 1983 eom
1448 1927 1570 1984 aradum
1596 1927 1741 1999 superflue
1763 1945 1843 1986 com·

96 2017 207 2071 ventris
231 2019 283 2070 aut
304 2014 445 2070 stomachi
469 2018 520 2070 sut
539 2013 576 2069 ds
603 2013 770 2085 emigranea
791 2012 823 2067 io
851 2011 945 2084 eapite
999 2015 1100 2082 ederit,
1114 2016 1311 2088 emigraneam
1332 2015 1362 2071 in
1377 2015 1471 2087 capita
1485 2014 1548 2087 ejus
1561 2020 1646 2086 parat
1662 2020 1749 2085 atque
1768 2014 1845 2071 duro-

96 2104 187 2171 dolet‚
210 2103 319 2176 primas
340 2103 517 2175 eruptiones,
531 2101 562 2158 id
583 2107 626 2158 ast
646 2103 756 2173 ceppini
773 2100 810 2157 de
822 2100 946 2171 apeldra
995 2106 1071 2175 pluo
1088 2105 1211 2176 [luorum
1230 2105 1284 2178 cdl
1303 2103 1340 2176 (Ι)
1362 2110 1478 2176 pectore
1492 2104 1555 2176 ejus
1570 2103 1649 2171 iacit,
1664 2104 1845 2175 quoniamst

97 2193 228 2266 accipiat,
253 2198 282 2248 et
302 2208 350 2248 eas
366 2192 397 2247 iu
413 2191 601 2248 baumoleum
623 2195 724 2262 ponat,
748 2194 777 2245 ot
796 2190 835 2245 sd
854 2189 943 2245 solem
999 2193 1030 2250 in
1046 2195 1183 2266 pulmone
1198 2193 1234 2250 de
1261 2208 1346 2248 suooo
1368 2193 1430 2265 ejus
1453 2193 1613 2262 attrahant,
1634 2197 1663 2249 et
1676 2192 1720 2247 iu
1739 2207 1769 2248 se
1790 2192 1843 2248 ali-

96 2283 129 2338 in
147 2281 263 2337 rmculo
287 2280 442 2350 calefaciat,
457 2286 488 2336 et
505 2280 542 2336 ad
559 2284 683 2345 noctem,
702 2293 768 2333 com
788 2277 945 2333 dormitum
999 2286 1141 2353 qnantum
1155 2282 1275 2348 ducunt,
1287 2281 1328 2336 ita
1342 2281 1419 2353 quod
1435 2281 1513 2337 idem
1523 2281 1706 2338 suoouseirca
1718 2281 1843 2351 jecorem

96 2371 186 2438 radit,
201 2371 282 2428 bibat
306 2374 336 2427 ct
361 2372 416 2427 biso
440 2385 517 2440 sepe
535 2369 632 2436 facist,
647 2367 719 2424 etin
733 2367 827 2439 capita
841 2365 946 2422 melius
1000 2375 1030 2424 at
1053 2369 1128 2424 circa
1151 2371 1320 2442 pulmonem
1342 2369 1422 2424 reiut
1441 2368 1535 2424 sinder
1558 2369 1670 2441 plumbi
1685 2379 1714 2424 ut
1729 2372 1843 2424 scriosius

96 2460 227 2516 habebit.
239 2454 944 2529 -Eliuremotempnre,cumjsmtlorasproce·
1000 2456 1168 2524 indurescit,
1188 2473 1220 2512 ao
1241 2456 1306 2513 ideo
1320 2455 1351 2511 iu
1362 2456 1460 2527 J'eoore
1482 2462 1511 2511 ot
1525 2457 1555 2512 in
1579 2459 1717 2529 pulmone
1740 2459 1843 2512 mutio·

97 2550 181 2619 dunt,
203 2548 301 2620 aocips
317 2553 437 2614 terram,
453 2563 519 2620 quar
534 2548 610 2601 eirea
623 2544 751 2618 prelatas
770 2543 882 2598 arboris
895 2558 946 2598 ra-
998 2545 1078 2601 oiens
1097 2559 1210 2616 magnae
1231 2545 1415 2601 infirmitates
1434 2543 1519 2600 hunt.
1543 2545 1578 2600 Et
1595 2549 1628 2601 ut
1648 2545 1735 2601 etiam
1756 2544 1842 2600 homo

97 2637 192 2693 dicem
215 2641 268 2705 est,
289 2639 318 2691 et
340 2651 404 2691 snm
430 2636 465 2692 ad
482 2635 581 2705 ignem
604 2633 719 2700 colatae,
735 2637 764 2686 ot
777 2631 801 2686 si
814 2630 880 2703 quis
895 2635 946 2685 aut
1000 2633 1036 2689 de
1049 2634 1138 2689 odore
1152 2632 1212 2688 vini
1229 2632 1375 2689 interdum
1390 2632 1517 2705 plenius,
1535 2632 1575 2688 ita
1587 2632 1674 2690 eiiam
1699 2633 1843 2689 anhelitus

96 2726 130 2780 in
149 2726 273 2797 scapulis
290 2729 342 2780 aut
362 2724 393 2779 in
414 2722 520 2790 madeo,
549 2726 600 2777 aut
620 2721 651 2776 in
669 2731 770 2776 ventre
795 2718 882 2786 dolet,
904 2719 946 2775 its
999 2723 1062 2794 ejus
1083 2737 1166 2777 suooo
1191 2721 1248 2794 piri
1274 2721 1474 2777 commiscetur
1496 2725 1526 2776 et
1549 2721 1731 2794 asperitatem
1753 2721 1843 2794 ipsius
1873 2733 1874 2736 ’

97 2813 225 2868 calidum
237 2811 303 2868 loeo
317 2810 425 2867 doloris
446 2823 620 2882 superpone,
638 2813 669 2865 ot
690 2808 795 2863 melius
816 2806 943 2862 babebit.
999 2811 1085 2883 capit.
1117 2811 1196 2867 Unde
1222 2809 1309 2867 etiam
1338 2809 1400 2880 ille,
1425 2815 1579 2882 postquam
1595 2810 1717 2866 crudum
1748 2811 1842 2882 pirum

99 2902 154 2958 Sed
166 2907 317 2974 postquam
332 2900 442 2955 tructus
456 2899 585 2970 ejusdem
596 2896 708 2953 arboris
717 2895 779 2967 jum
791 2895 943 2964 creverint,
963 2899 1165 2994 ccomederit,
1199 2899 1360 2956 anhelitum
1382 2898 1537 2955 difficulter
1567 2899 1598 2954 in
1627 2916 1657 2954 sa
1676 2901 1773 2968 trahit,
1802 2902 1843 2958 ita

99 2990 140 3045 ita
154 2991 233 3062 quod
256 3003 433 3060 grossescere
447 2986 602 3058 incipiunt,
617 2990 686 3042 tunc
707 2992 785 3041 terra
806 2982 860 3039 ista
874 2999 942 3039 oon·
999 2988 1079 3061 quod
1101 2989 1186 3044 etiam
1206 2987 1305 3043 milltes
1326 2987 1508 3042 infirmitates
1534 2987 1565 3043 iu
1590 2992 1705 3060 pociora
1723 2988 1786 3059 ejus
1809 3004 1842 3044 es

95 3085 143 3134 tra
160 3078 212 3134 has
226 3077 408 3133 infirmitates
421 3076 548 3147 amplius
570 3089 629 3130 non
645 3075 729 3142 vaiet,
753 3073 823 3146 quia
837 3073 944 3128 humor
998 3077 1053 3133 hoo
1078 3077 1225 3134 interdum
1248 3075 1333 3142 bunt,
1355 3075 1502 3148 quiscum
1519 3075 1679 3132 riresroris
1698 3076 1772 3132 ciros
1792 3093 1842 3132 or-

97 3168 226 3240 ejusdem
241 3171 326 3221 terre
345 3171 375 3222 et
402 3181 502 3220 saccus
521 3164 611 3236 ipsius
624 3163 735 3219 arboris
754 3163 815 3233 jam
829 3162 860 3216 in
881 3162 942 3217 tro-
996 3171 1060 3222 tum
1075 3165 1133 3221 diei
1148 3164 1326 3230 dilabuntur,
1341 3169 1409 3220 tune
1426 3163 1461 3219 da
1479 3179 1543 3218 rore
1556 3163 1606 3219 illo
1625 3165 1689 3236 pira
1703 3165 1841 3234 quesierit,

95 3264 159 3313 ctus
183 3255 249 3312 illos
263 3254 401 3323 mcendit,
422 3259 452 3309 et
471 3255 537 3310 idco
558 3259 637 3308 tanto
663 3251 787 3308 debilior
810 3251 842 3307 in
867 3255 943 3307 terra
996 3261 1027 3310 at
1052 3253 1119 3310 ideo
1142 3235 1232 3309 etium
1251 3251 1353 3308 noxios
1375 3252 1511 3308 humores
1535 3252 1566 3308 in
1580 3252 1698 3309 hominu
1722 3252 1842 3323 luriunt,

95 3347 145 3402 illn
157 3351 187 3401 et
202 3347 232 3400 iu
254 3343 344 3400 ramis
368 3347 421 3398 est,
444 3341 500 3399 Sed
521 3341 630 3398 tructus
644 3340 724 3396 illius
746 3340 856 3395 arboris
869 3341 940 3396 laris
996 3343 1133 3416 quoniam
1147 3341 1179 3398 in
1202 3341 1346 3398 defluente
1363 3357 1431 3398 rore
1444 3346 1585 3410 amount,
1600 3341 1657 3397 nisi
1671 3347 1840 3414 coquantur.

96 3438 139 3488 est
163 3440 193 3489 et
213 3431 295 3488 facile
317 3431 411 3504 digeri
430 3436 535 3503 potest,
561 3434 590 3486 et
606 3432 712 3486 crudus
733 3435 877 3485 comestus
895 3445 939 3484 sa-
996 3432 1077 3488 Unde
1089 3431 1140 3504 qui
1157 3431 1219 3503 pira
1232 3431 1382 3486 comedere
1399 3431 1469 3498 vult,
1490 3446 1523 3486 ea
1543 3429 1574 3486 in
1594 3447 1670 3504 aqua
1685 3437 1785 3503 ponat,
1797 3431 1843 3488 rel

96 3540 148 3580 nos
165 3522 298 3578 homines
314 3536 373 3578 non
388 3520 476 3589 lecit,
501 3517 712 3592 quiaeuusros
727 3516 941 3574 infortitudine
994 3518 1031 3573 ad
1058 3519 1157 3590 ignem
1179 3524 1271 3586 asset3
1301 3517 1349 3574 sed
1383 3523 1480 3574 umen
1508 3524 1587 3574 eootn
1618 3518 1739 3574 meliors
1776 3523 1844 3574 sunt

95 3629 147 3668 sun
168 3618 221 3681 est,
245 3612 352 3668 seilicet
372 3611 448 3684 quod
469 3627 486 3664 a
504 3607 600 3682 primo
618 3623 721 3664 somno
746 3607 838 3663 noetis
850 3607 942 3661 virtus
995 3621 1084 3678 quam
1106 3611 1209 3674 assata,
1224 3607 1293 3679 quin
1309 3604 1401 3660 ualida
1418 3619 1493 3677 aqua
1506 3605 1640 3660 nocisum
1659 3621 1775 3662 sucouor
1792 3607 1842 3678 qui
1860 3619 1864 3628 ·

96 3701 158 3773 ejus
175 3701 336 3757 extenditur
358 3715 449 3771 nsque
463 3697 522 3753 lere
535 3695 605 3752 dum
619 3697 680 3768 jam
696 3697 806 3763 diescit,
821 3699 890 3750 tuno
905 3695 942 3750 de
994 3695 1025 3750 in
1040 3695 1082 3750 eia
1096 3700 1149 3762 eat,
1164 3694 1304 3766 paulatim
1328 3691 1469 3765 excoquit,
1495 3693 1544 3749 sed
1560 3693 1635 3764 ignis
1655 3694 1743 3749 nimis
1761 3694 1843 3751 velox

97 3806 160 3847 rore
180 3790 230 3845 illo
245 3789 322 3844 mala
344 3792 485 3855 crescunt,
502 3785 532 3842 id
548 3789 589 3840 est
603 3784 743 3856 quaerens.
764 3785 798 3838 Et
818 3782 884 3837 ideo
896 3797 939 3837 sa·
994 3789 1048 3853 est,
1075 3789 1105 3839 et
1120 3799 1178 3838 non
1201 3789 1293 3838 totum
1310 3782 1461 3837 humorem
1488 3781 1609 3838 assando
1624 3781 1654 3837 in
1679 3783 1721 3838 oia
1744 3783 1841 3855 expri-

96 3879 140 3934 nis
163 3877 333 3934 bominibus
354 3877 441 3933 ornda
465 3876 543 3932 bona
570 3879 638 3930 arsut
662 3874 698 3929 ad
719 3871 940 3940 comedendum,
994 3871 1057 3928 mit.
1082 3871 1117 3928 lit
1132 3871 1226 3939 illum,
1248 3870 1299 3943 qui
1321 3871 1384 3942 pira
1409 3877 1489 3925 cuota
1503 3869 1637 3938 comedit,
1660 3869 1841 3942 aliquantum

96 3966 214 4039 quiade
235 3965 479 4022 sortiroreeoeta
497 3961 835 4019 sunt.1niirmosautem
854 3959 941 4016 cruda
995 3965 1127 4032 gravant,
1152 3959 1220 4031 quia
1241 3959 1425 4031 putredinem
1452 3958 1484 4014 in
1509 3974 1544 4014 eu
1566 3958 1703 4014 miuunnt
1725 3957 1842 4030 perqui-

95 4056 274 4128 aliqnsntum
289 4054 407 4121 ludunt,
422 4052 492 4125 quia
506 4051 615 4108 debiles
628 4050 684 4122 ipsi
699 4056 774 4107 sunt.
791 4049 846 4105 Sed
861 4053 941 4104 ooota
993 4049 1086 4106 reudo
1112 4053 1142 4104 et
1163 4047 1308 4121 frangunt.
1334 4047 1382 4103 sed
1401 4053 1498 4104 tamen
1521 4046 1627 4103 bonnm
1648 4046 1839 4118 digestionem

97 4149 194 4200 autern
208 4148 313 4199 elassa
332 4147 391 4198 tam
406 4141 530 4197 infirmis
546 4156 633 4213 quam
660 4140 736 4196 sanis
759 4138 837 4194 bona
861 4142 937 4193 sunt.
993 4138 1025 4194 in
1049 4139 1111 4211 ipso
1139 4137 1259 4207 iaciunt,
1287 4136 1424 4209 qnoniam
1449 4136 1632 4209 putredinem
1650 4151 1747 4192 seeum
1773 4135 1841 4192 edu·

96 4233 150 4289 Sed
171 4248 237 4288 oum
255 4230 406 4288 senuerint
423 4235 451 4286 et
479 4231 616 4286 corticem
637 4228 840 4295 contraxerint,
856 4231 888 4281 ut
907 4224 939 4280 iu
958 4217 1065 4284 benet
1092 4226 1142 4299 (a).
1167 4226 1256 4282 Poma
1279 4229 1385 4281 autem·
1397 4225 1519 4281 faciliter
1541 4225 1721 4296 digeruntur,
1745 4227 1773 4280 et
1791 4239 1841 4296 pu·

95 4322 259 4394 hyemeest,
272 4327 342 4377 tuoo
354 4318 479 4376 infirmis
491 4325 522 4376 ot
539 4319 617 4376 sanis
629 4318 719 4374 oruda
736 4316 773 4373 ad
786 4315 938 4372 comeden-
992 4317 1135 4372 tredinam
1157 4330 1255 4371 seeum
1276 4331 1334 4370 uou
1356 4313 1498 4370 subruat.
1521 4315 1627 4384 decipe
1650 4320 1746 4370 autam
1764 4313 1838 4386 pira,

95 4411 162 4468 dum
175 4411 253 4467 bona
266 4413 343 4468 sunt.
992 4411 1021 4462 at
1038 4421 1073 4461 ae
1093 4404 1198 4474 incide,
1215 4419 1248 4460 ao
1273 4404 1389 4459 nuoleos
1416 4418 1517 4458 earum
1540 4403 1642 4474 ablica,
1662 4408 1698 4459 et.
1716 4408 1785 4459 tnnc
1806 4418 1840 4458 ea

219 4500 284 4556 Car.
305 4499 340 4554 ΙΙ.
361 4527 397 4541 -
415 4497 457 4554 lis
476 4497 600 4553 Bressos
619 4497 658 4565 (2)
676 4495 735 4566 [lll,
754 4493 812 4568 tul.
990 4492 1105 4548 fortiter
1120 4492 1151 4547 io
1165 4507 1241 4564 aqua
1253 4507 1354 4564 coque,
1374 4494 1403 4545 et
1422 4491 1570 4562 coniringa
1585 4491 1664 4564 quud
1683 4489 1772 4546 fuerit
1785 4489 1839 4546 sic·

131 4587 266 4644 Birboum
290 4586 384 4659 [Piros
403 4586 437 4641 ed
449 4585 459 4658 ]
477 4586 543 4657 plus
556 4584 660 4656 frigido
681 4599 769 4655 quam
790 4581 882 4638 calida
896 4583 939 4638 eat
991 4584 1025 4635 ut
1056 4579 1176 4645 brimus,
1207 4583 1236 4635 at
1267 4583 1336 4634 tuno
1368 4577 1455 4633 etiarn
1488 4578 1584 4650 accipe
1622 4578 1769 4647 berwurcz,
1810 4584 1841 4634 et

94 4681 121 4732 et
142 4682 199 4732 tam
222 4678 317 4748 gravis
340 4681 370 4730 et
391 4681 451 4731 tarn
474 4677 558 4731 llrma
587 4678 631 4729 est
658 4673 694 4728 nd
716 4671 939 4727 similitudinem
991 4669 1094 4736 putueo
1128 4666 1224 4722 minna
1252 4682 1341 4738 quam
1379 4666 1526 4735 berwurcz,
1559 4670 1586 4721 et
1625 4666 1762 4739 liquiricii
1785 4667 1838 4724 mi-

96 4765 212 4835 opoldre
231 4766 304 4820 sicot
323 4765 404 4837 jecor
418 4769 448 4819 et
465 4764 576 4835 pulmo.
601 4761 672 4818 Nam
694 4760 769 4816 sieut
788 4760 867 4832 jecor
880 4759 938 4815 ior-
991 4771 1047 4811 nus
1073 4771 1161 4828 quam
1190 4755 1303 4825 pulpos,
1339 4758 1425 4828 utque
1460 4754 1602 4826 peferkrut
1629 4755 1725 4811 minus
1750 4771 1838 4828 quam

95 4855 148 4908 tior
169 4859 197 4908 st
215 4851 317 4908 utilior
339 4868 372 4908 sc
398 4852 486 4908 etiam
507 4850 599 4923 magis
626 4849 745 4905 nooirus
768 4854 821 4916 est,
850 4862 937 4920 quam
990 4842 1144 4916 liquiricii;
1161 4841 1205 4898 sel
1220 4842 1244 4898 si
1271 4843 1480 4899 berwurosnon
1496 4842 1594 4908 babes,
1611 4843 1707 4914 acoipe
1726 4844 1838 4900 radroes

94 4942 194 4997 malus.
209 4941 328 4997 Radices
354 4945 451 4997 sutem
466 4945 494 4996 et
516 4940 585 4996 iotis
604 4955 637 4994 ac
659 4952 761 4993 succus
783 4937 846 5008 ejus
872 4952 938 5008 pro·
966 4932 1119 4999 „feniculi
1136 4936 1166 4987 et
1180 4932 1242 4988 boeo
1263 4932 1293 4988 in
1318 4935 1467 5003 pulsorem
1485 4933 1595 5004 redige,
1612 4937 1699 5004 atqua
1721 4933 1837 4990 eosdem

96 5037 157 5103 pter
178 5029 319 5089 duriciam
340 5028 434 5102 ipsine
454 5029 491 5084 od
516 5027 725 5084 medicamenta
748 5040 808 5081 non
831 5026 936 5092 solent,
989 5021 1124 5094 pulveres
1135 5021 1219 5076 simul
1231 5021 1433 5085 commisceat
1443 5020 1602 5077 aoeinmel
1612 5019 1836 5076 modioecalela·

97 5119 143 5175 sed
162 5119 254 5175 mistel
274 5117 337 5189 ejus
351 5117 387 5173 ud
412 5117 583 5174 medisinam
599 5115 782 5188 aliquantum
798 5113 874 5168 salat
886 5112 935 5185 (3).
990 5117 1164 5182 otumpoue,
1174 5115 1203 5165 et
1213 5110 1350 5182 proedicto
1359 5110 1422 5182 pira
1431 5109 1512 5178 adda,
1522 5114 1551 5165 et
1559 5109 1645 5166 simul
1657 5107 1836 5166 tortitermo·

128 5243 163 5315 (t)
184 5245 247 5299 tloec
259 5240 358 5297 omnia
372 5241 487 5298 brevius
503 5240 533 5296 in
552 5239 598 5296 ed.
620 5241 803 5312 exponuntur
819 5253 826 5293 ε
845 5237 936 5294 mrslla
1026 5235 1064 5308 (Ι)
1083 5235 1152 5300 Quas
1171 5239 1333 5308 sequuntur
1352 5249 1445 5306 usqua
1468 5234 1504 5289 ed
1528 5233 1669 5303 undequi
1684 5236 1752 5305 piro
1765 5249 1836 5290 com-
1916 5253 1928 5268 =

95 5314 301 5371 etiamdnsunt.
988 5305 1143 5374 merul,
1159 5304 1355 5374 ato.,um.ed.

127 5387 162 5456 lt)
179 5385 261 5441 Piros
275 5386 435 5441 communis.
1026 5377 1066 5450 (5)
1087 5377 1208 5449 Reliqua
1219 5392 1277 5432 om.
1294 5375 1338 5432 ed.

128 5457 165 5527 tl)
185 5456 261 5510 It’uos
275 5458 345 5509 rictu
358 5454 434 5520 iecor
445 5483 480 5496 -
493 5453 631 5509 ooletosn.
648 5451 693 5506 ed.
