3984 6034
72 216 135 275 uta

388 218 491 275 LIBER
509 218 665 276 ulvluott.
686 217 791 276 OPER.
811 216 980 275 atuaticis
998 216 1148 275 ttottlffls.
1162 245 1198 259 -
1212 216 1304 273 PARS
1323 216 1358 279 11.
1379 215 1471 274 visto
1488 217 1520 271 t.

1693 188 1836 273 ¹vito

72 352 224 413 nostram,
247 345 278 402 id
301 349 345 401 est
373 345 531 402 seeundum
557 346 686 402 tunicam
712 346 792 402 illem
813 362 880 419 quaa
902 346 934 403 in
951 351 975 406 A
990 351 1021 401 et
1043 347 1075 401 in
1101 344 1284 401 multitudine
1307 344 1490 418 proficerent,
1512 350 1541 402 et
1561 346 1683 418 imperio
1707 362 1758 403 ano
1781 351 1838 403 ter-

72 440 168 490 utero
188 432 314 507 Virginis
336 434 519 506 germinabit,
547 450 633 506 qnam
656 449 778 506 persona
797 434 862 491 Filii
879 450 935 506 pro
986 450 1049 490 ram
1073 435 1227 507 replerent,
1252 437 1281 489 et
1302 448 1367 488 eam
1393 433 1449 490 sibi
1475 434 1659 506 subjicerent,
1689 446 1832 506 quatenns

73 524 174 578 salute
194 520 320 578 hominis
341 522 473 590 induens,
497 522 533 577 de
555 526 636 577 utero
654 522 742 592 illius,
770 522 834 594 ipse
858 521 933 577 inte·

72 627 133 683 gra
161 614 362 682 permanente,
392 608 491 679 exibit,
511 616 538 665 et
558 626 574 663 a
596 625 653 681 qua
676 610 773 665 tunica
797 609 933 665 divinitas

73 714 231 772 nunquam
254 699 377 764 recedet,
404 697 454 753 sed
473 697 601 753 humana
623 698 720 753 anima
741 713 795 769 pro
818 697 932 754 redem-

71 786 181 857 ptione
199 787 329 859 ejusdem
353 784 480 841 hominis
499 801 603 858 corpas
617 801 671 857 per
690 791 813 842 mortem
835 792 930 856 exuat,

72 874 212 947 illudque
232 873 459 946 perpotentiam
482 873 645 929 Divinitatia
664 874 858 943 suscitantem,
873 874 931 930 ite-

73 978 147 1017 rum
171 967 308 1017 resumet.
331 961 478 1017 Faciamus
506 978 621 1036 quoqne
644 979 711 1017 enm
739 963 775 1018 ad
798 962 931 1019 similitu-

73 1050 180 1105 dinem
202 1054 342 1114 nostram,
364 1054 397 1105 ut
418 1049 541 1105 scienter
566 1055 596 1105 et
623 1050 768 1120 sapienter
791 1065 826 1105 aa
847 1049 930 1105 inlel-

985 524 1056 578 dum
1070 522 1106 578 ah
1124 522 1242 578 homine
1264 522 1416 591 coleretur,
1431 522 1463 577 in
1482 522 1592 579 tructus
1614 528 1833 597 prorumperet;

985 615 1015 667 et
1037 615 1070 667 ut
1091 610 1177 673 etiam
1199 611 1418 667 dominarentur
1442 610 1472 665 in
1495 611 1577 683 aquis
1603 612 1779 681 natantibus,
1806 617 1835 668 et

983 698 1016 754 in
1032 716 1097 757 aera
1109 701 1282 764 volantibus,
1298 700 1365 771 quia
1386 715 1420 754 ea
1432 715 1497 755 cnm
1514 700 1688 772 expansione
1704 701 1834 774 quinqua

983 802 1120 843 sensuum
1159 788 1362 859 praecellerent,
1404 792 1434 843 et
1465 788 1599 843 omnibus
1636 788 1832 845 animantibus

984 874 1142 931 motionem
1167 874 1260 930 vitalis
1293 874 1366 930 aeria
1401 890 1489 945 super
1516 878 1624 931 terram
1647 875 1830 940 habentibus,

983 963 1119 1035 quoniam
1143 962 1193 1018 illa
1219 962 1312 1034 gloria
1336 960 1537 1017 rationalitatis
1555 968 1735 1034 superarent.
1760 964 1833 1018 Cum

983 1052 1059 1106 enim
1083 1051 1171 1107 homo
1195 1050 1225 1105 in
1251 1050 1369 1123 pienum
1392 1064 1547 1105 numerum
1569 1049 1644 1106 sicut
1665 1051 1740 1106 Deus
1765 1066 1832 1107 eum

73 1138 150 1209 ligat
173 1142 203 1193 at
225 1137 376 1204 discernat,
402 1153 467 1209 quae
493 1138 523 1192 in
558 1136 687 1210 quinqua
713 1138 845 1194 sensibus
871 1137 931 1192 suis
982 1140 1130 1195 constitnit
1153 1138 1326 1211 perficietur,
1351 1137 1388 1193 ad
1411 1143 1518 1193 terram
1543 1138 1623 1194 illam
1643 1154 1708 1211 quae
1728 1154 1762 1193 ex
1777 1142 1833 1193 ter-

74 1230 251 1296 operaturns
267 1230 318 1294 est,
339 1225 381 1281 ita
401 1229 434 1280 ut
454 1225 541 1281 etiam
563 1241 616 1297 per
639 1225 860 1281 rationalitatem
884 1225 930 1280 vi·
981 1226 1060 1281 renis
1083 1226 1250 1282 homiuibus
1277 1231 1354 1282 terra
1381 1224 1537 1281 viventium
1569 1225 1738 1282 nominatur
1760 1242 1831 1298 pro·

75 1318 113 1368 tae
142 1328 212 1380 aare,
242 1328 307 1384 qum
337 1312 413 1368 intra
441 1311 536 1385 ipsum
560 1314 760 1382 abscondetur,
789 1319 929 1386 atquem
981 1316 1086 1384 veniet,
1114 1320 1143 1371 et
1167 1314 1272 1371 deinde
1299 1314 1465 1369 societatem
1493 1329 1560 1369 cum
1583 1316 1666 1386 Agno
1694 1315 1726 1370 in
1753 1315 1832 1371 coelis

73 1401 161 1457 nulla
186 1406 318 1457 creature
348 1400 380 1457 in
401 1418 520 1474 corpore
546 1418 666 1458 manens
692 1402 788 1459 videre
823 1407 926 1475 potest,
981 1403 1108 1459 habebit.
1126 1404 1147 1459 0
1162 1418 1250 1476 quam
1275 1418 1414 1474 maguum
1436 1402 1576 1473 gaudium
1595 1409 1647 1471 est,
1665 1404 1742 1475 quod
1758 1405 1832 1460 Deus

72 1504 201 1559 praeesse
223 1487 295 1544 sciat
315 1488 440 1559 piscihus
464 1489 515 1561 qni
531 1490 561 1545 in
583 1490 667 1561 equis
681 1495 793 1559 natam,
809 1490 928 1547 ctvola·
980 1491 1070 1547 humo
1089 1491 1152 1546 lieri
1178 1491 1313 1563 dignatam
1337 1492 1389 1557 eet,
1415 1490 1537 1545 existens
1564 1490 1595 1545 in
1619 1488 1731 1559 angelis
1755 1488 1830 1543 divi·

72 1576 179 1633 tilihus
193 1576 223 1632 in
238 1592 304 1632 aere
334 1576 480 1649 suspensis
505 1582 534 1633 at
557 1577 655 1633 bestiis
678 1578 835 1648 indomitis,
863 1579 927 1634 uni·
980 1595 1046 1647 nus,
1061 1580 1092 1634 in
1112 1579 1279 1635 hominibus
1296 1576 1456 1635 humanusl
1481 1579 1661 1651 Quapropter
1676 1591 1741 1631 vere
1756 1576 1831 1632 Deus

72 1680 224 1737 versaeque
245 1667 383 1721 creatura
406 1681 494 1737 super
515 1672 621 1721 terram
643 1667 843 1732 commoranti,
868 1682 927 1723 om·
945 1645 1009 1722 Bet
1030 1666 1117 1723 homo
1141 1667 1300 1724 credendus
1326 1670 1379 1721 est.
1403 1666 1437 1720 lit
1450 1664 1517 1721 ideo
1538 1666 1625 1721 etiam
1643 1666 1718 1720 Dans
1734 1664 1828 1719 homi-

74 1753 167 1826 nique
189 1752 286 1824 reptili
309 1768 340 1807 se
355 1753 484 1808 moventi
505 1754 535 1809 in
550 1758 639 1824 terra,
655 1754 723 1826 quia
747 1754 926 1810 rationalitas
978 1770 1046 1811 nem
1060 1756 1097 1810 ad
1119 1756 1246 1809 tunicam
1263 1770 1356 1822 suam,
1372 1760 1401 1809 et
1421 1754 1457 1809 ad
1475 1754 1595 1825 plenum
1613 1768 1766 1808 numerum
1779 1752 1831 1823 qni

73 1840 205 1898 huminis
229 1841 326 1896 omnia
353 1842 414 1896 hec
442 1842 596 1913 praecellet.
622 1864 638 1893 a
666 1844 698 1898 Et
719 1842 826 1897 creavit
849 1844 926 1900 Deus
979 1858 1129 1914 nunquam
1144 1842 1306 1899 abhomine
1321 1840 1428 1897 secedit
1441 1841 1550 1913 posuit,
1567 1840 1635 1913 qnia
1650 1845 1678 1896 at
1693 1840 1735 1895 illi
1751 1841 1829 1895 velut

71 1930 225 1985 homiuem
239 1930 275 1985 ad
290 1929 448 2002 imaginem
464 1946 555 1999 suam,
567 1930 602 1984 ad
613 1929 770 2001 imaginem
785 1930 835 1987 uei
848 1947 925 1987 crea·
977 1935 1060 2002 pater
1087 1931 1148 1987 lilio
1169 1946 1222 1987 suo
1247 1929 1325 1999 fecit,
1349 1930 1400 2001 qni
1425 1930 1452 1985 ai
1476 1929 1675 1985 haereditatem
1699 1944 1765 2000 qaae
1792 1929 1829 1984 ad

72 2019 117 2073 vit
142 2018 237 2086 illum,
261 2018 421 2073 maeonium
445 2022 474 2072 et
497 2017 635 2074 feminam
659 2020 767 2074 creavit
787 2034 848 2084 eos,
873 2020 924 2075 he·
976 2019 1074 2091 ipsum
1097 2019 1224 2091 respicit,
1250 2018 1405 2087 distribuit,
1428 2033 1493 2073 cum
1509 2018 1535 2073 ei
1549 2018 1642 2089 pisces
1656 2022 1685 2073 et
1701 2016 1830 2073 volatilia

71 2105 242 2178 nedixitque
273 2104 329 2161 illis
355 2106 431 2161 Deus
459 2110 486 2160 et
509 2107 567 2162 ait:
590 2092 764 2163 Crescite'et
786 2108 925 2179 multipli·
977 2108 1132 2181 omniaque
1160 2107 1284 2163 viventia
1301 2122 1365 2180 qum
1397 2104 1459 2161 sine
1483 2106 1677 2161 rationalitate
1706 2106 1829 2162 vivendo

70 2193 180 2250 amini
201 2198 231 2249 et
250 2193 359 2265 replete
381 2198 500 2262 terram,
522 2199 551 2250 et
574 2194 707 2266 subjicite
725 2211 801 2265 eam,
824 2201 853 2253 et
873 2196 924 2251 do·
976 2200 1183 2268 superterram
1197 2200 1350 2251 moventur
1363 2194 1493 2266 subjecit.

71 2280 229 2337 minamini
263 2279 390 2353 piscibus
414 2282 502 2337 maris
536 2286 566 2338 et
588 2282 753 2338 volatilibus
788 2283 862 2353 omli,
896 2288 925 2340 et
1015 2306 1027 2336 ι
1053 2284 1190 2355 Dixitque
1213 2285 1311 2340 Deus:
1341 2284 1409 2338 Ecce
1430 2281 1498 2338 dedi
1523 2281 1604 2338 vohis
1624 2297 1740 2338 omnem
1764 2282 1830 2338 har·

70 2369 217 2425 universis
240 2368 434 2425 animantibus
461 2386 525 2443 qum
548 2377 701 2426 moventur
716 2377 923 2443 superterram
976 2372 1043 2429 bam
1070 2372 1236 2427 afferentem
1264 2386 1362 2427 semen
1388 2385 1475 2442 super
1505 2375 1623 2438 terram,
1643 2375 1673 2426 et
1695 2370 1828 2427 universa

72 2456 193 2530 (ibidus
220 2457 333 2514 Creavit
356 2459 432 2513 Deus
454 2459 592 2515 hominen
620 2458 778 2515 secundum
798 2459 923 2515 sormam
975 2460 1057 2532 ligna
1082 2475 1148 2532 quae
1167 2459 1275 2515 habent
1297 2458 1327 2513 in
1343 2457 1505 2530 semetipsis
1529 2463 1690 2515 sementem
1711 2459 1827 2531 generis

71 2548 210 2603 humana
238 2547 342 2615 earnis,
377 2562 434 2619 qua
464 2548 541 2602 illius
570 2548 634 2621 ejus
653 2548 715 2603 sine
737 2552 853 2621 peccato
877 2549 922 2603 in·
976 2548 1032 2616 sui,
1055 2552 1088 2602 ut
1106 2546 1164 2602 sint
1179 2544 1260 2601 vobis
1282 2546 1312 2601 in
1334 2560 1440 2613 escam,
1458 2550 1486 2600 et
1500 2545 1609 2601 cunctis
1630 2546 1827 2602 animantibus

72 2636 206 2691 dueudus
229 2640 300 2702 erat,
320 2634 394 2690 sicut
411 2639 441 2689 ει
463 2634 551 2690 ιιοιιιο
576 2636 703 2692 tunicam
725 2652 806 2692 auam
828 2638 864 2693 ad
884 2637 921 2692 si·
974 2640 1070 2704 terrae,
1095 2634 1234 2706 omnique
1251 2634 1360 2689 volucri
1379 2634 1442 2689 coeli
1460 2639 1489 2689 et
1512 2634 1652 2689 universis
1678 2650 1743 2707 quae
1764 2649 1828 2689 mo·

73 2722 270 2779 militudinem
300 2722 346 2779 sui
375 2721 453 2792 lacit,
492 2724 650 2780 secundum
676 2724 800 2780 formam
821 2726 922 2798 ulique
974 2728 1078 2779 vantur
1099 2722 1128 2778 in
1150 2727 1236 2791 terra,
1259 2727 1287 2777 et
1310 2722 1341 2777 iu
1366 2722 1470 2793 quihus
1495 2727 1539 2778 est
1553 2722 1651 2778 anima
1663 2722 1773 2790 vivens,
1797 2727 1830 2778 ut

72 2815 153 2869 illam
173 2828 261 2885 quam
295 2814 368 2868 Deus
391 2817 457 2867 ente
481 2812 585 2867 sarcula
607 2812 786 2883 praesciebat.
811 2814 922 2869 Creavit
974 2812 1100 2868 habeant
1124 2811 1160 2867 ad
1180 2810 1367 2877 vescendum
1390 2810 1544 2865 attactum
1567 2815 1609 2865 εει
1629 2810 1670 2865 ita
1692 2808 1827 2883 (ididia

72 2901 234 2968 hominem,
257 2901 428 2969 masculum,
453 2900 561 2957 scilicet
587 2900 705 2973 majoris
732 2901 920 2970 tortitudinis,
940 2901 1008 2994 0¹¹²
1032 2898 1259 2971 inexstinguibili
1285 2899 1376 2955 Verbo
1398 2914 1452 2954 suo
1475 2898 1550 2954 dixit
1572 2899 1659 2966 Deus,
1677 2899 1753 2970 qnod
1775 2899 1826 2955 de·

73 2991 212 3046 laminam
232 3004 299 3044 vero
316 2988 458 3044 mollioris
472 2987 596 3059 roboris,
618 2989 727 3045 iaciens
748 2995 778 3045 et
792 2990 822 3045 in
844 2998 923 3047 recta
974 2989 1053 3045 derit
1067 2987 1178 3045 homini
1199 2987 1318 3044 herbam
1343 2986 1539 3057 seminariam,
1563 2985 1642 3058 ligna
1665 3002 1782 3060 quoque
1795 2986 1826 3043 in

73 3094 209 3134 mensure
232 3076 445 3150 longitudinem
471 3080 499 3133 et
523 3077 707 3133 latitudinem
733 3078 763 3133 in
788 3079 922 3135 omuibus
975 3077 1138 3149 semetipsis
1158 3080 1316 3132 sementem
1342 3075 1515 3142 emittentia,
1540 3080 1570 3130 ut
1593 3074 1650 3130 sint
1674 3074 1716 3132 illi
1739 3074 1770 3130 in
1788 3074 1829 3131 ci-

74 3166 210 3221 memhris
231 3165 308 3221 illius
335 3164 481 3234 ordinans,
504 3165 746 3235 quemadmodum
769 3166 856 3222 etiam
876 3171 923 3222 at·
976 3167 1057 3233 bum,
1073 3181 1132 3221 non
1153 3165 1232 3238 quod
1253 3164 1340 3219 homo
1361 3163 1495 3219 omnihus
1509 3162 1607 3219 herbis
1621 3167 1651 3219 ει
1670 3162 1756 3232 lignis
1776 3179 1826 3219 ve·

75 3253 238 3323 titudinem,
263 3255 492 3326 prolanditatem
526 3259 555 3309 ει
589 3253 769 3309 latitudinem
803 3256 922 3329 reliqum
976 3260 1080 3322 acetur,
1107 3254 1156 3310 aed
1180 3254 1257 3326 quod
1271 3253 1328 3308 illis
1350 3252 1547 3308 animantibus
1568 3257 1702 3324 pascatur
1717 3266 1783 3324 quoe
1799 3256 1827 3307 et

75 3344 254 3399 creaturrein
271 3348 380 3399 rectam
394 3346 501 3397 statum
519 3340 626 3413 poenit,
647 3359 682 3398 ne
698 3344 922 3415 aliquaillerum
975 3342 1072 3398 herbis
1099 3346 1128 3397 et
1155 3341 1302 3413 lignorum
1327 3341 1467 3397 tractibus
1492 3346 1656 3409 vescuntur,
1687 3344 1717 3396 ει
1748 3340 1827 3413 quod

75 3431 193 3486 alteram
231 3431 469 3487 inconvenienter
501 3431 693 3485 transcendat.
722 3431 768 3487 Sic
796 3438 825 3488 et
849 3434 923 3488 Deus
977 3432 1063 3487 etiam
1085 3431 1112 3486 ei
1136 3430 1316 3499 concesserit,
1341 3434 1372 3485 ut
1395 3430 1425 3484 in
1446 3430 1641 3486 animantibus
1663 3435 1771 3485 terram
1785 3429 1827 3484 iu·
1904 3447 1911 3459 ·

75 3535 190 3575 ornnem
209 3524 369 3575 creaturam
392 3520 424 3574 in
442 3517 561 3575 homine
581 3518 716 3589 signavit,
739 3524 768 3575 et
786 3520 864 3577 intra
877 3522 922 3592 ip·
976 3518 1181 3585 habitantibus,
1207 3518 1427 3590 volucribusque
1450 3524 1480 3574 at
1496 3518 1631 3574 omnibns
1646 3533 1712 3590 quae
1731 3519 1784 3573 hac
1799 3524 1829 3572 et

75 3624 141 3663 sum
154 3608 377 3663 similitndinem
391 3606 514 3677 angelici
530 3606 659 3677 spiritus,
674 3606 727 3661 hoc
739 3612 783 3663 est
796 3608 922 3664 animem
975 3608 1043 3663 illac
1062 3607 1092 3661 iu
1108 3606 1233 3661 motibus
1248 3607 1306 3662 auis
1322 3607 1352 3662 in
1367 3611 1443 3660 terra
1466 3606 1608 3674 teruntur,
1628 3606 1704 3661 etin
1721 3606 1827 3677 quibus

75 3696 227 3763 ordinavit,
253 3712 318 3767 qna·
337 3696 369 3750 in
386 3695 480 3751 torma
501 3694 627 3749 hominis
645 3697 789 3767 operatur,
811 3710 865 3751 nee
887 3694 923 3750 ah
977 3694 1071 3751 vitalis
1099 3708 1149 3748 aar
1164 3693 1326 3749 continetur
1352 3692 1456 3749 haheat
1474 3699 1597 3764 pastum.
1624 3692 1728 3747 Omnia
1748 3692 1827 3747 enim

76 3784 136 3839 ulla
155 3787 286 3837 creatura
306 3782 374 3838 dum
395 3783 425 3837 in
449 3796 570 3855 corpore
586 3787 630 3837 est
643 3782 765 3851 videtur,
782 3782 855 3838 sicut
870 3798 923 3837 nec
977 3798 1044 3857 quae
1069 3782 1099 3837 in
1123 3786 1200 3837 terra
1224 3780 1324 3836 vivant
1353 3779 1494 3835 viriditate
1516 3780 1565 3836 ille
1596 3795 1661 3851 quoe
1689 3780 1726 3836 de
1751 3783 1827 3836 tarra

76 3870 208 3929 divinitas
228 3871 264 3926 ab
295 3872 354 3927 nlla
384 3871 497 3927 mortali
528 3874 659 3926 creatura
696 3871 786 3927 videri
816 3874 920 3944 potest.
976 3868 1141 3941 prorumpit
1170 3869 1247 3923 resci
1269 3872 1443 3935 noscuntur;
1478 3884 1537 3923 non
1562 3866 1602 3923 ite
1632 3868 1709 3939 quod
1740 3882 1825 3923 omne

76 3958 180 4015 Anima
216 3959 294 4015 enim
328 3960 363 4014 de
394 3961 478 4031 coelo,
513 3976 617 4033 corpus
650 3964 748 4016 autem
776 3961 812 4016 de
846 3966 923 4017 terra
977 3956 1085 4013 animal
1114 3956 1211 4013 herbis
1236 3960 1287 4011 ant
1311 3956 1459 4028 lignorum
1483 3956 1616 4028 frugibus
1641 3960 1753 4024 utatur;
1775 3955 1825 4012 aed

78 4054 130 4118 est,
152 4052 179 4102 et
201 4046 298 4103 anima
327 4064 379 4119 per
406 4048 501 4118 lidem,
540 4064 643 4121 corpas
666 4064 733 4105 vero
755 4050 922 4121 pervisum
976 4047 1140 4120 quodcum
1163 4046 1286 4101 alterum
1308 4044 1390 4101 alteri
1409 4061 1502 4101 aacam
1521 4045 1721 4117 insemetipso
1743 4045 1824 4101 exhi-

77 4135 263 4208 cognosoitur.
295 4135 451 4192 llasculum
479 4151 584 4208 nempe
618 4143 647 4193 et
675 4137 814 4194 feminam
847 4140 922 4195 Deris
976 4136 1034 4203 bet,
1053 4135 1256 4207 praedictarum
1287 4134 1474 4190 herbularum
1496 4140 1525 4189 et
1551 4134 1707 4190 virentium
1732 4149 1827 4189 ramn-

78 4224 195 4292 creavit;
215 4225 265 4281 aad
288 4226 450 4280 masculum
472 4224 563 4297 prius,
583 4224 720 4281 laminam
734 4242 801 4281 varo
823 4232 922 4298 postea
939 4226 1121 4281 liaculorum
1152 4240 1204 4279 usu
1234 4224 1387 4279 nutriatur.
1422 4225 1457 4279 Et
1486 4228 1661 4296 preceptum
1692 4222 1745 4279 ilai
1772 4222 1828 4278 hoc

78 4312 113 4367 de
131 4310 192 4368 viro
206 4312 320 4378 tollens,
336 4312 444 4386 illaque
463 4312 548 4385 parit,
570 4311 643 4367 sient
663 4318 693 4368 et
712 4315 857 4369 masculus
872 4331 924 4385 per
976 4314 1064 4369 modo
1079 4312 1270 4385 adimpletum
1284 4316 1337 4380 est,
1359 4312 1496 4384 quoniam
1519 4327 1605 4367 omna
1626 4312 1704 4383 qnod
1719 4317 1761 4368 εει
1776 4328 1826 4367 vo·

78 4398 273 4454 fortitudinem
298 4400 405 4457 virium
432 4416 549 4455 suarum
571 4405 700 4473 generat,
718 4417 783 4474 quaa
805 4402 836 4456 iu
859 4401 923 4473 ipso
977 4402 1083 4458 lunteti
1098 4402 1147 4457 liei
1168 4401 1327 4473 subjectum
1346 4406 1408 4471 est;
1428 4404 1588 4473 cunctaque
1611 4400 1755 4456 ordinatio
1776 4399 1826 4455 uei

80 4486 249 4542 absconditae
272 4493 346 4544 sunt.
366 4491 421 4545 Per
435 4489 562 4545 hiemem
585 4488 663 4545 enim
678 4494 706 4543 et
719 4494 847 4545 aestatem
862 4490 922 4545 tru-
977 4496 1097 4561 propter
1119 4488 1266 4545 hominem
1297 4488 1328 4543 in
1356 4488 1493 4544 creaturis
1529 4492 1640 4559 patrata
1674 4492 1726 4543 εει.
1753 4487 1825 4543 Nam

78 4579 139 4630 ctus
156 4581 298 4645 crescunt,
323 4580 351 4630 et
373 4578 569 4648 proteruntur,
593 4581 622 4632 et
644 4577 751 4649 absque
767 4578 829 4632 istis
850 4578 924 4634 nulli
977 4577 1066 4633 homo
1083 4577 1134 4649 qui
1147 4576 1317 4634 indeficiens
1331 4577 1362 4631 in
1376 4578 1472 4633 anima
1487 4581 1538 4646 est,
1557 4580 1624 4648 post
1637 4574 1825 4631 novissimum

80 4662 276 4734 perficiuntur.
300 4665 354 4719 Par
378 4664 504 4722 radicem
527 4681 644 4738 quoqne
665 4666 784 4734 arboris,
802 4682 865 4738 quae
882 4666 924 4721 vi·
978 4665 1056 4722 diem
1074 4666 1176 4733 ileum,
1197 4664 1248 4738 qui
1271 4680 1422 4737 nunquam
1444 4664 1551 4737 incepit
1569 4680 1622 4719 nec
1642 4664 1732 4719 ιἰιιειιι
1758 4663 1827 4717 reci·

80 4750 220 4806 riditatem
236 4752 267 4806 in
289 4768 319 4807 se
334 4752 474 4821 continet,
489 4754 573 4809 ilonea
586 4759 615 4809 et
636 4771 723 4825 poma
738 4757 925 4810 enutriuntur
978 4754 1049 4827 piet,
1063 4753 1181 4821 videbit,
1205 4753 1275 4824 quia
1293 4753 1423 4825 quandiu
1438 4754 1525 4809 homo
1540 4758 1573 4809 ut
1595 4755 1665 4808 luna
1686 4751 1828 4807 crescitet

82 4844 111 4894 et
122 4840 157 4895 ab
171 4855 229 4895 uno
248 4848 335 4910 sunt;
349 4840 389 4897 ita
406 4858 459 4913 per
473 4843 631 4898 masculum
648 4849 676 4898 et
686 4843 826 4899 laminam
841 4843 925 4899 multi
979 4842 1085 4911 delicit,
1106 4842 1214 4897 scilicet
1233 4841 1303 4898 dum
1326 4842 1457 4913 mortalis
1483 4847 1536 4910 εει,
1564 4842 1656 4897 [ιειιιιι
1670 4855 1728 4903 uon
1752 4839 1828 4896 vids·

82 4933 274 4998 procreantur,
289 4929 338 5001 qui
358 4935 456 4984 tamen
479 4931 514 4986 ab
533 4947 591 4987 uno
611 4938 740 4988 creatore
754 4932 923 5005 procedunt.
980 4930 1031 5000 bit,
1052 4930 1109 4986 nisi
1132 4934 1271 5003 quantum
1293 4930 1402 5002 ipsein
1422 4930 1527 4987 umbra
1548 4930 1707 5003 prophetiae
1727 4944 1757 4983 se
1774 4928 1826 4984 ho·

83 5016 151 5071 uem
173 5015 196 5071 si
219 5018 363 5073 masenius
388 5018 477 5088 solua,
499 5019 545 5073 vel
568 5020 593 5074 si
618 5020 725 5076 lomina
751 5021 813 5076 sola
841 5027 925 5090 esset,
979 5020 1107 5076 minibus
1131 5026 1163 5075 ut
1187 5019 1242 5074 sibi
1265 5019 1357 5091 placet
1381 5019 1516 5075 ostendit·
1546 5020 1618 5075 Cum
1648 5018 1727 5075 enim
1752 5018 1828 5072 Deus

83 5102 174 5159 nullm
199 5104 289 5161 homo
318 5111 516 5177 generaretur.
542 5107 622 5163 Unde
651 5106 739 5162 etiam
763 5106 806 5161 vir
832 5111 862 5163 ει
883 5109 926 5163 le·
978 5108 1095 5165 initirrm
1121 5108 1246 5165 hominis
1268 5108 1347 5175 iacit,
1361 5112 1430 5163 tunc
1454 5112 1483 5163 et
1498 5108 1689 5183 novissimum
1713 5112 1828 5177 tempus

84 5192 159 5247 mina
175 5209 267 5249 unum
293 5200 371 5264 sunt,
390 5195 531 5267 quoniam
546 5195 591 5252 vir
605 5199 648 5251 est
664 5195 746 5267 quasi
759 5196 864 5262 aalma,
880 5198 926 5253 le·
979 5197 1071 5269 ipsius
1094 5196 1238 5268 previdit,
1261 5201 1288 5251 et
1306 5196 1392 5253 etiam
1412 5202 1526 5269 tempus
1541 5197 1596 5252 hoc
1614 5211 1683 5268 quo,
1700 5210 1732 5249 ex
1745 5199 1827 5249 utero

85 5280 158 5337 mina
178 5298 247 5339 varo
275 5283 354 5338 velut
383 5298 498 5355 eorpus.
525 5284 733 5357 Benedixitque
760 5286 803 5341 eis
823 5285 872 5341 ille
895 5286 926 5341 in
980 5286 1153 5342 matrissuae
1175 5286 1336 5357 agrediens,
1364 5300 1416 5356 ρει·
1432 5301 1537 5357 equam
1552 5286 1647 5343 denuo
1669 5285 1700 5341 in
1719 5284 1828 5356 Spiritu

87 5386 168 5441 quem
193 5372 289 5444 angeli
302 5372 398 5444 ipsum
423 5374 622 5444 cognoscendo
642 5380 672 5430 et
689 5375 834 5430 laudando
850 5375 926 5447 aspi·
980 5380 1079 5431 sancto
1096 5376 1309 5447 regenerandus
1330 5378 1415 5430 asset.
1436 5397 1456 5430 ,n
1477 5374 1609 5446 viditque
1636 5378 1710 5431 Dens
1728 5376 1831 5429 cuneta

87 5459 172 5527 aiunt,
192 5466 223 5516 et
239 5460 377 5533 pracepit
395 5465 428 5517 ut
445 5461 476 5517 in
499 5463 732 5535 augmentatione
756 5468 929 5533 crescerent,
985 5479 1051 5535 quaa
1068 5463 1185 5532 lecerat,
1210 5468 1293 5521 erant
1316 5462 1397 5519 valde
1410 5462 1509 5534 hona,
1530 5484 1544 5515 ε
1568 5464 1707 5538 quoniam
1729 5477 1832 5524 omnes
1920 5478 1927 5483 ·
