3984 6034
179 193 230 240 :367
905 187 937 240 S.
961 185 1196 241 allemannis
1883 189 1937 240 :too

176 321 262 376 tionis
285 319 443 376 sanctitatis
461 321 494 376 in
522 320 639 375 bomine
662 319 797 384 existens,
820 325 972 391 antequam
987 321 1061 373 inA
1111 318 1190 373 Unde
1228 318 1329 372 sedens
1368 317 1400 372 in
1443 318 1546 372 throno
1586 318 1701 388 Juvenis
1748 319 1935 388 perlucidus,

176 408 399 466 aeexusciletnr.
421 409 501 464 Unde
524 408 612 463 etium
635 406 804 478 magnificus
824 412 854 462 et
878 408 1021 478 gloriosus
1074 407 1213 461 mirabilis
1262 403 1373 476 gloriae,
1418 408 1565 475 tantaque
1603 404 1743 460 claritatis
1787 412 1820 461 nt
1863 408 1937 462 nul-

174 511 208 550 ac
228 496 528 569 incomprehensibilis
558 497 635 552 beas
664 496 743 552 dedit
763 511 901 567 magnum
923 493 1021 566 praesi-
1075 493 1185 548 latenas
1223 508 1289 548 aum
1328 491 1478 563 perspicue
1514 493 1624 566 valeres
1659 493 1777 561 intueri,
1818 494 1938 550 babens

175 583 255 640 dium
270 585 388 641 mittens
403 583 601 640 Filiumsuum
616 582 647 637 in
661 582 1019 654 pudicitiamvirgiuitatis,
1074 583 1156 654 qnasi
1176 583 1207 636 in
1227 583 1341 652 pectora
1363 597 1415 636 suo
1440 582 1541 635 linium
1561 580 1680 652 nigrum
1703 586 1732 636 et
1746 582 1933 638 lutulentum

174 687 240 745 qnae
254 688 313 728 non
328 670 422 744 potuit
434 671 541 726 babere
557 672 646 727 ullam
656 671 824 726 varietatem
841 671 1020 726 macularum
1074 669 1164 726 latum
1176 674 1209 723 ut
1222 667 1321 738 magni
1345 667 1472 722 bominis
1492 671 1603 738 pectus,
1621 668 1832 725 circumdatum
1854 671 1935 740 lapi-

174 759 206 817 in
220 777 272 817 sua
284 760 450 832 virginitate
467 760 543 815 unde
558 760 620 831 ipsa
641 759 810 816 molliretur.
829 759 872 814 lbi
886 775 946 813 non
968 777 1019 830 po·
1072 755 1156 810 dibus
1179 753 1313 826 pretiosis
1335 757 1420 824 atque
1446 755 1628 826 margaritis,
1650 761 1694 810 est
1717 760 1933 827 superomnia

173 849 230 904 tuit
248 864 301 904 nec
325 863 387 904 esse
410 848 511 904 debuit
528 848 590 903 nlla
613 847 735 919 pollutio
760 848 854 903 manis
871 848 903 902 in
923 853 1020 904 mente
1074 859 1198 915 regnans
1212 859 1289 898 unus
1313 843 1397 905 baua,
1416 841 1515 896 locans
1532 841 1565 896 in
1581 841 1720 908 bonitate,
1736 848 1766 898 et
1785 843 1935 900 mirabilis

173 936 307 1010 Virginis,
337 936 406 1009 quia
435 935 611 992 interlectria
639 940 668 991 et
697 935 897 992 mortificatrix
917 937 1020 993 mortis
1073 931 1103 986 in
1128 931 1261 1004 operibus
1289 931 1359 998 suis,
1393 931 1476 1002 cujus
1503 931 1676 986 immensam
1711 932 1875 988 claritatem
1903 935 1934 988 in

174 1024 289 1097 generis
322 1024 451 1090 humaui,
477 1025 601 1096 ipsamet
627 1025 781 1093 nesciente,
817 1029 850 1080 at
865 1025 897 1080 iu
917 1041 1019 1080 somno
1072 1018 1403 1092 profunditatemystarii
1421 1019 1475 1085 sui,
1502 1018 1599 1074 nullus
1622 1019 1777 1076 hominum
1801 1022 1932 1092 perfecte

150 1115 292 1186 ,decepta
315 1117 369 1182 est,
396 1113 510 1185 quando
534 1114 620 1169 Filius
644 1112 695 1168 Dei
718 1113 749 1168 in
776 1130 881 1186 magno
903 1115 1018 1170 silentio
1072 1111 1166 1180 potest
1184 1107 1300 1176 intueri,
1337 1107 1391 1162 nisi
1416 1111 1558 1179 quantum
1580 1106 1637 1163 fide
1667 1109 1934 1180 comprehenditur

172 1201 299 1257 venitin
326 1217 472 1267 auroram,
496 1200 629 1256 videlicet
653 1202 683 1256 in
712 1202 852 1258 humilem
879 1204 1016 1274 puellam.
1073 1200 1158 1269 atque
1182 1200 1329 1269 portatnr;
1345 1197 1418 1252 sicut
1439 1196 1521 1252 sedes
1547 1197 1677 1252 continet
1705 1215 1737 1254 ac
1766 1199 1932 1256 circumdat

174 1290 250 1346 llors
278 1289 359 1362 quasi
387 1305 486 1344 secura
504 1289 643 1360 processit
655 1289 785 1345 nesciens
807 1290 906 1358 vitam,
931 1307 1017 1363 qaam
1072 1284 1223 1341 dominnm
1238 1300 1334 1354 suum,
1348 1301 1414 1356 qua
1430 1284 1471 1340 ita
1490 1285 1534 1340 illi
1552 1285 1679 1357 subjecta
1703 1291 1801 1354 est,ut
1819 1305 1877 1342 nec
1902 1305 1933 1342 se

173 1378 224 1435 illa
245 1377 337 1434 dulcis
356 1377 442 1450 llirgo
463 1377 601 1450 portavit;
626 1377 695 1449 quia
718 1378 772 1432 sibi
795 1378 934 1436 absconsa
957 1384 1020 1436 erat
1072 1374 1182 1428 elevare
1195 1373 1287 1445 possit
1309 1378 1409 1429 contra
1426 1373 1577 1429 dominum
1594 1389 1698 1428 suurn:
1716 1375 1757 1430 sic
1771 1375 1843 1432 tides
1872 1393 1934 1433 nou

173 1468 236 1538 ejus
250 1467 411 1540 virginitas.
427 1466 580 1538 lpsaenim
589 1467 676 1538 Virgo
691 1467 760 1523 erat*
774 1485 885 1540 pauper
905 1469 936 1524 in
956 1475 1017 1526 ter.
1070 1461 1214 1518 desiderat
1235 1463 1358 1534 superba
1386 1461 1514 1534 aspicere
1540 1461 1571 1517 in
1602 1463 1703 1523 Deum,
1733 1464 1783 1519 sed
1806 1470 1929 1520 tantuna

170 1555 248 1611 ranis
263 1555 383 1628 opibns3
399 1554 467 1627 quia
483 1555 579 1611 divina
590 1554 723 1625 majestas
748 1571 813 1610 eam
827 1556 868 1610 ita
888 1556 1017 1613 invenire
1071 1550 1334 1607 intimadavotioue
1358 1550 1452 1622 tangit
1479 1566 1556 1606 enm.
1587 1551 1620 1606 El
1647 1550 1729 1622 quasi
1753 1550 1785 1607 in
1809 1559 1932 1626 pectore

171 1643 272 1700 voluit,
296 1645 376 1699 Nune
396 1643 488 1699 scribe
507 1644 543 1700 (ιθ
561 1659 629 1699 vem
652 1644 801 1716 agnitione
820 1645 960 1701 Creatoris
986 1647 1018 1700 in
1072 1653 1136 1705 suo,
1153 1638 1183 1693 id
1198 1639 1278 1694 estin
1292 1639 1434 1711 sapientia
1452 1638 1581 1710 mysterii
1596 1639 1641 1694 sui
1658 1639 1746 1695 babet
1767 1657 1820 1712 per
1845 1658 1930 1698 amo·

170 1730 299 1787 bonitate
314 1731 405 1802 ipsius
416 1731 466 1786 sic.
1072 1741 1134 1780 rem
1145 1726 1210 1782 Filii
1225 1727 1269 1782 sni
1279 1727 1429 1783 infirmum
1445 1732 1475 1782 et
1498 1727 1621 1782 debilem
1644 1743 1676 1783 ac
1700 1743 1862 1800 pauperem
1893 1730 1930 1784 li-

204 1822 279 1876 Dens
293 1819 344 1892 qui
366 1824 468 1876 cuncta
488 1819 595 1876 crearit
619 1826 647 1876 et
666 1820 815 1876 bominem
832 1821 869 1876 ad
893 1821 1017 1892 gloriam
1073 1813 1387 1886 mumquihomoesl,
1410 1814 1577 1886 nigrantia
1609 1813 1760 1885 nigredine
1791 1822 1929 1887 peccato-

169 1909 300 1965 illarnde
316 1924 375 1980 qua
397 1908 528 1982 perditus
550 1909 672 1980 angelus
698 1923 765 1963 cum
781 1907 840 1964 suis
866 1909 1018 1966 imitatori.
1072 1915 1148 1967 rum,
1172 1906 1201 1956 et
1216 1900 1391 1956 lutulentum
1416 1901 1445 1954 in
1468 1901 1630 1972 pollutione
1653 1903 1758 1969 carnis,
1781 1910 1811 1958 et
1833 1905 1929 1960 latum

171 1998 225 2052 bus
243 1999 390 2071 projectus
410 2002 454 2054 est
474 1997 629 2064 ordinarit,
652 1997 689 2053 ab
711 1997 791 2052 omni
811 2003 943 2053 anselme
965 2014 1018 2054 sua
1071 1990 1228 2046 seeundum
1240 1991 1460 2047 similitudinem
1479 1991 1603 2063 pectoris
1617 1993 1755 2059 bominis,
1771 1996 1855 2067 quod
1884 2003 1927 2052 eat

170 2085 297 2142 maximo
311 2087 422 2142 honore
436 2090 466 2141 et
484 2086 589 2143 timore
612 2086 792 2142 venerandus
806 2094 835 2141 et
845 2087 1017 2143 metuendus
1072 2078 1201 2134 dilatatio
1213 2079 1365 2150 profundat
1379 2084 1407 2134 0¹-
1418 2096 1530 2150 ¹11³ssssae
1544 2079 1692 2152 Sapienti&
1715 2082 1746 2138 in
1770 2098 1828 2154 qua
1863 2085 1928 2156 ipse

170 2181 224 2243 θη,
239 2175 309 2247 quia
320 2177 431 2247 justum
452 2179 496 2230 ω
516 2179 550 2230 ut
575 2175 704 2231 creatori
721 2174 853 2230 omnium
870 2176 1017 2232 veneratio
1071 2167 1145 2221 Deus
1159 2167 1265 2223 creavit
1284 2168 1444 2237 bominem,
1462 2168 1512 2223 illo
1542 2169 1700 2240 respiciens
1727 2171 1779 2241 qui
1802 2178 1875 2227 sunt
1897 2175 1926 2228 in

170 2281 188 2318 ι
210 2270 343 2320 ,rmum
383 2281 435 2320 ,ug
467 2263 644 2330 ahimam,
672 2267 701 2318 οι
728 2265 803 2320 neus
823 2265 1018 2336 supafomni,
1073 2253 1230 2312 salvatione
1246 2256 1351 2312 animae
1359 2272 1413 2328 per
1434 2256 1644 2327 paenitentiam,
1673 2257 1704 2312 in
1728 2259 1928 2332 qualicunque

170 2352 337 2409 fidelissime
357 2353 501 2409 ,dol-etur,
521 2353 602 2418 Quod
624 2357 655 2408 ῃ
669 2353 743 2424 lapi,
760 2353 815 2408 isto
834 2369 921 2425 quom
938 2355 1017 2409 aad„
1069 2344 1187 2400 crimine
1208 2350 1309 2400 contra
1332 2346 1424 2400 Deum
1455 2345 1558 2400 sintin
1582 2361 1634 2402 sue
1658 2346 1806 2403 debilitate
1837 2349 1925 2404 catci-

169 2441 328 2499 certissime
353 2441 493 2514 designat.
513 2443 578 2514 lpse
612 2447 656 2497 est
691 2441 770 2497 enim
809 2443 842 2498 iu
880 2445 1017 2513 mysterio
1068 2436 1185 2501 trames,
1201 2433 1269 2505 *1⁰5⁸
1290 2434 1406 2489 “fldem
1421 2434 1456 2489 ad
1484 2450 1552 2490 ⁰⁰⁰1
1579 2435 1759 2506 W'flssiffli·
1790 2437 1823 2490 ffl
1845 2437 1923 2507 i⁵¹¹¹¹¹

166 2530 336 2602 magnitudo
355 2530 469 2586 timori,
504 2530 715 2602 00m5n12qui
739 2531 896 2602 purissima
916 2532 1016 2587 aaron..
1069 2521 1237 2577 circumdati
1250 2522 1448 2594 compluribus
1457 2523 1636 2578 omameutis
1650 2523 1768 2578 illorum
1797 2525 1847 2596 qui
1876 2527 1926 2580 in-

167 2618 247 2674 tione
264 2619 294 2674 in
322 2618 455 2686 cordibus
489 2619 621 2675 bdelium
653 2635 768 2690 semper
799 2620 871 2676 oriri
894 2626 924 2675 et
948 2635 1015 2692 per·
1068 2615 1113 2665 ¹0?
1137 2625 1186 2665 0⁰⁵
1212 2615 1349 2682 ⁸1¹f81¹¹¹13
1375 2615 1407 2665 ¹¹²
1429 2610 1539 2682 lipidffl
1570 2611 1691 2682 pretiosi
1717 2613 1831 2684 ¹¹¹⁸S¹¹¹⁵
1853 2629 1924 2686 W·

169 2721 300 2764 severare
322 2707 416 2763 debet.
440 2708 496 2764 Sed
523 2708 601 2780 quod
627 2708 709 2764 rides
730 2724 798 2765 anm
822 2714 916 2765 toturn
938 2708 1015 2764 inte-
1070 2705 1147 2762 sonis
1174 2707 1225 2779 qni
1247 2711 1468 2780 suntmartyres
1496 2723 1529 2762 ac
1554 2707 1680 2778 virginea
1708 2711 1881 2779 sanctitatis,
1899 2717 1928 2767 et

168 2800 293 2866 grumet
311 2795 461 2852 immense
482 2794 642 2852 latitudinis
665 2801 752 2868 atqua
770 2796 931 2852 altitudinis
953 2794 1014 2852 ier·
1069 2797 1102 2848 ut
1128 2792 1314 2863 margaritae,l
1341 2793 1392 2866 qui
1418 2798 1487 2848 sunt
1504 2795 1673 2850 innocentes
1703 2801 1732 2851 et
1751 2798 1926 2868 prenitentes

168 2898 252 2940 reum
266 2882 393 2940 colorem
407 2884 573 2951 habentem,
586 2885 642 2940 hoc
669 2884 812 2957 estflquod
840 2885 941 2941 eadem
963 2885 1016 2940 lir-
1036 2879 1122 2946 clilil
1135 2880 1351 2953 redemptionis,
1364 2897 1430 2936 cum
1444 2881 1549 2953 quibus
1564 2881 1642 2938 idem
1660 2883 1747 2940 limus
1769 2887 1851 2941 valde
1874 2904 1924 2941 oa·-

170 2973 387 3046 maetgrandis
401 2973 570 3046 magnitudo
585 2972 699 3029 timoris
714 2973 827 3030 bomini
850 2972 1015 3028 llrmissime
1070 2981 1155 3032 natus
1169 2980 1236 3044 esta
1249 2976 1319 3030 dum
1341 2976 1372 3031 in
1399 2976 1528 3032 humano
1553 2994 1674 3050 corpore
1697 2981 1810 3052 fulgeat
1832 2988 1924 3038 tanta

169 3063 294 3118 mnenda
323 3067 375 3131 est,
408 3061 478 3134 quia
504 3063 581 3117 Dens
608 3063 780 3117 metuendus
801 3067 845 3116 est
872 3062 908 3116 ab
934 3061 1016 3117 omni
1071 3065 1201 3130 virtutes,
1218 3064 1322 3135 quaein
1331 3066 1390 3120 llas
1412 3070 1480 3121 sunt
1505 3066 1649 3137 fulgentes
1678 3069 1708 3123 in
1732 3071 1811 3124 omni
1837 3073 1924 3127 clari-

169 3151 339 3207 creatnrain
352 3154 413 3206 tota
423 3150 598 3222 integritate,
625 3154 656 3206 ut
680 3155 868 3222 cognoscetur
892 3165 969 3204 unus
987 3155 1017 3204 et
1070 3153 1223 3208 telettum
1239 3153 1290 3224 qui
1310 3153 1458 3210 constituit
1484 3155 1661 3225 spiraculum
1677 3163 1708 3212 et
1722 3157 1810 3213 vitum
1825 3161 1922 3216 bomi-

169 3255 253 3294 verus
268 3242 341 3296 oeus
355 3255 426 3305 esse,
453 3255 519 3294 cum
547 3241 645 3295 nullus
672 3242 779 3310 prater
805 3255 872 3294 enm
886 3244 939 3306 est,
962 3254 1017 3294 nec
1070 3256 1151 3306 num,
1174 3241 1222 3296 ille
1249 3241 1372 3312 inspexit
1393 3243 1590 3314 semetipsum.
1617 3244 1787 3309 Quomodo?
1808 3247 1925 3302 Scilicet

169 3327 369 3396 similisilli,in
385 3343 443 3400 quo
457 3332 501 3383 est
514 3327 657 3384 immensa
673 3327 810 3396 latitudo;
820 3327 960 3399 quoniam
973 3327 1016 3382 ia·
1070 3343 1136 3382 cum
1153 3328 1353 3400 redemptione
1376 3330 1445 3385 dum
1455 3331 1598 3402 praescivit
1610 3332 1641 3386 in
1663 3349 1715 3388 sua
1734 3334 1922 3404 praedestina-

169 3415 436 3489 comprebensibilis
455 3420 500 3472 cst
528 3417 559 3471 iu
586 3416 721 3471 omnibus
744 3421 774 3472 et
795 3433 882 3488 anper
906 3417 1014 3482 omnia,
1070 3417 1150 3472 tione
1165 3416 1269 3472 Filium
1293 3433 1378 3473 suum
1402 3418 1557 3486 incarnari,
1575 3420 1616 3475 ita
1630 3423 1706 3492 quod
1720 3422 1750 3476 in
1773 3423 1837 3493 ejus
1854 3441 1923 3480 cor-

168 3510 198 3561 et
211 3505 347 3572 altitudo;
371 3521 438 3560 cum
461 3509 588 3560 sanctam
615 3504 795 3560 divinitatem
818 3499 1015 3561 nullus'com·
1070 3521 1139 3577 pora
1152 3505 1280 3578 [deberet
1299 3505 1425 3578 abstergi
1438 3508 1532 3564 omnis
1546 3510 1691 3565 maculosa
1713 3512 1837 3566 varietas
1862 3515 1923 3568 ori-

169 3594 356 3666 prehendere,
372 3609 424 3648 nec
439 3592 476 3649 ad
501 3609 565 3649 eam
587 3593 752 3665 pertingere
774 3609 840 3648 cum
864 3592 1016 3649 altitudine
1071 3594 1192 3649 larinum.
1206 3595 1237 3649 Et
1251 3594 1291 3650 sic
1304 3594 1479 3651 videtetiam
1503 3596 1614 3652 animas
1638 3613 1703 3669 quaa
1716 3599 1923 3669 justificabun-

170 3683 214 3738 sui
228 3698 327 3739 sanans
345 3686 450 3754 potest,
467 3682 536 3754 quia
550 3682 613 3754 ipsa
627 3688 670 3737 est
691 3697 780 3752 snper
802 3681 907 3736 omnia.
933 3681 1016 3748 Quod
1072 3688 1119 3737 tur
1131 3687 1195 3754 post
1211 3681 1480 3754 multiplicationem
1500 3685 1713 3756 superfluorum
1734 3693 1921 3759 peccaturum

169 3775 265 3828 autem
279 3774 323 3826 ast
334 3770 533 3826 similitudinis
546 3770 634 3826 terrei
657 3769 772 3839 coloris,
796 3770 851 3825 hoc
872 3769 1016 3841 estquod
1070 3771 1138 3825 dnm
1164 3771 1257 3826 adhuc
1275 3771 1305 3826 in
1322 3772 1491 3844 corporibus
1506 3773 1565 3828 suis
1579 3779 1656 3843 sunt,
1673 3781 1703 3830 et
1720 3793 1787 3848 quaa
1815 3793 1921 3832 eonsu-

169 3875 323 3916 onerosum
345 3864 374 3916 et
396 3858 503 3914 durum
530 3863 574 3914 est
595 3859 731 3914 humanis
751 3859 898 3914 mentibus
924 3859 1016 3912 Deum
1069 3863 1165 3913 escant
1189 3859 1220 3913 in
1243 3859 1356 3930 jusittia
1385 3860 1435 3916 Dei
1455 3863 1605 3918 ambulare
1635 3869 1700 3934 post
1723 3865 1922 3922 diversitatem

169 3948 281 4016 timere,
296 3946 371 4002 illud
386 3947 467 4003 valde
488 3962 575 4017 grave
601 3947 726 4003 existens
746 3945 879 4027 mollitiei
907 3945 1017 4015 fragilis
1070 3961 1201 4002 erremus
1213 3963 1330 4003 suorum
1347 3950 1471 4021 qualiter
1491 3951 1650 4008 consistant
1666 3953 1696 4006 in
1712 3954 1781 4019 Deo,
1797 3971 1830 4010 ac
1848 3971 1920 4026 qua-

166 4035 281 4103 cineris,
317 4034 387 4106 qaia
427 4033 556 4089 bumana
589 4039 719 4089 creatura
737 4033 794 4105 ipsi
827 4033 941 4089 rebellis
961 4038 1015 4088 est.
1070 4033 1136 4088 liter
1145 4035 1283 4092 desistant
1296 4037 1332 4092 da
1347 4038 1438 4092 multa
1466 4039 1621 4106 oblivione,
1645 4046 1674 4095 et
1696 4043 1844 4111 quomodo
1874 4061 1920 4098 re·

167 4125 261 4195 Super
289 4121 415 4193 lapidem
440 4137 507 4177 vero
542 4121 639 4191 ipsum
672 4123 794 4178 candida
822 4121 913 4177 nubes
939 4123 1017 4178 clara
1070 4127 1220 4179 vertantur
1238 4124 1274 4179 de
1295 4141 1471 4199 unoquoque
1492 4127 1563 4183 vitio
1579 4144 1638 4199 qno
1648 4129 1719 4198 ipsa
1734 4136 1801 4184 sunt
1822 4133 1922 4186 vnlne-

167 4210 309 4282 sapientia
321 4209 456 4264 humane
471 4210 575 4265 mentis
590 4215 642 4277 est,
656 4227 689 4266 ac
716 4226 805 4282 super
820 4226 885 4265 eam
904 4211 1015 4282 positus
1034 4192 1140 4265 Drntae
1157 4227 1222 4266 cnm
1246 4212 1278 4267 in
1301 4214 1472 4270 mortalibus
1493 4215 1659 4271 ceciderunt
1672 4218 1805 4287 peccatis,
1822 4224 1850 4274 et
1865 4222 1917 4275 sio-

169 4299 273 4371 regalis
299 4299 421 4354 thronus
445 4299 587 4354 rotundus
620 4305 662 4355 est
686 4300 769 4355 fortis
797 4305 826 4354 et
846 4298 1016 4370 principalis
1071 4302 1103 4353 ut
1118 4305 1184 4354 sunl
1201 4300 1330 4357 videntes
1350 4303 1429 4374 qnod
1444 4303 1528 4358 multi
1549 4303 1650 4376 populi
1673 4313 1861 4362 surrexerunt
1884 4310 1919 4363 de

168 4389 240 4444 tides
252 4387 394 4443 circuiens
408 4385 439 4442 in
459 4387 620 4443 Christiano
637 4391 756 4460 populo,
780 4388 825 4442 cui
847 4390 923 4443 Deus
943 4388 1016 4443 tide·
1068 4389 1231 4446 enantibus
1246 4391 1299 4445 viis
1314 4391 1345 4446 ia
1362 4389 1467 4463 quibus
1480 4391 1676 4461 ,ambrdabant
1695 4395 1773 4464 pleni
1792 4397 1918 4452 vulneri·

170 4477 235 4532 liter
250 4475 384 4548 cognitus
407 4479 459 4544 est,
482 4475 551 4548 quia
572 4476 623 4531 ubi
647 4476 734 4532 timor
758 4477 872 4532 Domini
895 4477 1017 4542 radicat,
1068 4476 1123 4532 bus
1145 4476 1177 4532 in
1190 4480 1282 4551 plagis
1297 4480 1428 4552 pessimis
1452 4481 1605 4536 restaurati
1620 4482 1656 4537 de
1676 4487 1769 4537 morte
1789 4484 1917 4539 feditatis

167 4565 209 4622 ibi
232 4565 320 4620 etiam
347 4563 488 4636 sapientia
520 4564 655 4620 bumana
676 4565 780 4621 mentis
808 4582 1015 4639 superappare-
1068 4565 1223 4622 criminum
1240 4583 1247 4621 :
1263 4569 1303 4622 sic
1318 4569 1405 4624 etiam
1418 4570 1502 4624 multi
1518 4570 1637 4626 veniunt
1651 4571 1701 4642 qui
1722 4571 1753 4626 in
1775 4573 1916 4630 amaritu-

168 4654 219 4722 bit,
235 4652 447 4709 etdeindelleo
462 4669 547 4724 opem
562 4653 710 4721 afferente,
725 4653 797 4710 fldes
826 4670 914 4727 super
941 4655 1015 4711 banc
1068 4653 1135 4710 dine
1156 4655 1248 4711 acerbi
1269 4657 1376 4712 doloris
1399 4658 1508 4729 peccati
1537 4662 1595 4713 tam
1609 4659 1744 4728 lgraviter
1765 4664 1833 4714 sunt
1854 4663 1914 4716 rul-

167 4731 342 4815 imponstur,
363 4742 393 4797 in
421 4757 479 4813 qua
502 4742 565 4814 ipse
588 4745 661 4799 Deus
685 4744 740 4800 sibi
763 4744 892 4816 requiem
919 4750 1013 4818 parat.
1067 4745 1170 4810 norati,
1193 4745 1271 4816 quod
1300 4745 1357 4817 ipsi
1377 4746 1464 4802 etiam
1492 4746 1523 4801 in
1542 4747 1748 4802 consuetudine
1772 4749 1915 4808 malorum

168 4831 241 4889 Cum
262 4832 341 4888 enirn
361 4831 437 4887 Deus
461 4832 581 4887 timetur
603 4847 655 4904 per
678 4831 851 4904 sapientiam
878 4835 1014 4890 humanae
1067 4847 1180 4888 morum
1195 4833 1226 4888 in
1248 4833 1353 4905 quibus
1381 4849 1469 4906 sopra
1498 4836 1617 4891 modum
1634 4842 1824 4906 peccaverunt
1848 4843 1916 4894 sunt

166 4921 281 4987 mentia,
297 4920 328 4975 in
341 4919 398 4975 tlde
420 4918 610 4991 intelligitur;
634 4921 703 4992 quia
725 4937 790 4975 cnm
817 4921 863 4976 bis
891 4926 1013 4994 tangen-
1066 4919 1107 4975 ita
1120 4920 1233 4989 tediosi,
1258 4921 1496 4994 quodnequeunt
1511 4925 1586 4978 ultra
1608 4923 1751 4996 respirare
1771 4924 1800 4978 in
1816 4925 1912 4980 llucti·

166 5009 220 5065 dna
235 5006 414 5063 estntsedes
433 5005 526 5078 tangit
546 5006 703 5062 Dominum
719 5023 813 5063 snum.
835 5009 868 5063 Et
889 5014 958 5064 tnnc
980 5009 1013 5065 in
1066 5010 1130 5078 bus,
1152 5011 1188 5066 ad
1215 5012 1393 5080 operandam
1416 5012 1599 5068 mortiterum
1624 5027 1697 5082 opus
1713 5013 1743 5067 in
1770 5013 1913 5070 adulterio

165 5097 210 5152 bis
226 5097 299 5152 Deus
315 5099 399 5167 parat
409 5093 464 5151 sibi
488 5095 596 5161 sedena
623 5111 754 5151 summus
778 5097 899 5152 existens
913 5097 1013 5170 lsoper
1066 5105 1095 5154 et
1108 5099 1264 5155 homicidio
1274 5107 1303 5156 et
1317 5101 1515 5173 superfluitate
1526 5101 1657 5156 omnium
1672 5101 1824 5157 malorum.

165 5185 280 5250 omnia;
305 5185 374 5256 quia
399 5199 494 5255 neque
527 5189 665 5254 potestate
696 5201 791 5256 neque
818 5185 1011 5242 dominatione
1100 5187 1243 5252 Omiseri,
1261 5203 1357 5244 nonne
1380 5190 1500 5246 veniunt
1515 5191 1571 5262 ipsi
1594 5190 1676 5261 quasi
1706 5191 1853 5262 peregrini
1871 5193 1906 5247 de

164 5271 370 5344 comprehendi
387 5276 490 5343 potest,
513 5272 563 5327 aad
590 5271 698 5328 residet
726 5272 754 5327 in
777 5273 861 5328 unica
882 5279 911 5328 at
938 5290 1011 5345 pura
1064 5275 1221 5348 longinqua
1234 5277 1435 5348 regionesicut
1449 5278 1595 5349 Scriptura
1609 5278 1695 5334 babet
1724 5279 1754 5334 in
1785 5280 1910 5351 Evange-

164 5361 239 5428 ttde13
252 5359 477 5431 quoniamunus
503 5359 608 5431 estqui
638 5361 797 5416 eradendas
821 5362 896 5417 Deus
923 5379 1011 5434 super
1064 5365 1115 5431 lio,
1130 5365 1181 5420 ubi
1195 5365 1492 5422 adolescentiortltius
1508 5367 1580 5422 dixit
1594 5385 1603 5420 .·
1617 5368 1742 5438 samam
1755 5369 1783 5422 et
1803 5365 1850 5422 ibo
1871 5368 1910 5422 ad

165 5447 274 5504 omnia
1063 5455 1179 5524 patrem
1189 5458 1323 5510 mmet
1334 5454 1430 5510 dabam
1441 5453 1511 5510 arta:
1528 5456 1629 5524 Pater,
1643 5453 1907 5525 marsanam
