3984 6034
133 115 184 171 rel
209 112 214 128 “
876 103 903 166 S.
923 102 1161 169 llltuluclnlus
1833 105 1889 164 idi
1931 191 1942 204 ἱ

134 244 257 302 comedit
289 249 319 298 et
337 241 418 305 bibit,
446 246 480 297 nt
496 238 609 298 bomini
636 240 729 297 iecere
755 241 905 308 concessit,
935 257 988 313 per
1006 245 1029 297 A
1044 240 1192 309 ditissimi,
1218 255 1282 312 quie
1297 239 1463 312 supervenit
1485 238 1516 294 in
1541 238 1668 307 iberiam,
1691 254 1724 310 en
1752 239 1815 312 ipsa
1830 256 1893 298 cer-

134 333 213 408 qnod
228 349 294 388 cero
321 338 349 386 et
370 331 488 404 sangnis
510 336 642 387 crescunt
657 335 686 385 et
706 331 883 399 nutriuntur,
899 346 936 385 ne
948 329 980 384 in
1033 346 1099 386 nem
1112 335 1141 384 et
1155 329 1326 401 sangninem
1352 328 1413 383 Filii
1438 328 1489 384 [tei
1502 327 1641 394 efficiens,
1662 344 1750 400 snper
1763 329 1892 384 oblatio·

133 421 250 478 officiali
272 436 359 492 opere
382 437 434 475 sno
462 420 619 476 arescendo
633 418 777 476 deficiant.
792 420 894 476 Cibum
912 435 980 474 vero
1035 433 1101 473 nem
1121 419 1204 488 penis
1228 416 1348 484 etvini,
1372 416 1480 488 apertis
1498 417 1665 471 vulneribus
1688 418 1755 472 lesu
1769 417 1888 486 Cbristi,
1984 419 1985 436 ¹

133 511 223 566 istum
236 525 354 582 serpeus
372 508 588 577 contaminavit,
615 508 730 579 qnando
745 508 833 581 primi
847 507 981 565 homines
1034 505 1192 573 descendit,
1208 507 1248 561 ite
1262 511 1295 561 nt
1319 505 1421 561 eadem
1438 505 1545 560 oblatio
1559 504 1642 576 panis
1656 509 1685 559 et
1704 505 1763 561 vini
1777 506 1888 562 occulte

133 597 190 674 ipsi
203 598 414 653 consentientes
428 598 463 653 de
475 597 608 668 paradiso
622 595 732 668 expulsi
746 602 815 652 snirt
828 598 911 664 (Gen.
921 596 980 665 rvv);
1035 595 1066 649 in
1089 599 1244 666 conspectu
1268 594 1320 650 Dei
1340 599 1369 649 et
1390 599 1556 648 sanctorum
1580 594 1760 664 augelorum,
1776 594 1806 649 in
1826 610 1888 649 car-

133 687 213 744 nude
227 692 255 742 et
268 701 321 758 per
334 684 548 757 suggestionem
566 684 684 752 diaboli,
700 683 776 739 lilios
790 700 857 739 snos
870 683 900 739 in
914 700 978 754 pec·
1035 697 1103 737 uem
1118 690 1146 736 et
1160 681 1333 752 sangninem
1356 681 1592 749 transformetnr3
1607 681 1680 736 sicin
1709 681 1795 736 etiam
1822 697 1887 753 gra-

133 777 205 832 catis
227 774 424 847 concipiendo,
453 773 485 830 in
512 772 609 829 dolore
624 774 810 844 generabant.
827 772 881 830 Sed
896 772 981 828 islam
1036 786 1107 827 num
1121 770 1261 826 etvinnm
1287 786 1341 842 per
1360 770 1503 826 occultem
1519 769 1700 836 viriditatem,
1727 786 1815 842 qnam
1828 771 1882 826 ho·

135 863 312 919 mortiferam
336 862 553 933 conceptionem
574 861 707 927 bominis,
727 861 815 918 Filius
843 862 893 916 liei
916 861 981 916 ebs·
1037 877 1084 917 mo
1113 861 1210 918 videre
1233 877 1292 917 non
1314 866 1420 933 potest,
1453 865 1594 916 crescunt.
1619 860 1674 916 Sed
1699 861 1769 932 quia
1793 861 1882 916 bomo

134 952 227 1020 tersit,
266 967 332 1008 cnm
365 951 401 1007 de
429 950 538 1022 Spiritu
566 954 666 1006 sancte
694 967 727 1005 ex
755 951 842 1006 lteris
871 949 981 1021 virgine
1035 957 1102 1022 post
1131 951 1308 1006 ablutionem
1344 949 1481 1020 baptismi
1510 949 1541 1004 in
1571 949 1693 1021 peccetis
1724 949 1884 1020 saepissime

134 1041 196 1097 sine
210 1041 291 1097 omni
304 1044 419 1113 peccato
440 1039 531 1095 virilis
553 1042 666 1095 naturas
679 1045 834 1110 conceptus
857 1043 982 1095 etnetus
1036 1041 1152 1108 labitur,
1179 1041 1299 1095 vulnera
1327 1039 1455 1110 ejusdem
1489 1037 1552 1093 Filii
1580 1037 1631 1094 bei
1663 1037 1763 1093 tandin
1783 1048 1884 1109 aperta
1984 1107 1985 1110 Ἴ

135 1133 179 1184 est
192 1130 270 1201 (Luc.
285 1143 305 1198 1,
321 1128 362 1199 n).
392 1126 481 1183 Filius
508 1126 597 1182 etiam
618 1126 678 1193 Dei,
704 1142 808 1200 corpus
823 1127 982 1198 etsangni·
1037 1135 1114 1196 sunt,
1138 1143 1288 1200 quousque
1311 1127 1458 1184 rationulis
1482 1127 1570 1182 hemo
1589 1127 1759 1198 peccaverit,
1784 1132 1885 1198 qnate-

134 1233 202 1273 nem
230 1232 316 1273 snum
344 1217 376 1272 in
401 1232 476 1288 pane
504 1221 534 1271 et
559 1216 626 1271 vine
649 1215 798 1286 discipulis
820 1215 880 1270 suis
903 1214 983 1270 dedit
1037 1233 1092 1271 uns
1107 1217 1234 1288 ipseper
1248 1214 1444 1288 poenitentiam
1461 1219 1490 1270 et
1504 1213 1712 1270 confessionem
1728 1215 1760 1269 in
1775 1214 1884 1270 eisdem
1984 1205 1985 1248 Τ

134 1305 359 1376 (Marruuii),
386 1304 455 1377 qnia
469 1306 529 1360 brec
543 1305 602 1359 duo
617 1303 742 1359 maxime
761 1303 787 1359 ei
808 1303 984 1358 conremnnl
1036 1305 1203 1360 vulneribus
1224 1304 1380 1359 mundetur
1408 1310 1437 1359 et
1465 1303 1630 1375 recipietur.
1659 1303 1712 1359 Sed
1742 1303 1884 1368 homiues,

136 1400 165 1450 et
190 1401 408 1466 comparantnr;
437 1392 575 1465 qnoniam
603 1393 677 1449 sicin
706 1408 829 1463 granum
852 1391 883 1446 in
907 1396 984 1447 terra
1037 1394 1086 1466 qui
1111 1392 1239 1448 heretici
1266 1397 1296 1448 et
1325 1392 1474 1448 Sadducaei
1500 1393 1645 1460 dicentur,
1676 1391 1886 1447 sanctissimam

135 1483 346 1549 absconditum,
377 1499 410 1537 ex
438 1481 519 1536 nulla
543 1480 600 1536 alia
620 1480 830 1553 coagulatione,
857 1479 913 1534 nisi
931 1493 983 1550 per
1039 1482 1249 1538 humanitatem
1271 1481 1333 1536 Filii
1366 1482 1426 1548 Dei,
1451 1486 1481 1537 et
1503 1480 1682 1536 sanctitatem
1707 1481 1834 1551 corporis
1857 1486 1888 1534 et

135 1572 261 1627 calorem
283 1571 361 1639 solis,
391 1575 421 1626 et
435 1573 587 1626 bnmorem
608 1585 701 1642 aquae,
724 1586 778 1641 per
798 1568 920 1640 gratiam
934 1566 985 1622 Dei
1004 1543 1189 1642 Bsanguinis
1203 1569 1257 1638 sui,
1283 1585 1348 1642 quae
1366 1569 1397 1625 in
1414 1569 1587 1625 oblationem
1611 1568 1695 1640 panis
1712 1575 1740 1623 et
1759 1568 1817 1623 vini
1833 1572 1886 1634 est,

134 1659 166 1715 in
182 1659 325 1715 viriditate
348 1674 400 1713 aue
414 1660 523 1714 occulte
537 1658 678 1714 nascendo
693 1657 785 1730 surgit
799 1657 901 1728 (Jocu.
923 1654 985 1725 xiv),
1039 1662 1163 1730 negent3
1183 1658 1307 1730 ideoque
1329 1658 1470 1728 diabolus,
1490 1659 1540 1730 qni
1561 1657 1678 1714 initium
1701 1663 1745 1713 est
1762 1657 1798 1712 eb
1823 1656 1885 1724 ilio,

134 1747 251 1804 etslcnt
278 1748 380 1803 botrus
403 1747 473 1812 vini,
504 1763 563 1802 nnn
592 1762 645 1818 per
664 1745 858 1818 putationem,
872 1744 921 1800 sed
934 1759 986 1814 per
1040 1748 1091 1819 qui
1103 1761 1156 1801 nec
1169 1745 1285 1802 initium
1303 1761 1354 1802 nec
1364 1745 1452 1802 linem
1469 1745 1566 1814 habet,
1582 1750 1611 1800 et
1629 1746 1680 1816 qui
1695 1744 1724 1799 in
1743 1744 1887 1815 principio

136 1837 286 1908 mysticam
313 1835 436 1906 gretiam
465 1835 515 1890 Dei
543 1836 614 1890 viret
636 1841 665 1891 et
686 1834 802 1903 crescil;
829 1833 869 1889 sic
898 1832 985 1888 etiam
1039 1833 1160 1890 honoris
1183 1833 1237 1900 sui,
1262 1833 1365 1889 unitati
1382 1840 1498 1890 veternas
1521 1833 1679 1889 divinitatis
1702 1833 1886 1901 contradixit,

135 1926 197 1998 ipse
212 1924 302 1982 Filius
327 1923 546 1978 lteisineomni
569 1922 780 1994 coagulatione,
797 1927 826 1978 et
841 1919 985 1977 viriditate
1039 1939 1092 1996 per
1118 1921 1252 1998 immines
1279 1921 1359 1992 istus,
1385 1926 1475 1976 totam
1504 1927 1611 1978 terram
1641 1922 1758 1993 pulvere
1785 1921 1887 1977 mortis
1984 1987 1985 1996 χ

135 2013 245 2085 peccati
269 2011 392 2068 ceradis
419 2015 529 2066 naturae
552 2027 585 2066 ex
602 2011 714 2067 occulta
736 2010 887 2066 divinitate
901 2024 985 2064 rerns
1039 2010 1175 2082 aspergit.
1200 2011 1263 2082 lpse
1287 2009 1365 2066 enirn
1389 2011 1511 2066 mendax
1533 2014 1577 2066 est
1601 2013 1703 2077 (loon.
1723 2011 1791 2078 vrri),
1816 2027 1888 2082 quo-

136 2102 225 2158 bomo
240 2100 388 2173 processit.
414 2100 492 2169 Ignis
517 2100 594 2155 enim
626 2099 676 2171 qni
701 2099 732 2154 in
760 2100 851 2155 altum
878 2099 985 2154 siccum
1039 2099 1119 2155 niam
1141 2098 1362 2155 obcaecationem
1394 2098 1581 2167 infidelitatis,
1611 2099 1702 2155 oculis
1734 2098 1887 2154 hominum

136 2194 257 2260 putenm
284 2188 439 2243 absconsus
464 2192 518 2257 est,
544 2187 594 2243 nbi
623 2192 721 2257 postea
744 2201 927 2258 crassaeque
942 2185 985 2240 in·
1039 2187 1160 2244 istorum
1183 2181 1316 2256 ininndit,
1340 2204 1388 2243 eos
1417 2188 1457 2243 ita
1480 2187 1664 2254 obcaecando,
1689 2192 1721 2242 ut
1742 2188 1773 2242 in
1795 2187 1886 2242 Deum

136 2277 316 2341 veniebatur,
331 2292 398 2332 cnm
421 2292 479 2348 qna
493 2276 632 2332 sacrificia
659 2274 895 2347 aspergebantur,
920 2289 985 2346 qnoe
1038 2293 1138 2332 verum
1153 2292 1204 2332 uec
1231 2291 1357 2347 sperare,
1382 2292 1435 2332 nec
1463 2275 1579 2332 credere
1594 2276 1719 2348 possint;
1744 2281 1773 2330 et
1795 2275 1834 2330 ita
1847 2275 1889 2329 ri·

137 2383 189 2439 per
217 2382 354 2438 magnum
383 2365 493 2437 ignem,
512 2365 563 2437 qui
589 2381 724 2422 accensus
746 2370 799 2433 est,
815 2369 985 2436 cousumpta
1040 2381 1127 2438 pereo
1154 2381 1233 2421 mere
1254 2380 1369 2420 omnem
1403 2365 1582 2420 sanctitatem
1614 2371 1644 2419 et
1671 2365 1811 2419 honorem
1836 2363 1887 2418 Dei

137 2453 463 2526 sunt(Ildiocbob.1),
491 2455 579 2511 Deum
595 2453 860 2525 inexstinguibilem
875 2454 983 2524 ignem,
1039 2469 1092 2527 per
1110 2453 1241 2509 homines
1266 2453 1335 2508 istos
1345 2453 1467 2521 mordet,
1491 2452 1541 2525 qni
1564 2469 1630 2508 enm
1657 2469 1709 2523 per
1731 2451 1890 2523 suggestio-

137 2543 277 2599 elvirum
305 2543 415 2598 iontem
441 2559 503 2598 esse
531 2542 689 2613 designant.
709 2543 779 2598 Nem
807 2542 868 2614 ipse
898 2541 983 2605 Deus,
1039 2557 1108 2597 nem
1123 2557 1204 2596 snam
1219 2547 1390 2613 sequnntur,
1406 2546 1436 2596 et
1450 2541 1499 2612 qui
1511 2557 1562 2612 per
1575 2540 1672 2598 omnia
1688 2542 1776 2596 Deum
1791 2540 1889 2594 virum

138 2647 225 2704 quern
238 2630 314 2686 idem
327 2630 402 2701 ignis
416 2635 445 2686 et
463 2647 539 2703 equa
556 2630 730 2702 significant,
745 2631 850 2686 inette
866 2629 986 2702 proten·
1040 2646 1093 2702 per
1114 2629 1313 2685 infidelitatem
1329 2628 1500 2699 despiciunt.
1522 2630 1614 2684 Deum
1628 2645 1755 2701 nemque
1775 2645 1888 2698 verum,

20 2753 26 2760 ,
137 2719 226 2775 ditate
247 2735 299 2773 sna
323 2722 382 2772 tem
397 2718 525 2774 occultus
546 2724 597 2785 est,
625 2718 704 2790 qnod
719 2733 836 2772 omnem
857 2717 986 2773 intellec-
1041 2719 1092 2791 qui
1108 2718 1258 2774 invisibilis
1287 2724 1338 2784 est,
1373 2724 1402 2774 et
1423 2718 1510 2774 etiem
1541 2719 1679 2784 animam,
1699 2735 1731 2772 ac
1754 2717 1889 2788 spiritum

138 2813 201 2864 tnm
215 2806 336 2863 humani
360 2806 470 2878 ingenii
488 2807 613 2863 excedit:
629 2806 707 2861 nude
721 2806 809 2862 etiam
824 2820 912 2861 omne
926 2820 986 2860 car·
1006 2807 1166 2892 chemicis
1187 2806 1218 2862 in
1239 2811 1316 2862 recta
1333 2806 1390 2863 tide
1416 2822 1473 2862 non
1487 2807 1609 2875 hebent3
1635 2807 1774 2879 qnoniam
1793 2807 1889 2861 omnis

139 2898 205 2952 nale
223 2896 398 2953 desiderium
423 2895 453 2951 in
479 2894 581 2950 lieris.
596 2894 707 2966 virgine
734 2895 775 2950 ita
798 2894 986 2965 consumpsit,
1041 2911 1142 2950 eornm
1161 2893 1284 2949 intentio
1306 2894 1342 2950 ad
1365 2893 1414 2951 ille
1440 2910 1505 2967 qnae
1529 2895 1654 2950 carnalia
1682 2898 1758 2962 sunt,
1780 2894 1886 2949 tendit:

139 2987 218 3058 quod
242 2984 319 3040 lilius
342 3001 411 3039 snus
430 2984 539 3056 absque
568 2983 648 3039 omni
674 2983 929 3054 incendiopeccati
953 2998 987 3038 ex
1042 2984 1166 3056 ideoque
1193 2983 1291 3038 emnia
1318 2999 1384 3054 quea
1409 2983 1458 3038 liei
1486 2989 1562 3051 sunt,
1578 2983 1825 3054 quemadmodum
1840 2983 1888 3037 ille

139 3075 202 3146 ipsa
230 3073 440 3130 humanitatem
465 3088 547 3128 suam
580 3071 688 3127 induit:
724 3070 847 3142 Spiritus
873 3076 989 3127 senctns
1043 3073 1093 3146 qui
1118 3088 1168 3128 eos
1193 3071 1312 3138 seducit,
1340 3072 1523 3139 conculcant,
1558 3071 1625 3143 quia
1649 3071 1736 3127 rerba
1761 3071 1889 3126 veritatis

139 3163 230 3230 enim,
257 3161 308 3234 qni
323 3161 404 3216 vives
431 3160 496 3216 lons
523 3164 576 3229 est,
607 3159 775 3216 suavissimo
789 3160 911 3217 humore
936 3176 988 3215 suo
1043 3165 1260 3217 contemnentes
1280 3159 1310 3214 in
1333 3159 1480 3216 mendacio
1506 3165 1535 3216 et
1556 3159 1673 3216 insalsa
1695 3159 1889 3216 doctrinasne

139 3267 204 3308 eam
228 3249 365 3322 perfudit,
389 3249 463 3306 sicul
487 3265 534 3305 ros
559 3266 646 3322 super
676 3265 800 3320 granum
825 3249 988 3316 descendil3
1043 3249 1214 3321 gloriantur.
1228 3247 1358 3304 Perditus
1385 3265 1452 3303 vero
1479 3249 1609 3320 angelus,
1637 3265 1690 3320 per
1715 3247 1891 3303 ralionalita-

139 3341 181 3396 ita
195 3344 224 3394 el
238 3355 290 3412 per
311 3339 448 3394 virtutem
469 3338 609 3394 Altissimi
637 3338 673 3394 ab
696 3338 777 3394 omui
799 3338 911 3407 ardore,
937 3337 990 3410 qui
1044 3343 1103 3395 tem
1117 3354 1199 3393 snam
1212 3337 1276 3405 scit,
1304 3337 1382 3410 quod
1405 3336 1494 3393 homo
1508 3337 1656 3393 rationalis
1669 3336 1888 3407 possibilitatem

139 3443 191 3500 per
223 3426 438 3498 suggestionem
471 3426 578 3482 diaboli
613 3425 794 3483 nascentibus
823 3426 989 3482 bominibus
1043 3425 1182 3500 operandi
1195 3443 1260 3498 quae
1281 3427 1351 3494 vult,
1367 3425 1466 3482 hebel:
1483 3430 1512 3480 el
1534 3425 1588 3481 boc
1603 3425 1633 3481 in
1652 3425 1746 3497 primo
1762 3424 1890 3491 bomine,
1984 3448 1985 3504 f

139 3516 183 3583 tit,
199 3520 227 3572 et
240 3515 276 3570 ab
292 3514 373 3571 omni
400 3515 499 3571 dolore
524 3516 660 3571 hnmanae
677 3519 787 3571 netnree
805 3519 834 3571 el
848 3515 989 3586 geuitnrae
1043 3517 1094 3589 qni
1119 3520 1294 3588 preceptum
1311 3531 1328 3571 a
1353 3515 1411 3570 lieo
1433 3519 1591 3587 acceperet,
1606 3515 1783 3586 recognovit,
1804 3530 1837 3569 ec
1852 3513 1891 3568 ita
1984 3523 1985 3528 ’

140 3604 312 3661 obumbrata
344 3603 393 3672 sit,
425 3601 670 3675 quemadmodum
692 3604 812 3675 angelus
834 3603 870 3659 ad
896 3602 990 3674 ipsam
1044 3605 1075 3661 in
1093 3604 1195 3660 eadem
1211 3621 1269 3676 qna
1291 3603 1443 3660 mulierem
1467 3602 1628 3676 deceperat,
1644 3602 1714 3657 illud
1728 3601 1805 3673 qnod
1822 3615 1891 3672 pree

139 3693 224 3748 dixit:
252 3693 293 3748 Et
305 3693 398 3747 virtue
408 3689 558 3746 ditissimi
587 3690 767 3747 obumbrabit
784 3691 838 3748 tibi
863 3692 942 3763 (buc.
959 3692 988 3761 1).
1044 3693 1129 3765 cepit,
1156 3693 1262 3748 scilicet
1287 3696 1319 3747 nt
1341 3694 1500 3748 crescerent
1513 3695 1541 3745 et
1563 3690 1836 3761 multiplicarentur,
1861 3689 1890 3744 in

177 3780 291 3835 Primus
307 3785 405 3834 antem
418 3783 499 3834 ortus
517 3779 676 3834 immundae
691 3777 910 3850 coagulationis,
926 3793 991 3850 qnae
1044 3781 1211 3837 hominibus
1232 3780 1294 3836 istis
1320 3781 1466 3836 destruere
1488 3777 1675 3848 coaetaneis
1698 3778 1889 3849 suggerendo,

140 3870 202 3924 sine
223 3868 332 3940 Spiritu
355 3871 453 3922 sancto
476 3867 615 3931 exeritur,
635 3867 666 3921 in
685 3868 768 3939 aquis
786 3866 924 3938 baptismi
938 3883 991 3938 per
1045 3885 1081 3925 ne
1105 3871 1262 3925 secundum
1287 3873 1464 3941 praeceptum
1487 3867 1569 3939 legis,
1585 3867 1635 3922 sed
1656 3866 1812 3922 secundnm
1828 3867 1890 3932 hoc,

140 3956 279 4029 Spiritum
303 3960 446 4022 sanctum,
475 3955 555 4009 velut
567 3969 672 4009 aurum
693 3954 724 4009 in
751 3954 819 4026 igne
833 3954 991 4010 mundatur
1045 3958 1122 4029 qnod
1136 3957 1188 4029 ipsi
1203 3973 1256 4030 per
1277 3955 1492 4028 suggestionem
1511 3953 1617 4012 diaboli
1633 3955 1819 4026 sibimetipsis
1838 3955 1890 4010 eli-

140 4047 169 4099 el
195 4041 376 4112 purificatum
401 4039 518 4113 quoiam
527 4039 658 4112 Spiritus
677 4044 794 4096 sanctus
802 4057 992 4113 superaquue
1045 4051 1128 4117 gunt,
1141 4045 1238 4102 virent
1251 4048 1319 4117 (te).
1337 4047 1399 4118 lpse
1414 4061 1531 4118 quoqne
1544 4044 1584 4100 eis
1597 4045 1734 4117 suggerit,
1747 4049 1890 4115 ntcerpns

136 4130 289 4202 serebatur
317 4130 400 4202 (Gen.
426 4133 459 4202 1),
480 4147 512 4184 ac
541 4146 590 4186 eas
610 4131 729 4193 moveri,
756 4137 784 4188 et
808 4131 898 4188 fluere
911 4131 988 4188 iecit.
1010 4132 1130 4192 Danum
1153 4150 1205 4207 per
1238 4133 1384 4206 jejunium
1422 4133 1593 4189 macerando
1628 4131 1835 4204 constringent,
1863 4135 1891 4186 et

85 4261 89 4268 .
142 4220 272 4291 lpsoeqne
301 4220 389 4274 eliam
421 4218 550 4290 spiritale
578 4219 754 4275 elementum
787 4236 847 4292 prm
882 4221 992 4277 ceteris
1044 4228 1144 4296 postea
1165 4239 1280 4284 omnem
1305 4223 1481 4278 voluntatem
1508 4220 1609 4277 incesti
1635 4219 1769 4277 desiderii
1791 4235 1890 4275 eornm

142 4313 221 4375 sunt,
248 4312 278 4362 et
308 4306 339 4362 in
368 4307 408 4363 eis
428 4306 516 4362 etiam
542 4307 679 4364 animalia
697 4307 728 4362 in
749 4314 852 4364 natura
867 4309 903 4365 ab
928 4310 993 4365 aliis
1044 4312 1211 4384 perficiant;
1226 4317 1254 4368 et
1269 4311 1321 4379 ile,
1336 4311 1397 4383 ipsc
1417 4309 1566 4377 suadente,
1582 4310 1619 4366 ab
1641 4309 1721 4364 omni
1743 4307 1891 4364 sanctitate

142 4395 315 4460 animalibus
343 4396 446 4464 aliena,
471 4401 628 4452 nascuntur
648 4401 678 4453 et
709 4402 876 4468 pascuntur.
900 4398 991 4454 Home
1044 4401 1180 4473 legalium
1201 4405 1413 4473 preceptorum
1435 4398 1643 4471 omnipotentis
1665 4397 1717 4453 liei
1739 4397 1891 4465 deliciunl;

142 4500 270 4557 namque
295 4484 467 4541 charismate
485 4488 515 4540 et
543 4487 608 4542 oleo
623 4503 675 4558 per
701 4486 826 4558 gratim
841 4486 893 4542 liei
904 4487 991 4542 inun-
1045 4488 1183 4563 qnonim
1202 4488 1233 4543 in
1255 4487 1391 4544 omnibus
1409 4487 1562 4560 praeceptis
1583 4501 1649 4558 qne
1664 4487 1737 4542 Deus
1750 4501 1802 4556 per
1819 4485 1892 4556 tieg-

141 4577 254 4644 ctne,et
272 4573 340 4646 igne
364 4574 487 4647 Spiritus
501 4575 593 4630 sancti
606 4591 755 4645 accensus,
771 4576 804 4631 in
821 4575 992 4647 baptismate
1046 4594 1108 4646 een,
1127 4593 1161 4634 ac
1181 4591 1234 4648 per
1257 4575 1329 4631 elios
1349 4575 1504 4646 pmpbetas
1528 4590 1595 4630 snos
1619 4574 1756 4646 protulit;
1780 4579 1810 4630 et
1827 4591 1892 4646 qnae

142 4662 348 4732 sanctificatur,
376 4680 408 4720 ec
429 4663 525 4719 denno
539 4664 572 4720 in
586 4664 784 4721 contusionem
807 4664 920 4737 antiqui
931 4681 992 4720 ser·
1045 4671 1146 4739 postea
1169 4681 1221 4738 per
1246 4663 1350 4721 Filium
1375 4678 1459 4719 snum
1495 4663 1640 4732 revelarit,
1672 4664 1780 4718 mortui
1810 4667 1891 4730 snnt;

32 4793 38 4796 -
141 4753 248 4825 pentis,
264 4753 315 4825 qni
341 4752 470 4823 primum
493 4758 589 4809 ortum
603 4769 688 4809 sunm
711 4753 815 4825 tetigit,
832 4750 994 4808 renascitur
1043 4755 1169 4827 ideoque
1183 4769 1236 4826 per
1258 4769 1306 4810 eos
1331 4757 1392 4809 tete
1417 4757 1493 4808 terre
1508 4753 1619 4824 polluta
1633 4756 1686 4808 est.
1702 4752 1781 4808 Unde
1796 4767 1893 4819 vos,o

142 4842 234 4910 (June.
249 4839 309 4912 ur);
325 4845 355 4896 et
368 4841 410 4896 ita
432 4857 485 4914 per
510 4841 634 4915 gratiam
659 4841 710 4899 liei
730 4841 766 4897 ab
780 4842 844 4914 ipse
863 4840 992 4895 bacmo-
1046 4859 1139 4916 reges,
1157 4843 1243 4898 duces
1258 4846 1287 4896 et
1302 4840 1459 4913 principes,
1474 4857 1507 4896 ac
1518 4840 1615 4897 caeteri
1630 4840 1784 4897 Christiani
1800 4839 1895 4896 bomi-

52 4981 56 4988 Ι
142 4929 181 4986 do
204 4934 339 5002 potenter
362 4929 496 5001 eripitur,
526 4946 564 4985 ac
578 4930 610 4986 in
632 4930 712 4987 ionte
737 4930 918 5003 baptismatis
940 4943 994 4999 per
1045 4949 1108 4997 nes,
1130 4932 1182 5005 qni
1212 4932 1367 4988 Dominum
1399 4929 1514 4999 timetis,
1540 4930 1627 4986 verba
1654 4932 1709 4986 ista
1739 4929 1848 4997 audite,
1867 4935 1895 4985 et

142 5019 251 5076 ionum
275 5018 382 5086 vivum,
410 5017 521 5074 seilicet
546 5017 684 5090 Spiritum
700 5022 842 5084 unctum,
856 5017 894 5073 ad
907 5021 993 5072 aetsr-
1046 5021 1187 5093 populum
1212 5021 1298 5076 istum
1327 5018 1509 5086 stcclesia,
1530 5017 1713 5074 facultatibus
1731 5017 1791 5073 suis
1805 5016 1894 5088 priva·

143 5122 211 5164 nam
239 5108 428 5164 edictionem
460 5113 657 5181 regeneratur.
675 5108 779 5164 Eadem
800 5109 888 5164 etiem
902 5106 994 5162 virtus
1046 5115 1120 5178 inm,
1147 5109 1326 5182 expellendo,
1352 5114 1382 5165 et
1404 5124 1462 5164 non
1478 5108 1645 5177 occidendo,
1669 5105 1804 5178 effugate,
1827 5121 1895 5177 qne

178 5285 239 5356 (19)
260 5285 423 5341 Notandum
444 5283 746 5353 illudneoecrordum
755 5287 931 5357 preceptum
949 5285 994 5342 te·
1047 5286 1160 5342 nullum
1176 5289 1354 5358 preceptum
1381 5283 1454 5356 legis
1481 5283 1640 5350 observant,
1662 5299 1720 5340 non
1742 5299 1808 5340 vere
1829 5297 1894 5340 eon·

36 5432 40 5439 ¹
141 5355 197 5430 gis.
224 5355 419 5428 Anabaptistre
446 5361 475 5412 et
499 5354 693 5414 concubinarii
721 5355 928 5426 hicnetantnr,
944 5359 994 5430 qni
1048 5358 1182 5413 licentes.
