3984 6034
133 230 189 286 tit
859 233 888 290 S.
907 232 1144 290 nttueuhflbls
1828 240 1884 294 28⁰

136 364 231 436 qualis
265 363 303 418 sit
335 377 404 434 erga
437 377 486 418 vos
518 366 623 418 uostroe
655 363 817 419 dilectionis
851 365 978 434 affectus,
996 368 1021 421 A
1036 379 1101 436 quea
1115 363 1152 420 ed
1168 363 1316 421 servitium
1333 364 1382 422 liei
1407 365 1562 436 pertinent,
1585 366 1765 442 aliquantum
1787 370 1884 442 negli-

137 453 219 509 novit
242 451 428 508 scientiarum
453 452 602 508 Dominus.
617 453 756 509 Auditum
777 458 820 509 est
840 455 938 528 itaque
952 456 982 511 in
1038 453 1090 523 git,
1103 458 1135 508 et
1149 453 1269 520 deridet,
1284 469 1336 510 nec
1353 455 1476 510 multum
1498 455 1685 526 pertimescit.
1703 458 1742 514 Ea
1765 459 1884 530 quidem

136 548 215 599 terra
239 545 348 610 nostra,
373 546 402 596 et
424 541 529 597 celebri
553 557 687 598 sermone
700 543 849 615 vulgatum
863 544 982 599 verbum
1037 556 1095 596 nou
1124 541 1226 614 diligit,
1254 544 1303 600 sed
1331 543 1430 616 lugere
1464 543 1635 614 dissimulat,
1669 545 1747 600 velut
1778 546 1883 618 aliquis

137 633 202 701 hoc,
220 630 296 703 quod
312 631 417 686 factum
441 635 484 685 est
497 630 532 686 de
546 630 627 686 robis
652 647 668 686 a
682 631 815 701 Domino,
829 633 880 705 qui
895 632 984 706 [forie
1037 631 1140 685 stultus
1162 635 1191 687 et
1211 631 1360 704 negligens
1373 632 1462 688 bomo
1477 632 1563 688 verba
1579 637 1607 688 et
1630 633 1732 700 minas,
1750 651 1814 706 quas
1829 634 1884 688 sibi

140 721 221 795 qula]
243 720 311 776 lecit
325 719 404 776 vobis
425 735 540 791 magua,
556 720 607 792 qui
625 726 727 792 puteus
742 726 795 789 est,
810 727 839 776 et
852 728 982 779 sanctum
1038 735 1055 774 a
1073 719 1249 790 sapientibus
1270 720 1444 786 inferuntur,
1463 721 1644 793 parvipendit
1673 738 1680 778 ε
1707 726 1886 794 quapropter

138 827 245 867 nomen
271 811 344 881 ejus.
372 809 427 866 Sed
452 809 557 882 quibus
583 811 755 884 quantisque
783 811 928 868 miraculis
953 811 983 868 in
1039 811 1067 862 et
1094 807 1248 876 difficilius,
1287 825 1372 881 quam
1403 811 1479 865 clirrd
1505 811 1691 879 daemonium,
1722 811 1884 884 expellitur.

139 897 221 954 vobis
249 898 384 953 clarescat
409 896 473 952 ious
492 897 594 954 vividae
613 899 695 965 lucis,
710 903 767 953 tam
793 914 910 967 nomeu,
925 905 983 956 tem
1040 897 1109 952 Nam
1132 897 1187 952 uisi
1202 897 1330 969 jejuniis,
1355 898 1485 970 flagellis,
1515 899 1705 963 orationibus,
1731 899 1888 969 eleemosy-

139 987 242 1055 clerus,
258 1001 345 1058 quam
360 987 492 1057 populus,
507 990 536 1040 st
549 1002 647 1042 rerum
666 991 843 1059 protestatur
855 993 983 1044 eventus.
1040 987 1093 1054 nis,
1107 1002 1139 1040 ao
1153 987 1215 1058 ipso
1228 987 1309 1058 jussu
1327 987 1375 1044 Dei
1399 985 1508 1060 [deesse
1531 985 1643 1042 videtur
1657 986 1725 1061 uon]
1745 987 1885 1060 ejicietur.

141 1076 213 1131 Nam
236 1075 267 1131 in
281 1074 360 1130 vobis
372 1075 465 1146 fulget
484 1091 556 1147 opus
576 1091 637 1131 nou
660 1076 830 1143 humanum,
847 1078 896 1132 sed
912 1077 983 1133 divi·
1039 1075 1144 1131 Audite
1168 1092 1247 1148 ergo,
1263 1081 1291 1131 et
1308 1093 1367 1130 nou
1389 1091 1559 1148 responsum
1575 1076 1711 1145 hominis,
1728 1077 1777 1132 sed
1797 1076 1888 1148 ipsius

141 1180 224 1232 num,
249 1164 341 1235 matie
363 1163 538 1235 precedens,
563 1165 671 1220 donum
698 1165 881 1237 praepollens,
906 1165 984 1237 quod
1040 1165 1091 1236 qni
1105 1163 1183 1220 vivit.
1215 1165 1315 1238 Eligite
1341 1169 1450 1238 septem
1477 1165 1546 1220 boni
1575 1164 1741 1231 testimonii,
1772 1169 1801 1221 et
1815 1181 1889 1236 qnos

108 1265 115 1279 ·
142 1270 203 1309 uon
228 1252 315 1308 dictet
341 1251 471 1308 humana
496 1252 581 1321 ratio,
613 1253 662 1309 sed
691 1255 768 1324 quod
793 1254 925 1327 procedit
952 1271 986 1310 ex
1042 1253 1106 1308 vitoe
1134 1255 1269 1309 meritum
1297 1255 1410 1326 probat,
1431 1254 1590 1310 secerdotes
1612 1253 1641 1309 iu
1657 1255 1773 1310 nomine
1788 1259 1817 1309 et
1840 1269 1889 1307 or-

141 1341 221 1398 ionte
239 1339 427 1396 lucidissimo.
451 1339 505 1396 Sed
529 1339 597 1412 quid
622 1342 788 1398 moramur?
803 1344 883 1398 Flere
895 1344 987 1415 magis
1043 1343 1109 1398 diue
1125 1343 1205 1413 hbel,
1226 1344 1294 1411 Noe,
1321 1342 1476 1411 Abraham,
1501 1343 1719 1412 Melchisedech,
1744 1343 1842 1408 iacob,
1858 1347 1890 1396 et

142 1430 220 1497 libet,
247 1445 335 1501 quam
363 1429 453 1500 loqui.
485 1430 557 1500 lirgo
580 1430 739 1486 sanctitatis
763 1437 872 1494 vestrm,
898 1448 915 1487 o
938 1433 988 1488 do·
1042 1435 1147 1500 Aaron,
1185 1432 1235 1504 qui
1270 1432 1377 1487 viventi
1409 1433 1465 1488 lleo
1501 1431 1673 1488 sucrificium
1707 1433 1889 1498 obtulerunt,

142 1520 222 1574 mina
264 1518 402 1589 piissima,
439 1519 560 1574 dulcedo
594 1535 653 1574 nou
681 1527 795 1591 reputet
821 1521 987 1589 temeritati,
1044 1521 1243 1592 septimumin
1268 1521 1513 1588 nominerristi,
1539 1521 1589 1592 qui
1610 1522 1736 1593 seipsum
1763 1522 1820 1577 [leo
1836 1520 1890 1574 Pa-

143 1607 220 1681 quod
234 1607 265 1662 in
284 1606 467 1678 simplicitate
487 1608 629 1675 cordium,
645 1609 694 1664 sed
716 1609 808 1664 nimia
821 1611 988 1665 necessitate
1009 1611 1083 1705 Btri
1099 1610 1129 1666 iu
1145 1626 1228 1665 cruce
1249 1610 1374 1666 obtulit:
1396 1616 1424 1664 et
1443 1610 1574 1682 jejuniis,
1598 1610 1728 1683 flagellis,
1752 1607 1892 1665 orationi·

143 1695 344 1767 compellente,
374 1695 489 1766 aperire
507 1696 587 1751 robis
606 1713 721 1752 ceumm
741 1698 918 1753 necessitatis
942 1714 991 1752 uo·
1045 1700 1108 1768 bus,
1152 1697 1349 1770 eleemosynis,
1389 1703 1418 1754 et
1458 1699 1609 1754 missarum
1650 1696 1891 1754 celebrationibus

144 1790 210 1841 strae
240 1785 453 1856 presumimus,
482 1785 619 1856 quoniam
643 1803 660 1841 a
687 1786 766 1840 robis
788 1786 900 1842 bonnm
919 1802 990 1841 cou-
1046 1788 1211 1862 praemissis,
1237 1787 1342 1843 bumili
1363 1787 1523 1843 intentione
1540 1793 1570 1843 et
1594 1787 1693 1842 habitu
1708 1783 1892 1846 sacerdotali,

145 1876 240 1932 silium
258 1875 387 1946 recipcre
401 1890 462 1930 uon
483 1874 659 1932 dubitamus.
684 1877 755 1931 Nam
781 1876 913 1948 quaedam
937 1893 991 1931 uo·
1046 1893 1110 1932 cum
1125 1877 1203 1932 stolis
1213 1876 1247 1932 ad
1260 1876 1417 1948 patientem
1443 1875 1590 1940 accedant,
1619 1881 1649 1931 et
1676 1892 1739 1932 eam
1770 1875 1893 1929 circum·

144 1965 211 2021 bilis
239 1964 385 2020 feminea
411 1963 540 2035 maligno
567 1964 671 2035 spiritu
697 1980 750 2036 per
771 1965 882 2036 aliquot
901 1981 992 2020 annos
1047 1971 1162 2034 stantes,
1191 1965 1390 2038 uuusquisque
1418 1980 1519 2020 eorum
1544 1965 1652 2038 virgam
1681 1965 1711 2020 iu
1741 1978 1828 2019 mauu
1852 1967 1896 2016 te-

146 2053 270 2120 obsesse,
294 2067 347 2124 per
362 2052 522 2107 amicorum
536 2067 640 2107 manus
658 2052 694 2108 ad
717 2069 768 2108 uos
786 2052 908 2108 deducta
930 2068 994 2125 per·
1047 2059 1123 2122 neat,
1140 2054 1170 2110 iu
1184 2054 1278 2126 ligura
1297 2053 1398 2124 virga,
1414 2069 1471 2124 que
1500 2054 1608 2125 ldoyses
1629 2055 1793 2124 AEgyptum,
1816 2066 1898 2107 mare

146 2141 236 2210 veuit,
263 2145 405 2215 quatenus
427 2141 569 2212 adjutorio
589 2141 668 2196 beati
691 2141 799 2197 Nicolai
824 2141 889 2209 (sub
912 2142 994 2212 cujus
1048 2144 1189 2210 Rubrum,
1208 2148 1378 2214 petramque
1414 2146 1557 2215 precepto
1593 2141 1644 2196 Dei
1680 2140 1827 2213 percussit,
1866 2142 1900 2193 ut

147 2229 307 2303 patrocinio
337 2232 448 2300 sumus)
476 2229 513 2284 ab
534 2230 615 2285 hoste
649 2229 783 2285 immenti
810 2228 991 2285 liberaretur.
1047 2232 1121 2287 sicut
1147 2230 1222 2285 Deus
1248 2230 1288 2286 ihi
1315 2246 1368 2303 per
1393 2231 1502 2301 virgam
1532 2229 1670 2286 miracula
1692 2228 1826 2294 ostendit,
1857 2227 1901 2282 ila

147 2319 202 2375 Sed
222 2318 349 2374 versutia
366 2323 395 2374 et
417 2318 547 2391 nequitie
571 2317 747 2374 callidissimi
771 2323 800 2372 et
823 2317 994 2390 nequissimi
1048 2319 1136 2375 ethic
1163 2319 1292 2390 pessimo
1319 2320 1401 2375 hoste
1430 2319 1517 2389 virgis
1540 2318 1641 2389 ejecto,
1667 2315 1898 2389 seipsumglori-

147 2409 237 2465 hostis
265 2412 307 2463 tot
332 2408 485 2465 bominum
513 2407 574 2463 lere
601 2406 789 2463 milliaduxit
810 2407 841 2463 in
868 2422 993 2462 errorem
1050 2409 1123 2464 licet.
1140 2408 1406 2480 ludguraseptem
1434 2407 1574 2464 donorum
1601 2405 1723 2478 Spiritus
1744 2405 1833 2460 sancti
1849 2419 1897 2458 se-

149 2503 178 2552 et
191 2497 323 2565 dubium,
346 2497 424 2569 quod
449 2497 577 2552 Ecclesia
602 2500 707 2551 sauctae
732 2495 889 2551 maximum
913 2493 995 2549 time·
1050 2501 1129 2569 ptem
1143 2497 1303 2552 sacerdotes
1318 2499 1412 2563 erunt,
1430 2503 1461 2551 ut
1474 2495 1596 2568 Spiritus
1611 2495 1672 2563 Dei,
1689 2494 1738 2566 qui
1766 2494 1797 2548 iu
1811 2492 1898 2548 initio

149 2603 214 2642 mus
226 2585 441 2641 detrimentum.
461 2587 532 2642 Nam
551 2601 650 2641 omues
664 2601 717 2640 uos
730 2600 794 2640 cnm
811 2583 996 2640 multitudine
1050 2586 1196 2642 terebatur
1216 2600 1303 2656 super
1331 2601 1429 2656 aquas,
1454 2589 1482 2638 et
1501 2584 1551 2656 qui
1567 2582 1715 2655 inspiravit
1739 2581 1770 2638 iu
1796 2581 1900 2636 faciem

149 2675 250 2748 populi
264 2690 317 2747 pro
338 2675 509 2730 liberatione
535 2674 650 2731 lemine
678 2675 761 2730 istius
783 2676 845 2746 jam
866 2690 918 2746 per
938 2679 996 2728 tres
1050 2674 1175 2730 hominis
1199 2673 1373 2744 spiraculum
1397 2672 1470 2738 sitm,
1495 2672 1628 2743 spiritum
1650 2671 1835 2726 immundum
1863 2669 1900 2724 ab

151 2779 263 2820 mensas
290 2764 390 2819 multis
417 2764 512 2820 modis
539 2764 744 2832 laboravimus,
770 2769 801 2818 et
827 2764 903 2836 quod
935 2761 996 2816 siue
1052 2762 1170 2818 homine
1185 2761 1302 2833 fatigato
1319 2759 1459 2815 exsufflet.
1475 2760 1508 2813 Et
1523 2763 1644 2831 primus,
1661 2759 1710 2830 qui
1733 2759 1764 2814 in
1780 2757 1902 2813 nomine

81 2905 87 2916 ,
152 2869 275 2909 moerore
311 2852 407 2908 dicere
442 2869 501 2908 nou
537 2869 699 2926 possumus,
734 2852 857 2924 peccatis
893 2851 998 2906 uostris
1051 2851 1122 2908 shel
1145 2850 1210 2919 erit,
1234 2851 1343 2920 virgam
1369 2849 1398 2903 iu
1427 2854 1642 2916 manutenens,
1674 2846 1749 2902 dicat
1778 2862 1786 2899 ε
1813 2843 1899 2906 Audi,

153 2941 344 3014 exigentibus,
376 2941 447 2996 nibil
471 2942 654 3015 profecimus.
680 2941 779 2998 Omnis
807 2940 904 3012 itaque
933 2956 999 3012 spes
1018 2939 1179 3012 Cmaligue
1207 2943 1236 2994 et
1262 2939 1347 2994 stulte
1382 2936 1509 3008 spiritus,
1540 2935 1704 3006 quicunque
1728 2933 1758 2988 iu
1782 2931 1902 2987 homine

153 3035 251 3087 nostra
277 3036 342 3104 post
364 3032 456 3087 Deum
483 3031 515 3086 iu
539 3031 619 3086 vobis
643 3035 695 3086 est.
722 3031 841 3086 Daemon
855 3029 1000 3085 euimists
1053 3029 1108 3085 isto
1132 3029 1256 3094 habitas,
1286 3027 1353 3083 eudi
1380 3026 1466 3081 verbe
1496 3024 1558 3079 baec
1585 3039 1643 3080 non
1669 3038 1722 3095 per
1752 3021 1903 3077 bominem

154 3136 232 3177 nunc
258 3120 383 3193 quadem
406 3119 453 3175 die
477 3119 653 3191 conjuratus,
673 3119 791 3175 taudem
808 3118 1001 3174 manifestarit
1053 3117 1263 3190 praemeditate,
1285 3116 1333 3171 sed
1355 3131 1409 3186 per
1428 3114 1520 3182 illum,
1545 3113 1596 3186 qui
1625 3117 1677 3178 est,
1703 3109 1902 3182 atquisivit,

153 3209 238 3265 nobis
265 3208 416 3264 mulierem
445 3209 521 3263 hauc
551 3207 696 3264 obsessam
727 3208 908 3264 liberandam
939 3223 1001 3262 csse
1054 3206 1246 3274 manifestate,
1262 3209 1316 3260 etc.

153 3313 208 3370 per
239 3296 375 3352 virtutem
402 3301 504 3353 restrae
532 3295 792 3368 contemplationis,
828 3296 1001 3367 magnitudi-
1353 3289 1518 3346 epistota
1537 3289 1600 3346 LXI.

156 3403 222 3442 uem
249 3385 353 3441 divine
384 3383 575 3441 revelationis.
604 3384 737 3457 Nunquid
772 3390 801 3441 et
831 3400 937 3457 magna
970 3383 1002 3439 iu
1057 3399 1084 3438 o.
1119 3393 1251 3438 suesrrs
1277 3395 1311 3434 er
1344 3393 1480 3434 rssrauu
1512 3371 1832 3433 sauuvru‘csesrsrus
1866 3389 1905 3431 so

156 3475 219 3547 ejus
234 3473 404 3531 liberatione
434 3474 557 3529 intendit
584 3473 922 3546 Deusiiltiqne.lteque
942 3473 1002 3528 lar·
1362 3463 1591 3548 ¹¹¹L⁰¹fffi⁰¹³¹=
1825 3531 1832 3542 ·

157 3563 274 3636 gissinm
313 3561 477 3633 benignitas
519 3561 612 3617 nostri
645 3561 845 3634 Redemptoris
874 3559 1003 3616 laborem
1120 3537 1415 3598 Hulffleamdem
1436 3541 1541 3592 “mm
1559 3551 1579 3590 α
1592 3535 1840 3592 mmmmm·

157 3651 248 3710 nostri
268 3650 377 3724 negotii
393 3656 422 3706 et
447 3650 588 3713 moeroris,
606 3650 655 3707 sed
679 3655 708 3704 at
728 3649 834 3706 letitiae
857 3654 884 3705 et
913 3647 1004 3703 exsul·
1093 3651 1125 3704 ll.
1152 3646 1308 3704 venerabili
1336 3644 1472 3710 dominae,
1500 3641 1580 3697 omni
1603 3640 1762 3712 gratiarum
1793 3637 1906 3693 actione

156 3741 285 3809 tationis,
323 3755 375 3814 per
401 3755 453 3795 vos
480 3739 646 3811 plenissime
676 3753 878 3794 consummare
906 3735 1006 3808 digua·
1057 3738 1162 3810 dignm,
1192 3739 1222 3793 G.
1253 3731 1533 3792 Brunvvillareusium
1560 3729 1648 3785 abbas
1672 3729 1820 3800 indiguus,
1840 3741 1906 3782 cunr

157 3831 246 3899 bitur,
270 3835 303 3887 ut
330 3830 426 3886 omnis
450 3845 531 3884 error
551 3834 580 3885 at
605 3828 759 3884 infidelitas
783 3826 935 3882 homiuum
959 3824 1006 3880 ad·
1059 3825 1119 3882 suis
1154 3824 1289 3881 tratribus
1326 3823 1429 3887 vivere,
1463 3819 1613 3891 prolicere,
1653 3817 1794 3872 mundum
1833 3815 1908 3886 pedo

157 3919 306 3986 nihilstur,
328 3923 359 3974 et
374 3917 490 3972 obsessa
510 3915 683 3972 famulabei
706 3915 854 3980 liberetur,
882 3919 915 3968 ut
939 3927 1005 3967 cum
1059 3915 1157 3970 subter
1183 3913 1298 3979 habere,
1329 3915 1356 3965 et
1378 3907 1518 3982 quidquid
1543 3906 1660 3962 famulae
1684 3903 1791 3961 Christi
1815 3902 1907 3959 excel·

158 4006 302 4081 Propheta
323 4007 452 4062 dicamus
467 4022 474 4061 :
490 4007 516 4062 A
531 4003 653 4062 Domino
665 4003 784 4074 sactum
803 4004 846 4057 cst
867 3999 955 4069 istud,
977 4001 1009 4054 et
1059 4001 1165 4058 lentius
1179 3999 1272 4073 optari
1288 4001 1392 4071 potest.

158 4100 203 4154 esi
226 4094 362 4154 mirabile
386 4094 418 4150 s'a
438 4092 529 4151 oculu
554 4089 1005 4160 nostrir(l³sol.c1vvr,23),st:
1096 4089 1177 4156 Quod
1205 4087 1341 4143 Dominus
1367 4101 1417 4140 vos
1443 4082 1579 4155 respexit,
1615 4082 1797 4154 gratiamque
1826 4093 1908 4134 suam

161 4183 445 4259 laqueuscontritus
469 4187 522 4252 ert,
537 4186 566 4237 ct
583 4196 636 4238 stoa
659 4178 775 4235 liberali
800 4194 900 4235 sumus
916 4175 1005 4248 (Psat.
1061 4179 1177 4248 infudit,
1210 4178 1272 4249 jem
1302 4180 1381 4232 totus
1418 4173 1542 4231 mundus
1572 4171 1652 4228 norit
1694 4169 1748 4227 Sed
1779 4185 1830 4224 nos
1858 4165 1909 4240 qui

160 4291 257 4344 crxrrr,
278 4276 316 4346 Ἰ).
333 4273 408 4339 Quid
421 4287 490 4345 ergo
505 4274 580 4329 Deus
603 4270 638 4325 de
654 4270 699 4325 his
713 4269 795 4325 vobis
808 4265 1006 4335 insinuaverit,
1026 4262 1200 4323 Dhaoteuus
1222 4280 1276 4337 par
1304 4263 1421 4319 nuntios
1448 4269 1563 4317 nostros
1587 4265 1616 4316 et
1644 4259 1753 4315 litteras
1783 4272 1835 4330 pro
1858 4271 1908 4310 ne·

161 4382 212 4421 seu
235 4363 347 4420 visione
364 4361 543 4430 revelaverit,
570 4359 655 4415 nobis
685 4359 820 4414 sauctitas
843 4361 936 4412 vestre
959 4355 1010 4410 lit·
1064 4356 1194 4413 cessitate
1230 4352 1370 4420 mulieris,
1400 4351 1526 4422 maligno
1553 4349 1657 4421 spiritu
1679 4347 1811 4412 obsessae,
1844 4359 1909 4398 sau-

161 4454 230 4510 turis
245 4453 397 4526 designare
412 4451 534 4519 studeat,
549 4448 653 4505 obnixe
675 4453 705 4504 et
728 4444 877 4502 humiliter
906 4444 1009 4517 depre·
1064 4445 1154 4503 ctituti
1191 4451 1292 4498 vestrae
1326 4440 1416 4496 locuti
1455 4454 1566 4507 sumus,
1605 4452 1682 4492 uunc
1718 4434 1820 4490 saltem
1858 4447 1911 4503 per

162 4557 271 4599 camur.
286 4541 363 4597 Vale.
1064 4548 1218 4608 personam
1239 4529 1330 4604 ipsius
1352 4543 1419 4585 cum
1446 4542 1549 4600 magna
1564 4540 1613 4596 spe
1628 4524 1665 4579 ad
1687 4539 1737 4577 vos
1760 4520 1911 4588 directam,

351 4629 556 4688 RESPONSUM
576 4625 819 4684 flltbuohltttts.
1064 4624 1165 4681 urbem
1194 4618 1371 4676 necessitatis
1399 4616 1565 4688 repetimus,
1594 4617 1623 4668 et
1651 4626 1751 4683 preces
1779 4607 1912 4681 precibus

304 4719 631 4778 Demulierelibernnda
640 4716 793 4774 consilium
805 4714 866 4770 dcl.
1064 4713 1165 4770 devote
1179 4707 1409 4782 superaddimus,
1426 4709 1466 4772 ut,
1483 4719 1540 4775 quo
1556 4701 1649 4774 magis
1668 4703 1710 4755 est
1724 4697 1804 4754 vobis
1819 4695 1913 4751 vicina

198 4815 229 4870 G.
251 4811 377 4868 ecclcsiae
401 4809 646 4867 brunwillarensis
669 4807 775 4875 abbati,
799 4805 833 4862 ll.
863 4803 934 4861 Cum
957 4803 1008 4859 ila·
1064 4797 1262 4872 corporaliter,
1275 4812 1309 4852 co
1323 4792 1446 4865 amplius
1462 4791 1524 4846 sitis
1538 4791 1564 4846 ci
1578 4787 1704 4862 propitia
1712 4783 1911 4858 spiritualiter.

162 4900 246 4976 gellia
259 4900 312 4956 liei
334 4898 389 4955 sim
409 4898 497 4972 longe
520 4903 549 4952 et
563 4895 642 4967 gravi
657 4892 828 4966 egritudine
843 4889 1008 4959 constricte,
1065 4891 1135 4946 Nam
1158 4887 1273 4943 demon
1294 4882 1399 4939 litteris
1423 4881 1532 4948 vestris,
1568 4893 1650 4949 quas,
1675 4873 1784 4947 Spiritu
1815 4877 1914 4927 sancto

162 4991 207 5048 vix
222 4991 435 5064 aliquantulum
456 4985 588 5062 petitioni
604 4989 704 5040 vestrm
724 4980 900 5055 respondere
919 4980 1009 5035 valeo.
1065 4977 1199 5042 dictante,
1234 4971 1362 5038 misistis,
1391 4969 1566 5038 conjuratus,
1601 4980 1649 5018 vas
1675 4975 1840 5035 possessum
1863 4973 1916 5029 per

162 5083 259 5137 lloeca
281 5095 327 5136 ms
342 5094 401 5135 non
422 5078 498 5148 dico,
521 5075 571 5132 ssd
599 5073 717 5141 abillo,
739 5071 790 5144 qui
815 5075 867 5126 est.
892 5068 1010 5124 Diversa
1064 5065 1180 5122 brevem
1205 5063 1307 5118 horem
1331 5058 1488 5131 reliquerat
1507 5071 1513 5110 ε
1531 5053 1579 5110 sed
1593 5051 1666 5109 haul
1692 5049 1837 5106 nescimus
1857 5063 1915 5119 quo

164 5185 270 5242 genera
283 5169 480 5242 malignorum
506 5164 661 5238 spirituum
684 5167 763 5219 suut.
787 5159 845 5216 lioc
866 5173 934 5213 aero
948 5156 1008 5212 das-
1060 5154 1170 5228 judicio
1192 5149 1252 5215 liei,
1280 5147 1375 5217 rediit,
1401 5159 1506 5216 vasque
1527 5141 1694 5198 derelictum
1718 5137 1814 5194 denuo
1834 5136 1914 5190 iuve-

163 5257 303 5329 mouium,
330 5258 366 5315 de
397 5272 456 5329 quo
482 5252 621 5328 quaeritis,
650 5252 701 5309 has
730 5257 806 5306 artes
826 5248 921 5316 habet,
943 5259 1009 5319 quae
1064 5244 1143 5306 deus,
1159 5239 1230 5296 illud
1245 5253 1323 5293 nuuc
1347 5235 1441 5292 acrius
1464 5247 1552 5306 quam
1576 5230 1657 5304 prius
1685 5227 1796 5326 fatigat.
1828 5224 1916 5324 llobis

163 5347 293 5403 moribus
307 5347 457 5405 bominum
481 5344 512 5402 in
539 5343 617 5402 vitiis
644 5340 838 5399 assimilantur
862 5334 1010 5392 :undeet
1064 5335 1160 5388 erstem
1182 5325 1376 5385 semitarum
1399 5317 1627 5393 conjurantibus,
1652 5321 1682 5372 st
1696 5314 1809 5371 fortiter
1822 5327 1850 5368 er
1865 5327 1910 5366 ru·

164 5451 229 5492 cum
244 5435 412 5492 homiuibus
426 5435 549 5492 libenter
563 5437 670 5500 manet,
692 5447 725 5488 ao
741 5429 807 5485 ideo
832 5426 921 5482 etiam
940 5439 1009 5479 cru·
1064 5418 1238 5484 sistentibus,
1263 5415 1380 5470 taudem
1402 5409 1561 5483 respoudit,
1584 5405 1662 5481 quod
1684 5420 1731 5460 vas
1745 5415 1910 5475 possessum

163 5542 227 5583 cem
254 5525 368 5583 Domim
394 5530 422 5581 st
458 5523 594 5597 reliquias
621 5526 797 5586 sanctorum,
835 5532 867 5572 ao
893 5518 1007 5580 cetera,
1064 5505 1197 5565 nonnisi
1225 5503 1256 5560 iu
1284 5499 1438 5576 praeseutia
1458 5502 1552 5553 cestre
1573 5494 1727 5567 relinquet.
1752 5491 1913 5563 Eapropter
