3984 6034
105 275 157 327 529
723 275 866 333 SClVle.
878 274 985 332 -sln
1006 273 1041 341 ll,
1063 273 1154 329 visto
1174 272 1218 326 Vl·
1802 272 1854 326 530

102 403 264 478 positorum
273 402 433 459 certissima
445 403 502 460 lide
517 403 601 459 dicit:
616 402 685 469 ouis
697 409 742 460 est
752 405 801 460 ille
811 405 862 478 qui
875 404 947 462 mibi
964 394 1080 463 ennae
1090 403 1168 476 apud
1184 417 1230 460 me
1246 415 1366 459 manens
1380 400 1411 458 in
1427 401 1502 458 cralo
1518 401 1597 474 apud
1611 401 1745 460 homines
1766 401 1852 460 etiam

103 492 267 547 miserrimo
282 489 431 548 hominiis
445 491 583 547 aervsmnis
595 491 699 563 posito,
709 493 859 549 mitissima
875 495 952 550 obla·
1003 492 1143 548 maistin
1160 497 1246 557 terra,
1271 489 1320 545 sed
1344 489 1398 546 boc
1430 487 1579 561 spirituale
1598 494 1627 545 et
1651 505 1710 546 uon
1740 491 1854 546 carnale

103 577 182 635 tione
196 579 246 634 det
259 586 287 634 te
299 595 436 652 sponsum
449 578 591 636 Ecclesiae:
605 596 669 636 cnm
682 583 710 635 te
724 582 842 638 fratrem
853 598 950 638 meum
1005 583 1059 634 est.
1075 577 1121 634 Sic
1137 584 1166 634 et
1184 593 1237 649 ego
1252 578 1336 632 Pater
1361 575 1441 631 omni
1456 583 1594 631 creatura
1609 576 1711 632 adsum
1734 594 1752 633 a
1775 579 1855 634 nulla

103 674 224 740 propter
259 667 486 722 incarnationem
519 673 600 724 tuam
635 669 764 732 nomino,
800 677 950 742 sugentem
1005 666 1173 724 abstrahens
1197 681 1264 732 me·,
1289 663 1337 718 sed
1360 669 1393 718 tu
1420 663 1507 720 bomo
1534 662 1570 716 ab
1596 677 1630 717 aa
1652 667 1680 718 te
1694 663 1851 728 subtrahis:

102 755 332 812 misericordiam
346 761 375 812 et
389 755 540 812 veritatem
550 773 616 828 quaa
630 763 699 813 sunt
714 757 890 815 nutrimenta
902 759 951 814 illa
1005 759 1037 810 ut
1062 768 1126 809 cum
1147 754 1179 809 in
1202 767 1305 824 aquam
1337 751 1424 818 vidos,
1449 749 1536 805 iacies
1556 756 1606 804 tua
1627 749 1658 807 in
1678 767 1712 806 ee
1736 752 1853 824 qrridem

104 844 210 919 quibus
236 844 371 899 divinitas
393 842 527 900 hermines
550 845 650 914 nutrit,
675 861 741 917 quse
764 846 836 902 mihi
859 851 952 903 mater
1005 845 1132 914 apparet,
1152 839 1202 895 sed
1217 844 1313 896 umen
1337 839 1377 895 ita
1395 844 1427 894 ut
1448 838 1541 895 nullas
1564 837 1637 894 vires
1660 844 1724 895 tuas
1750 841 1781 895 in
1806 841 1854 896 illa

6 962 7 967 κ
103 935 134 988 in
157 933 303 988 creatione
329 949 393 989 mea
418 937 471 1002 est,
497 933 605 988 scilicet
623 950 689 990 cum
711 935 882 991 educatione
901 952 950 991 ve·
1005 943 1136 984 exercere
1157 929 1244 996 valea,
1269 929 1317 983 ssd
1340 942 1406 983 cum
1429 932 1457 983 le
1478 927 1513 984 ab
1534 943 1567 982 ea
1586 927 1701 994 avertis,
1729 929 1855 1001 amplius

6 1018 7 1027 ¹
102 1022 259 1096 gonisoni,
283 1022 370 1077 viram
393 1021 466 1078 mihi
487 1022 567 1078 dans,
583 1021 658 1088 Quid
676 1023 749 1080 1100?
761 1023 834 1089 Quia
847 1028 875 1077 02
894 1038 949 1078 nu.
1003 1015 1034 1072 in
1046 1015 1097 1070 illa
1111 1031 1170 1071 non
1184 1031 1314 1088 appares.
1327 1017 1387 1087 Ego
1396 1019 1493 1070 autem
1519 1014 1550 1072 in
1563 1014 1731 1086 hujumodi
1758 1021 1851 1072 muta·

102 1110 240 1167 nimenta
255 1111 387 1166 Ecclesiae
401 1111 485 1184 plana
506 1117 549 1167 est
567 1111 661 1182 gralia
679 1116 744 1176 tua;
759 1127 826 1169 cum
846 1112 949 1185 ciple·
1004 1103 1116 1161 bilitate
1137 1119 1194 1160 nnn
1220 1119 1345 1176 appareo
1366 1109 1515 1170 creaturae,
1548 1102 1599 1159 sed
1624 1103 1726 1160 adsum
1759 1105 1853 1160 veraci

103 1215 171 1254 nam
186 1198 347 1255 ubertatem
362 1198 394 1254 in
417 1204 598 1255 sacramento
612 1199 742 1270 corporis
761 1200 950 1272 etsangoinis
1004 1193 1178 1260 ostensione,
1203 1207 1256 1249 nec
1278 1193 1314 1248 ab
1335 1207 1369 1248 ea
1395 1197 1566 1264 potestatem
1585 1207 1681 1247 msam
1704 1192 1853 1261 subtraho,

103 1285 146 1342 tui
166 1286 283 1353 tribuis,
306 1286 359 1359 qui
382 1287 467 1360 panis
483 1285 564 1342 vivns
577 1291 607 1343 et
626 1287 690 1343 lons
711 1304 795 1360 aqrra
817 1288 888 1344 vivre
908 1305 948 1344 es.
1004 1279 1107 1336 sedin
1133 1295 1168 1336 ea
1200 1279 1398 1336 tortitudinem
1421 1279 1577 1336 voluntatis
1601 1295 1673 1336 meae
1695 1280 1853 1337 secundum

104 1378 137 1435 st
149 1377 205 1432 hoc
218 1375 284 1432 ideo
298 1375 368 1431 iacis
389 1380 424 1431 nt
444 1375 598 1432 manifesta
619 1376 790 1433 certitudine
804 1376 950 1433 inveniam
1004 1367 1171 1442 ‘1¹1⁰de
1194 1368 1336 1440 plecterit
1360 1382 1489 1424 exerceo·
1508 1367 1587 1423 Unde
1611 1367 1699 1424 eliam
1712 1368 1744 1424 in
1758 1384 1853 1424 ncre-

104 1469 131 1518 te
145 1464 231 1520 ioris:
249 1479 316 1522 cnm
331 1464 548 1520 scilicetsciens
567 1470 596 1521 te
613 1465 717 1522 Filium
743 1466 794 1521 Dei
814 1465 845 1521 in
859 1465 948 1532 caelis,
1005 1460 1102 1512 mento
1125 1455 1253 1528 torporis
1273 1460 1301 1512 el
1327 1455 1475 1529 sanguinis
1500 1455 1563 1512 Ftlli
1593 1455 1650 1512 mei
1672 1456 1854 1528 majestatem

102 1551 216 1607 videam
232 1558 260 1607 ta
283 1551 372 1609 etiam
392 1552 542 1609 bominem
555 1552 586 1609 in
605 1558 693 1620 terre
716 1569 805 1627 gneus
830 1552 862 1609 in
880 1553 950 1609 divi·
1004 1559 1099 1602 msam
1121 1543 1261 1600 veramter
1285 1544 1467 1610 demonstrat
1491 1543 1622 1600 videlieet
1643 1544 1679 1600 sb
1702 1543 1787 1600 initio
1808 1560 1851 1600 ³0-

102 1639 193 1696 nitata
216 1641 350 1696 mortales
369 1640 446 1697 oculi
469 1640 527 1697 mei
555 1656 674 1697 cernere
694 1657 754 1698 non
778 1642 884 1710 valent,
909 1641 950 1697 ita
1002 1638 1149 1689 “tiorum
1170 1631 1324 1688 verborum
1344 1631 1497 1687 sacerdotis
1524 1631 1617 1688 donec
1638 1632 1734 1704 ipsum
1747 1637 1851 1705 myste-

102 1731 136 1782 ut
150 1727 238 1783 etiam
262 1727 408 1784 inveniam
422 1733 451 1785 te
475 1727 507 1783 in
521 1745 596 1801 pane
616 1736 644 1784 et
658 1729 725 1784 vino
741 1729 829 1785 divini
845 1734 950 1802 myste·
969 1700 1112 1776 ”rium
1132 1721 1239 1793 ll⁰il⁰¹⁰
1253 1719 1440 1793 percipiatur,
1457 1720 1595 1777 miracula
1615 1737 1681 1778 Μ
1700 1721 1743 1778 ibi
1763 1723 1851 1778 mitt·

103 1816 155 1871 rii:
181 1817 260 1888 quod
287 1822 498 1872 sacramentum
526 1817 589 1873 sine
617 1819 746 1890 pondere
764 1818 951 1889 deceptionis,
1004 1808 1255 1865 biliterexsrceus.

103 1909 132 1959 as
159 1902 220 1960 sins
247 1904 436 1976 ambiguitate
467 1905 587 1960 straus
617 1911 678 1971 asu
709 1921 742 1960 aa
768 1906 872 1963 deinde
897 1907 952 1964 soc
1039 1897 1094 1953 ssa
1116 1902 1145 1952 ot
1167 1897 1222 1954 hoc
1246 1895 1423 1953 sicomorus
1447 1893 1587 1964 officium,
1615 1913 1632 1952 a
1659 1897 1754 1970 prims
1775 1898 1848 1954 sora

102 1994 190 2049 modo
209 1993 359 2049 demutor
373 1999 415 2049 ιω
435 1994 575 2067 quoniam
590 2010 644 2066 pm
667 1995 760 2049 „luto
774 2010 839 2050 m„
859 1995 950 2050 inm.
1003 1983 1061 2042 diei
1082 2000 1173 2059 usqne
1196 1984 1231 2042 ad
1261 1999 1367 2040 nonam
1394 1984 1495 2040 horam
1522 2001 1540 2040 a
1566 1984 1699 2042 fidelibus
1727 1987 1851 2044 exerceri

102 2087 188 2138 nstris
205 2099 247 2149 es,
267 2082 380 2155 etquis
401 2081 489 2138 etiam
509 2098 556 2139 me
586 2083 757 2156 participem
771 2086 900 2158 corporis
922 2087 952 2140 et
1003 2078 1107 2146 P⁰l⁰⁵¹2
1131 2072 1290 2128 ³⁰⁰l¹ssd¹²m
1312 2073 1389 2144 ⁴1⁰⁰d
1409 2072 1565 2130 necessitas
1587 2073 1727 2147 ltmtwlis
1742 2075 1773 2131 in
1788 2091 1851 2132 1¹10·

102 2170 307 2242 sangninistui
326 2170 405 2238 facis,
423 2177 632 2244 quatenusper
652 2172 797 2244 hocquod
817 2172 848 2227 io
865 2189 950 2228 mun·
1003 2161 1083 2219 ribus
1109 2161 1261 2218 hminum
1290 2159 1443 2228 imerii,
1476 2161 1614 2235 (tumim
1645 2166 1674 2218 tlt
1702 2164 1792 2222 Adam
1821 2165 1852 2220 in

102 2259 173 2314 aum
197 2264 316 2331 propser
338 2275 385 2314 me
403 2260 516 2329 venisti,
537 2261 659 2334 siquod
676 2262 862 2333 semetipsum
878 2260 949 2318 misi
1003 2266 1087 2306 mene
1113 2265 1234 2324 surgons
1255 2250 1290 2307 aa
1322 2250 1425 2306 uorem
1450 2267 1559 2308 nonam
1586 2250 1721 2308 seductus
1744 2257 1797 2318 est.
1823 2259 1853 2309 et

100 2343 255 2411 tradidisti,
274 2344 337 2414 jum
358 2343 437 2398 nuile
460 2350 591 2400 creatura
619 2345 754 2417 deinceps
779 2361 825 2401 me
851 2345 949 2418 despi·
1004 2338 1178 2411 quinetiam
1199 2338 1294 2412 passio
1318 2338 1381 2395 Filii
1401 2339 1460 2396 mei
1488 2339 1519 2396 in
1541 2341 1708 2413 crepusculo
1731 2340 1789 2397 diei
1810 2341 1851 2399 in·

101 2432 167 2497 ciat,
184 2439 251 2487 cum
270 2431 333 2503 ipsa
346 2431 524 2488 volontatem
549 2439 629 2503 tnarn
644 2434 696 2488 tibi
724 2434 852 2506 subjecta
875 2450 949 2490 sem·
1004 2427 1164 2494 maamad
1181 2427 1284 2483 ΝΜ
1310 2443 1418 2483 nonum
1438 2433 1638 2484 mmmmm
1658 2428 1849 2501 dignoscitur:

100 2537 155 2591 per
178 2525 325 2592 sequatur,
351 2524 380 2575 et
408 2537 473 2576 cnm
503 2536 558 2594 ego
581 2521 731 2595 preceptis
753 2521 811 2576 tuis
835 2522 952 2578 rebellis
1002 2519 1044 2571 ita
1057 2517 1133 2588 qnod
1153 2515 1184 2571 in
1206 2531 1290 2571 cruce
1305 2515 1432 2572 moriens
1455 2515 1618 2590 exspiravit,
1640 2522 1670 2572 et
1683 2523 1777 2576 morte
1799 2534 1850 2574 sua

102 2609 227 2664 existens
240 2607 293 2663 tibi
308 2609 652 2666 ereberrimeonntrarins
667 2611 806 2668 inveniar.
1004 2611 1126 2660 mortem
1146 2603 1267 2658 viriliter
1290 2601 1445 2674 superavit.
1467 2603 1521 2660 Ubi
1545 2607 1573 2660 et
1597 2605 1722 2660 Ecclesia
1741 2604 1850 2677 Unige-

138 2699 222 2753 Nunc
238 2713 319 2770 ergo,
343 2705 376 2752 ut
393 2698 483 2767 videa,
507 2714 524 2753 o
545 2698 645 2768 homo,
668 2715 733 2756 cum
755 2699 888 2754 sacerdos
907 2698 951 2754 his
1004 2695 1064 2748 nilo
1080 2707 1143 2747 meo
1166 2690 1310 2759 assistens,
1332 2691 1430 2748 dotem
1452 2707 1533 2747 suam
1548 2690 1589 2747 ibi
1616 2693 1758 2765 suscepit;
1772 2693 1850 2765 qnod

103 2785 280 2859 verbisque
294 2786 326 2842 in
344 2785 452 2860 Spiritu
471 2792 569 2842 sancis
584 2786 742 2844 constituta
758 2793 835 2858 sont,
855 2788 951 2844 obtato
1004 2786 1034 2837 et
1053 2796 1131 2836 nunc
1152 2779 1253 2836 aliliis
1279 2779 1409 2852 ejusdem
1429 2780 1559 2836 sectasse
1579 2779 1781 2836 celebrandurn
1797 2785 1848 2837 est.

103 2873 244 2930 sacrificio
264 2874 300 2930 cd
314 2876 404 2930 altare
419 2889 466 2930 me
484 2875 603 2949 coeperis
621 2876 773 2944 invocare;
795 2891 881 2931 amen
898 2875 950 2931 tibi
1005 2871 1063 2927 lioc
1077 2874 1174 2925 autam
1198 2867 1326 2925 cilicium
1352 2885 1369 2923 a
1389 2868 1585 2925 sacerdotibus
1608 2867 1637 2923 in
1665 2868 1805 2925 sacrificio
1820 2868 1849 2924 in

102 2963 179 3033 dico,
193 2963 272 3035 qnod
285 2963 317 3018 in
330 2962 448 3019 ardente
457 2963 550 3018 calore
565 2978 630 3018 meo
643 2962 685 3019 ibi
694 2964 808 3029 adsum,
821 2969 851 3018 et
865 2963 950 3036 pleno
968 2958 1114 3051 Cjejunio
1130 2957 1238 3013 ventris
1259 2962 1288 3012 et
1309 2973 1365 3013 non
1387 2957 1417 3012 in
1443 2955 1601 3028 repletione
1618 2957 1680 3028 eius
1703 2956 1850 3014 celebran-

102 3053 247 3110 desilerin
272 3053 368 3126 ipsnm
392 3059 603 3109 sacramentum
627 3052 754 3126 perficio.
777 3051 949 3119 Qnornodo'?
1005 3047 1074 3102 dum
1089 3051 1141 3114 est,
1163 3062 1200 3102 ne
1224 3045 1386 3118 coagulatio
1412 3061 1543 3102 escarum
1564 3044 1713 3117 spirituale
1734 3044 1849 3102 deside·

100 3141 245 3208 Quoniam
260 3140 291 3196 in
306 3141 408 3197 ellectu
423 3141 553 3213 ejusdem
574 3142 703 3213 mysterii
717 3143 865 3198 ardentem
885 3142 951 3196 cba·
1004 3135 1080 3192 rium
1097 3138 1229 3202 evacuet;
1244 3134 1382 3208 quoniam
1399 3134 1478 3207 prins
1493 3133 1582 3190 etiam
1600 3135 1675 3190 sumi
1691 3133 1776 3191 debet
1790 3133 1850 3206 spi·

102 3231 217 3284 ritatem
233 3243 320 3299 super
334 3229 465 3284 eamdem
489 3227 664 3284 oblationem
684 3229 827 3301 expando,
852 3228 949 3284 videli—
1004 3223 1117 3279 ritualis
1149 3223 1286 3295 epulatio,
1319 3228 1346 3278 et
1371 3228 1473 3295 postea
1510 3223 1632 3278 carnalis
1664 3221 1800 3290 relecti03
1822 3225 1852 3278 et

102 3317 197 3373 catab
218 3316 302 3373 initio
315 3318 468 3372 verborum
491 3317 645 3372 sacerdotis
667 3333 714 3372 me
738 3317 905 3381 invocantis,
922 3321 952 3370 et
1005 3313 1074 3386 quia
1095 3312 1181 3368 etiarn
1210 3311 1328 3385 spiritus
1352 3311 1540 3368 honorandus
1570 3317 1622 3380 est,
1647 3317 1675 3368 et
1693 3327 1760 3368 euro
1779 3311 1851 3368 relo·

101 3408 177 3463 lianc
189 3405 359 3462 memoriam
373 3405 516 3474 incientis,
539 3407 617 3478 qnod
640 3406 727 3461 Filius
748 3421 829 3461 meus
853 3406 883 3460 in
899 3421 951 3459 an·
1004 3399 1229 3457 cisternarum
1249 3403 1303 3457 boc
1317 3406 1528 3458 sacramentnm
1545 3399 1688 3474 spirituali
1709 3399 1851 3458 desiderio

99 3495 198 3566 gustia
220 3493 360 3566 passionis
380 3509 439 3548 suaa
462 3509 567 3565 panem
594 3499 623 3549 et
646 3492 746 3550 vinum
768 3493 949 3559 benedicens,
1004 3492 1035 3545 et
1052 3505 1111 3544 non
1134 3489 1242 3544 ornati
1262 3487 1419 3561 cupiditate
1441 3488 1640 3562 accipiendum
1664 3493 1720 3544 est:
1738 3493 1766 3544 et
1785 3488 1851 3545 ideo

101 3581 131 3637 in
154 3588 335 3638 sacramento
359 3581 487 3654 corporis
510 3585 540 3638 et
562 3581 711 3653 sanguinis
736 3581 781 3637 sui
803 3581 952 3653 discipulis
1004 3575 1035 3632 in
1049 3576 1170 3648 jejunio,
1196 3581 1224 3630 el
1248 3592 1304 3632 non
1325 3591 1411 3649 snper
1434 3576 1528 3648 epulis
1544 3577 1654 3648 percipi
1676 3576 1771 3646 debet,
1794 3575 1851 3634 nisi

100 3670 310 3738 anistradidit3
327 3675 358 3726 nt
378 3676 407 3724 et
428 3669 485 3742 ipsi
503 3668 579 3725 idem
601 3685 655 3740 pro
675 3669 767 3725 sainte
789 3670 889 3742 populi
909 3670 952 3724 ta·
1005 3664 1037 3722 in
1055 3665 1223 3720 necessitate
1248 3664 1308 3731 ille,
1330 3664 1354 3719 si
1378 3664 1465 3720 homo
1482 3664 1513 3720 in
1534 3663 1587 3720 bac
1609 3664 1746 3737 opinions
1769 3664 1851 3736 posi·
1955 3685 1962 3697 ·

99 3763 208 3814 cerent.
232 3757 389 3814 veredice
414 3758 504 3824 vobis,
530 3757 600 3830 quia
631 3773 781 3829 nunquam
807 3756 950 3813 invocatio
1005 3757 1118 3822 tuaest,
1141 3751 1219 3826 qnod
1234 3753 1269 3808 de
1292 3753 1400 3809 mundo
1423 3751 1657 3808 transiturnssit.
1685 3751 1739 3808 Sed
1763 3751 1852 3809 Filius

100 3848 158 3903 ista
178 3863 267 3919 super
292 3846 458 3918 husjusmodi
486 3846 662 3903 oblationem
696 3848 728 3901 in
754 3845 951 3902 recordatione
1006 3859 1088 3900 meus
1108 3843 1183 3898 circa
1204 3842 1292 3897 linem
1309 3841 1368 3898 diei
1390 3857 1494 3914 corpus
1516 3844 1545 3896 el
1572 3840 1744 3912 sanguinem
1765 3856 1851 3896 suurn

101 3935 253 4008 Unigeniti
273 3933 330 3990 mei
346 3935 402 3991 erit
421 3935 494 4009 quin
513 3935 682 4006 mysterium
698 3923 868 4007 corporia'et
882 3951 952 3990 san·
1005 3931 1153 4003 discipulis
1167 3930 1227 3986 snis
1242 3930 1335 3996 dedit;
1351 3929 1488 4004 qnoniam
1505 3929 1546 3986 eis
1568 3945 1669 3988 verum
1691 3929 1852 3986 mansuile

101 4023 200 4096 guinis
215 4023 256 4079 ibi
275 4023 449 4096 perurimur,
468 4024 548 4097 quod
567 4023 689 4080 earnalis
704 4025 804 4078 oculos
824 4022 950 4095 qnandiu
1007 4020 1111 4076 attulit.
1123 4019 1232 4092 Elquia
1244 4018 1330 4075 etism
1342 4019 1371 4075 in
1384 4019 1632 4076 consummatione
1641 4017 1750 4076 seculi.
1760 4023 1853 4074 morte

102 4114 176 4169 cinis
190 4117 234 4168 est
263 4113 359 4169 videre
381 4129 441 4168 non
464 4113 588 4184 poterit;
608 4112 664 4168 nisi
685 4114 715 4168 in
739 4113 795 4168 ilde
814 4112 885 4168 illud
900 4112 953 4167 bu·
1006 4112 1037 4169 in
1051 4111 1217 4167 hominibus
1231 4109 1427 4182 temporaliter
1442 4113 1620 4173 transeunte,
1636 4105 1854 4164 electieiculaol

102 4203 167 4259 miii
182 4201 335 4258 devotione
350 4201 512 4274 perspiciat.
530 4199 779 4267 Quomodoitium
793 4201 854 4256 aies
866 4217 952 4257 ovum
1005 4200 1037 4258 iu
1049 4216 1140 4273 regno
1165 4215 1229 4255 meo
1248 4198 1398 4272 fulgebunt
1422 4197 1539 4269 (Matre.
1563 4197 1635 4269 xus).
1651 4197 1687 4253 Et
1698 4196 1753 4254 boc
1766 4197 1853 4254 ruodo

102 4291 160 4346 sibi
186 4290 219 4346 io
245 4291 345 4346 nidum
366 4306 450 4346 sunm
470 4288 540 4363 poni
565 4290 679 4346 viderit:
711 4289 845 4345 ardenter
866 4306 953 4361 super
970 4289 1069 4362 [lipsa
1085 4287 1254 4359 Unigenitns
1269 4303 1350 4342 nreus
1370 4287 1578 4344 ressurrectione
1595 4303 1648 4342 soa
1669 4287 1853 4343 demonstra-

102 4379 176 4436 illnd
191 4379 278 4446 volat,
293 4385 322 4435 et
335 4380 429 4434 calore
443 4395 496 4434 sno
510 4378 581 4434 illud
595 4381 694 4434 lovena
706 4378 817 4450 pullum
838 4378 950 4433 educit:
1005 4377 1047 4434 sit
1060 4377 1171 4434 animas
1182 4377 1328 4448 justorum
1341 4375 1377 4431 ab
1390 4375 1504 4432 inferno
1516 4391 1546 4430 se
1566 4375 1743 4443 abstrahere,
1759 4381 1787 4432 et
1802 4391 1852 4448 ge·

103 4469 144 4524 ita
158 4467 238 4539 qnod
260 4471 333 4522 teste
347 4465 393 4521 ovi
414 4469 553 4531 remanet,
569 4470 598 4521 et
615 4467 693 4539 quod
710 4465 806 4538 pullus
821 4465 871 4522 ille
886 4481 951 4520 evo·
1008 4482 1063 4523 nus
1085 4467 1244 4523 humanum
1268 4463 1300 4519 in
1322 4463 1562 4520 restaurationem
1584 4471 1699 4521 aeternae
1736 4463 1801 4519 vilse
1824 4481 1854 4518 se

103 4558 154 4613 lat.
171 4555 246 4622 Quid
261 4555 337 4610 lroc?
364 4556 422 4627 ligo
445 4554 645 4626 Omnipotens,
659 4569 725 4609 cum
741 4553 849 4609 oblatio
872 4553 954 4627 panis
1008 4555 1155 4624 reducere,
1167 4569 1254 4626 qnam
1269 4553 1386 4625 reprobi
1395 4552 1491 4624 angeli
1506 4552 1697 4624 perdiderunt
1717 4557 1852 4619 mertem,

104 4652 134 4701 et
149 4645 212 4700 vini
234 4661 322 4716 snper
340 4645 431 4701 altare
453 4642 565 4700 nomini
587 4660 651 4700 meo
674 4643 837 4699 dedicatum
852 4644 882 4699 in
897 4659 955 4700 me·
1009 4640 1089 4699 nullo
1116 4641 1172 4697 alio
1198 4641 1238 4697 eia
1260 4646 1444 4713 suggerente,
1472 4644 1651 4712 appetentes,
1671 4639 1710 4694 ita
1736 4639 1813 4711 qnod
1839 4657 1856 4693 a

106 4733 200 4789 moria
224 4731 288 4789 Filii
314 4732 410 4789 oblata
430 4732 528 4800 irretit,
557 4746 622 4787 eam
651 4731 822 4788 mirabiliter
851 4732 956 4788 virtute
1008 4731 1089 4788 nullo
1104 4730 1159 4786 alio
1180 4729 1346 4788 insidiatore
1368 4744 1455 4802 qnam
1478 4745 1495 4784 a
1519 4727 1622 4799 seipsis
1644 4727 1753 4784 seducti
1772 4730 1852 4794 snut3

105 4828 135 4878 et
155 4820 250 4891 gloria
271 4837 335 4877 mea
361 4821 520 4888 illustrans,
542 4821 572 4876 in
605 4837 710 4891 corpus
734 4826 764 4876 et
784 4821 956 4892 sanguineus
1010 4833 1076 4878 cum
1103 4833 1158 4874 noc
1185 4822 1301 4889 gustum
1325 4816 1432 4889 peccati
1457 4815 1487 4872 in
1513 4815 1613 4886 seipsis
1632 4813 1760 4883 haberet,
1779 4816 1857 4872 velut

106 4910 255 4982 Unigeniti
272 4909 328 4964 rnei
343 4909 522 4965 transfundo.
545 4909 714 4975 Quomodo?
739 4911 805 4981 lpso
819 4910 957 4964 miraculo
1011 4908 1098 4963 homo
1113 4905 1143 4962 in
1163 4905 1317 4977 tragilitate
1340 4903 1467 4977 corporis
1489 4903 1533 4960 sui
1548 4903 1644 4960 habet.
1662 4903 1742 4960 Unde
1762 4907 1791 4958 et
1804 4902 1856 4957 bo·

106 5016 167 5073 quo
181 5000 271 5056 Filius
286 5014 368 5054 meus
389 5014 505 5056 minem
530 5014 565 5054 ex
579 4997 692 5070 virgine
707 4998 853 5070 suscepit:
869 4999 957 5054 etiam
1012 5012 1060 5052 mo
1081 4995 1196 5068 qnando
1222 4994 1258 5049 ab
1280 4993 1433 5050 insidiante
1455 4991 1587 5048 seductus
1609 4997 1653 5048 est
1673 4991 1857 5064 fragilitatem

107 5087 218 5145 oblatio
240 5088 303 5144 haec
325 5086 356 5142 in
377 5086 590 5143 consecratione
611 5087 665 5144 ista
695 5101 761 5143 caro
789 5091 819 5143 et
842 5085 959 5157 sanguis
1012 5083 1141 5156 corporis
1160 5082 1317 5147 habenae
1337 5083 1504 5138 sublevante
1534 5080 1621 5137 etiam
1646 5079 1681 5138 ad
1704 5080 1792 5136 vitam
1813 5094 1857 5135 re-

108 5180 172 5250 ejus
188 5175 324 5232 efficitur.
340 5175 396 5232 Sed
418 5175 503 5247 panis
521 5179 551 5230 et
573 5173 632 5230 vini
649 5174 758 5246 species
780 5173 821 5229 ibi
840 5173 960 5230 exterio
1013 5174 1117 5229 ductus
1131 5178 1185 5239 est,
1200 5179 1228 5229 et
1251 5171 1384 5228 diabolus
1406 5171 1584 5243 corporalem
1599 5168 1785 5241 gravedinem
1800 5184 1859 5224 non

108 5265 296 5322 ribusocnlis
315 5262 426 5321 visibile
452 5263 595 5332 sarnitan
618 5263 697 5319 intus
711 5265 808 5318 antem
825 5262 960 5340 sanctitas
1012 5261 1123 5318 babens
1143 5259 1173 5316 in
1201 5259 1386 5334 perversitate
1415 5275 1467 5314 sua
1481 5257 1598 5314 relictus
1613 5260 1665 5312 est.
1696 5255 1751 5314 Sed
1765 5259 1795 5314 el
1808 5257 1859 5312 ho-

109 5352 243 5426 eorporis
264 5358 294 5408 et
309 5352 458 5425 sanguinis
476 5352 607 5424 eiusdem
624 5350 688 5408 Filii
702 5351 761 5406 mei
777 5349 961 5406 invisibiliter
1015 5348 1088 5406 mini
1102 5364 1169 5404 vera
1181 5352 1209 5406 et
1226 5348 1349 5405 salubris
1372 5345 1489 5403 reiectio
1518 5345 1746 5418 inperceptiora
1761 5361 1862 5419 corpo·

110 5447 221 5499 manet.
243 5441 414 5507 Quomodo?
437 5440 510 5498 Cum
525 5440 613 5497 Filius
632 5455 713 5496 meus
734 5439 810 5511 apud
828 5438 962 5494 homines
1015 5437 1055 5494 ris
1069 5442 1099 5495 et
1113 5437 1262 5510 sanguinis
1283 5436 1347 5493 Filii
1361 5435 1419 5492 mei
1431 5436 1496 5492 data
1519 5439 1572 5505 est,
1588 5439 1621 5490 nt
1633 5450 1686 5509 per
1699 5434 1755 5492 hoe
1768 5451 1861 5492 sacra-

111 5534 188 5586 essrt
212 5529 243 5584 in
267 5530 375 5586 mundo
401 5529 479 5602 apud
501 5545 548 5586 me
568 5529 654 5584 etiarn
679 5532 739 5583 erat
765 5527 795 5583 in
820 5527 907 5582 coelo:
933 5531 962 5582 et
1017 5530 1146 5582 mentum
1178 5524 1359 5581 invisibiliter
1391 5523 1420 5579 in
1461 5521 1557 5579 anima
1594 5523 1768 5582 refocillatus
1797 5540 1860 5579 sirr-
