3984 6034
35 177 95 230 705
528 244 531 247 Χ
688 177 869 235 servias-
881 179 946 236 tta.
964 175 1013 243 ltt,
1034 179 1126 236 VISIO
1146 179 1175 235 X.
1754 183 1805 236 706

37 305 191 360 cordibus
222 306 353 363 fidelium
383 321 500 362 omnem
531 307 723 378 intentionem
752 324 846 374 suam,
872 309 909 364 ad
926 315 1051 380 Aquam
1073 309 1104 364 in
1120 307 1298 382 longitudine
1321 310 1462 366 nascentis
1481 309 1601 368 humani
1620 313 1732 382 generis
1752 314 1806 368 ha·
1896 325 1906 348 ¹

39 395 157 450 filium
182 395 244 464 Dei,
267 399 327 451 tam
349 396 381 450 in
397 395 577 451 humanitate
595 413 683 469 quam
703 398 734 452 in
756 398 906 455 divinitate
959 397 1220 469 beat;quiatlnito
1239 397 1346 452 mundo
1361 398 1423 468 ipsa
1452 415 1539 470 super
1557 398 1643 456 caelos
1667 401 1804 456 cretarum

38 488 228 552 regnantem
256 483 419 550 intendens,
444 484 506 555 ejus
529 484 682 540 dulcedine
704 484 841 540 continua
863 486 904 540 vi·
960 489 1070 556 volans,
1100 485 1193 556 magis
1214 489 1283 540 tune
1307 501 1394 557 quam
1423 501 1499 540 nunc
1529 487 1560 542 in
1589 488 1718 544 claritate
1753 505 1806 544 sua

39 570 132 626 sione
157 571 271 642 perfrui
291 573 459 640 delectatur,
477 572 550 629 sicut
573 572 662 628 etiem
680 572 710 627 in
727 574 820 628 verbis
846 574 905 630 suis
959 574 1121 648 apparebit.
1152 573 1205 630 Ubi
1232 573 1306 628 nihil
1329 577 1476 628 terrenum
1507 574 1637 646 nihilque
1665 578 1804 633 caducum

40 664 153 730 aperta
168 659 400 716 manifestatione
415 661 602 716 demonstrat.
959 663 1117 734 quaeritur3
1133 661 1183 717 sed
1211 662 1287 734 quod
1310 661 1421 718 caeleste
1448 661 1474 716 ei
1500 667 1640 718 aeternnm
1670 670 1720 733 est,
1742 665 1805 720 dul·

77 745 141 802 Sed
166 747 266 819 imago
294 764 359 821 quae
383 753 485 804 contra
505 748 673 820 aquilonem
693 748 725 804 in
739 753 801 803 rota
816 765 904 821 appa·
957 752 1071 807 sissima
1101 751 1282 822 amplexione
1317 755 1440 816 amatur,
1475 756 1504 806 et
1528 751 1577 806 ubi
1605 753 1703 808 omnia
1730 754 1806 809 clara

42 840 101 903 ret,
142 835 353 907 perfectionem
383 836 488 892 Christi
514 842 543 891 et
571 841 770 908 contemptum
802 837 904 893 mundi
958 846 1045 912 atque
1084 840 1149 895 laeta
1186 839 1399 910 perdurabunt;
1437 839 1563 895 abstersa
1588 840 1665 894 omni
1700 842 1806 898 nebula

41 924 220 993 praetendit,
249 923 319 995 quia
345 923 494 994 plenitudo
527 923 666 978 virtutum
694 925 725 979 in
747 925 905 996 abjectione
956 928 1127 1002 iniquitatis,
1141 927 1386 1000 quemadmodum
1410 931 1439 983 at
1461 927 1491 982 in
1507 929 1600 984 verbis
1622 929 1806 1000 professionis

42 1010 239 1065 saecularium
270 1026 324 1082 par
347 1011 451 1066 Filium
465 1011 531 1094 'Dei
554 1012 734 1082 apertissime
763 1013 906 1068 declarate
957 1017 1068 1072 virtutis
1084 1017 1170 1088 hujus
1187 1017 1310 1072 fideliter
1322 1016 1521 1072 denuntiatur.

45 1103 111 1164 est;
138 1097 194 1169 qui
218 1099 297 1155 inter
324 1099 456 1154 homines
491 1105 675 1155 conversatus
703 1101 825 1156 terrenis
845 1117 904 1156 non
992 1106 1073 1171 Quod
1095 1121 1160 1161 vero
1187 1106 1266 1160 vides
1290 1107 1488 1178 pavimentum
1513 1105 1629 1162 aedilicii
1653 1110 1744 1162 totum
1775 1113 1807 1164 ut

44 1184 183 1257 inhiens,
215 1185 376 1242 imitatores
399 1202 468 1242 suos
488 1186 600 1242 fortiter
630 1188 667 1244 ad
698 1189 822 1245 caelestia
844 1195 905 1246 toto
957 1195 1054 1250 etham
1070 1195 1331 1266 vitrumapparens
1345 1200 1373 1249 et
1388 1211 1420 1250 er
1440 1211 1470 1250 sa
1486 1194 1607 1250 reddens
1625 1195 1805 1267 splendorem

46 1274 160 1329 ardore
175 1276 354 1331 commonuit
372 1276 516 1332 anhelare.
541 1276 610 1341 Qum
633 1275 664 1332 in
696 1277 795 1333 dextra
816 1294 904 1335 mma
956 1281 1191 1340 serenissimam:
1222 1282 1276 1336 hoo
1303 1287 1346 1336 est
1371 1282 1449 1352 qnod
1474 1281 1611 1338 tortitudo
1637 1300 1710 1337 verae
1738 1284 1806 1340 fidei

44 1362 197 1424 virentem
229 1363 424 1418 ramusculum
453 1364 551 1431 habet,
590 1365 728 1437 quoniam
756 1367 787 1422 in
817 1367 904 1423 felici·
956 1377 1074 1444 portam
1100 1378 1129 1426 et
1153 1371 1308 1442 explanans
1333 1387 1406 1441 opus
1438 1376 1467 1426 et
1484 1371 1629 1426 civitatem
1655 1373 1716 1440 Dei,
1746 1379 1806 1429 tota

44 1455 108 1506 tate
121 1451 292 1507 salvationis
317 1453 422 1508 animae
437 1469 511 1524 opus
531 1453 698 1510 viridissimi
724 1460 753 1511 et
771 1457 903 1527 pulcher·
955 1457 1124 1515 incendere
1148 1462 1177 1512 et
1195 1457 1224 1511 in
1249 1459 1364 1528 speculo
1389 1457 1577 1528 simplicitatis
1602 1459 1757 1529 purissime
1777 1465 1807 1515 et

45 1540 119 1594 rimi
133 1540 276 1611 germinis
290 1541 440 1597 beatarum
455 1540 592 1598 virtutum
614 1543 693 1615 quod
715 1543 903 1616 inspiratione
955 1543 1126 1617 planissima
1139 1550 1194 1612 est,
1220 1543 1282 1614 ipsa
1311 1543 1366 1599 lide
1388 1561 1454 1598 oum
1474 1545 1608 1600 omnibus
1621 1547 1756 1617 operibus
1769 1548 1803 1602 ad

45 1628 177 1700 Spiritus
192 1630 282 1684 sancti
307 1631 457 1702 perfusum
479 1635 532 1698 est,
559 1631 698 1687 continet.
721 1632 903 1705 Quapropter
957 1649 987 1689 sa
1009 1633 1218 1705 pertinentibus
1251 1631 1281 1686 in
1307 1631 1369 1704 ipsa
1397 1632 1509 1688 civitate
1537 1633 1587 1690 llei
1617 1634 1753 1705 vigilante
1777 1639 1806 1692 et

45 1721 77 1770 et
92 1715 161 1787 ipsa
179 1719 243 1770 rota
261 1717 375 1773 assidue
398 1718 634 1774 circumvolvitur
653 1719 755 1774 eadem
775 1720 903 1791 imagine
957 1722 1127 1790 aedificante,
1143 1727 1286 1793 quatenus
1313 1721 1388 1776 fleus
1407 1721 1437 1776 in
1463 1720 1546 1777 initio
1570 1721 1713 1778 honorum
1734 1740 1805 1795 opa-

46 1805 78 1860 in
95 1820 132 1858 ea
162 1805 307 1861 immobili
334 1812 534 1877 permanente,
550 1806 619 1878 quia
640 1807 834 1864 misericordia
852 1809 903 1864 Dei
954 1825 1021 1866 rum
1037 1810 1189 1866 hominnm
1212 1825 1264 1880 per
1286 1809 1469 1880 splendorem
1493 1810 1682 1866 serenissimae
1705 1811 1800 1868 inten-

45 1893 97 1965 pia
109 1894 314 1965 compassione
333 1910 363 1948 se
378 1894 413 1948 ad
437 1893 569 1949 homines
590 1895 718 1965 flectens,
738 1901 767 1951 et
781 1897 903 1954 miseriis
955 1898 1043 1954 tionis
1057 1903 1208 1969 tangatur3
1236 1902 1265 1953 et
1287 1899 1317 1952 in
1343 1897 1401 1953 line
1431 1913 1530 1954 corium
1548 1914 1600 1970 per
1619 1899 1803 1958 salvationem

47 1998 152 2037 eornm
168 1982 356 2054 compatiens,
380 1999 411 2037 se
435 1983 635 2054 quaerentibus
653 2001 769 2056 semper
790 1985 901 2042 flesihi·
955 1988 1060 2044 animm
1085 1987 1264 2058 apertissimo
1289 1989 1488 2058 cognoscatur,
1516 1987 1584 2059 qnia
1599 1993 1714 2058 peracta
1733 2004 1802 2060 ope-

46 2070 84 2125 lis
112 2075 167 2139 est,
205 2069 379 2140 perfectione
402 2070 505 2127 Christi
537 2070 568 2126 in
599 2077 767 2144 contemptu
801 2075 903 2130 mundi
955 2076 1083 2131 ratione:
1107 2075 1179 2130 fides
1205 2075 1267 2146 ipsa
1293 2073 1489 2144 ostenditque
1514 2074 1665 2130 devotione
1680 2092 1802 2150 quaeque

47 2159 163 2214 nullam
207 2159 398 2215 mobilitatem
438 2158 634 2215 instabilitatis
674 2161 807 2230 habenta,
850 2161 902 2218 sad
955 2162 1053 2218 anime
1065 2163 1155 2217 Deum
1171 2160 1312 2233 quesivit.
1337 2161 1417 2216 Unde
1432 2166 1460 2216 et
1475 2161 1614 2232 splendor
1627 2161 1715 2218 lucidi
1725 2163 1803 2220 illius

47 2263 168 2318 semper
181 2247 218 2301 ad
233 2263 267 2302 ee
286 2247 422 2303 tendente
437 2263 502 2319 quoe
523 2253 591 2302 sunt
617 2248 679 2303 sine
695 2248 754 2304 ulla
780 2249 903 2305 mutahi·
955 2252 1082 2308 sedentis
1102 2252 1133 2306 in
1149 2249 1254 2305 throno
1278 2249 1328 2321 qui
1350 2249 1448 2304 omnia
1470 2249 1531 2304 haec
1553 2248 1606 2304 tibi
1627 2249 1804 2307 demonstrat

48 2336 141 2390 litatis
163 2335 332 2392 offensione.
354 2337 436 2401 Quod
459 2341 555 2391 nutem
576 2338 607 2391 in
630 2337 752 2392 circuitu
772 2338 901 2408 eiusdem
953 2355 1007 2412 per
1022 2340 1118 2410 ipsum
1133 2338 1329 2411 pavimentum
1358 2352 1448 2408 nsque
1473 2336 1503 2392 in
1526 2337 1661 2408 abyssum
1677 2339 1802 2411 resplen-

48 2429 123 2479 rotae
145 2424 283 2497 scriptum
308 2430 365 2479 est:
382 2425 415 2479 Si
442 2428 507 2496 quis
534 2423 606 2480 anilii
623 2425 772 2482 minabat
786 2443 833 2482 me
854 2443 901 2482 se·
955 2428 1024 2494 det;
1048 2427 1186 2498 quoniam
1213 2426 1306 2495 gratia
1332 2425 1538 2496 omnipotentis
1571 2427 1622 2481 Ilei
1641 2431 1743 2482 cuncta
1759 2443 1803 2483 re-

48 2504 375 2586 quarantaniam
396 2529 448 2584 epo
465 2513 571 2570 illicet
592 2513 725 2570 minutor
746 2516 902 2572 meuserit
955 2515 1049 2587 gentis
1075 2530 1139 2586 qnae
1166 2514 1195 2568 in
1220 2514 1273 2568 hac
1296 2512 1405 2568 visione
1429 2512 1574 2584 cognoscis
1602 2513 1655 2568 tihi
1683 2515 1802 2572 maniis.

48 2603 153 2674 (Jonn.
177 2602 243 2674 n11):
258 2601 314 2657 hoc
336 2606 379 2656 est
402 2602 480 2673 quod
498 2601 604 2674 ubique
630 2603 763 2657 flexibilis
789 2603 900 2658 miseri·
955 2602 1066 2670 stantis,
1088 2618 1140 2674 per
1165 2601 1364 2657 fortitudinem
1390 2600 1457 2656 fidei
1489 2601 1635 2658 diabolum
1656 2603 1685 2658 in
1709 2604 1803 2673 perdi·

49 2691 149 2746 cordia
184 2690 246 2758 Dei,
273 2690 329 2745 hoc
348 2691 476 2746 continet
503 2688 532 2746 in
561 2707 603 2756 se,
635 2693 711 2763 quod
736 2693 901 2766 quicunque
955 2692 1035 2746 hone
1055 2690 1156 2746 mortis
1179 2689 1215 2744 ad
1237 2689 1360 2750 nihilum
1390 2687 1511 2760 redegit.
1529 2689 1704 2754 Quomodo?
1729 2693 1802 2748 Deus

51 2779 122 2834 Pilio
153 2780 205 2834 Dei
237 2779 407 2852 obsequium
444 2779 607 2835 exhibuerit
642 2781 805 2852 exemplum
840 2781 901 2852 ejas
954 2784 1117 2850 serpentem
1132 2778 1285 2850 antiquum
1307 2782 1336 2833 et
1351 2782 1474 2834 mortem
1499 2783 1615 2835 eterna
1631 2779 1802 2851 perditionis
1889 2839 1894 2848 ,

50 2868 203 2937 imitando,
241 2867 272 2922 in
302 2868 412 2924 coelesti
438 2868 618 2924 beatitudine
656 2869 804 2942 gaudebit,
834 2886 900 2925 cum
919 2884 1008 2940 cper
1031 2867 1218 2940 purissimam
1248 2867 1348 2934 fidem,
1375 2883 1441 2938 quae
1466 2872 1510 2922 est
1532 2867 1562 2923 in
1585 2867 1802 2940 regeneratione

50 2958 113 3027 ipso
136 2957 314 3012 consortium
344 2957 406 3012 sine
442 2956 501 3012 line
532 2955 689 3028 adepturus
717 2958 898 3026 angelorum.
954 2957 1071 3029 spiritns
1090 2960 1118 3012 et
1149 2971 1232 3027 aquae
1256 2954 1361 3027 dejecit
1385 2954 1417 3010 in
1450 2955 1625 3026 profundum
1654 2961 1802 3028 perpetuae

52 3045 132 3100 Unde
146 3044 233 3101 etiam
247 3045 279 3100 in
299 3050 413 3115 pectore
436 3044 570 3115 imaginis
594 3044 737 3114 sculptum
769 3049 897 3116 apparet.
953 3045 1139 3112 confusionis,
1177 3043 1292 3100 fortiter
1325 3043 1520 3116 pertransiens
1548 3045 1681 3102 tenebras
1703 3044 1803 3102 inlide-

50 3133 109 3205 Ego
134 3150 199 3188 sum
221 3134 316 3189 hostia
337 3133 431 3188 laudis
446 3132 477 3188 in
491 3132 661 3203 provinciis;
682 3132 751 3204 quia
769 3132 900 3189 Christus
952 3134 1052 3202 litatis,
1076 3149 1143 3189 cum
1165 3133 1253 3188 filins
1281 3131 1333 3188 Dei
1361 3132 1459 3188 fideles
1485 3148 1553 3188 suos
1587 3133 1748 3214 admonuit,
1769 3137 1803 3190 nt

51 3221 196 3293 sapienter
216 3226 415 3294 contemptum
438 3221 545 3277 docens
569 3220 760 3287 secularium,
786 3237 839 3292 per
855 3238 899 3278 se·
952 3222 1039 3280 verba
1057 3222 1194 3278 doctrinae
1219 3236 1279 3276 suoe
1306 3221 1342 3276 ab
1366 3220 1429 3292 ipso
1459 3225 1575 3293 accepta
1605 3221 1636 3277 in
1661 3221 1802 3279 mundum

51 3314 162 3366 cretum
193 3309 307 3366 consilii
343 3310 388 3365 sui
422 3309 558 3365 cordibus
592 3309 748 3366 electorum
779 3327 900 3366 suornm
953 3312 1127 3368 emitterent.

51 3399 188 3466 insinuat,
204 3398 282 3471 quod
302 3399 397 3470 ipsum
422 3397 516 3453 omnis
539 3397 632 3454 fidelis
661 3399 756 3454 anima
775 3398 900 3455 hostiam
988 3400 1042 3456 Sed
1073 3399 1149 3472 quod
1193 3398 1269 3454 inter
1298 3397 1438 3453 circulum
1467 3399 1549 3454 illum
1575 3415 1592 3454 a
1621 3399 1738 3458 sedante
1769 3401 1801 3456 in

54 3489 141 3544 Patris
171 3488 300 3542 oblatum
324 3488 355 3542 in
375 3488 455 3558 ligno
486 3486 588 3550 crucis,
615 3487 719 3542 intima
746 3487 900 3542 devotione
952 3487 1059 3544 throno
1085 3492 1265 3558 protensum,
1297 3491 1325 3542 et
1350 3485 1427 3540 iuter
1460 3485 1514 3540 hoc
1542 3487 1695 3544 aedilicium
1725 3494 1802 3546 terra

51 3582 203 3632 veneratur
225 3581 254 3630 et
277 3575 395 3632 adoret:
415 3592 482 3632 cum
505 3575 593 3631 etiam
615 3576 647 3630 in
675 3580 736 3632 toto
756 3580 899 3632 terrarum
953 3579 1067 3630 motum
1080 3580 1211 3646 apparet,
1242 3573 1326 3645 qnasi
1353 3573 1566 3644 aliquantulum
1587 3575 1721 3632 deorsum
1736 3593 1800 3632 ver-

53 3667 121 3722 orbe
142 3664 265 3735 gloriam
292 3668 321 3718 et
344 3662 461 3719 laudem
492 3665 563 3736 ejus,
582 3679 636 3718 vox
664 3669 695 3718 et
718 3663 817 3733 lingna
834 3680 900 3720 om·
953 3681 1034 3736 gans,
1055 3663 1095 3718 ita
1119 3667 1150 3718 ut
1164 3661 1318 3718 aedilicium
1338 3661 1406 3716 inda
1434 3662 1512 3716 velut
1531 3678 1618 3733 super
1634 3671 1733 3720 monte
1746 3682 1801 3737 pc-

52 3755 132 3808 ninm
160 3751 289 3806 fidelium
319 3756 437 3824 propter
464 3749 729 3806 remunerationem
753 3752 819 3806 ritae
842 3768 899 3806 non
952 3753 1040 3808 situm
1063 3751 1208 3818 videatur;
1237 3751 1292 3806 hoc
1320 3753 1363 3806 ast
1389 3750 1467 3822 qnod
1497 3750 1571 3806 inter
1603 3751 1800 3810 fortitudinem
1828 3817 1830 3824 .

51 3846 142 3895 cesset
174 3855 321 3908 resonare,
353 3843 386 3895 nt
415 3839 502 3895 etiem
530 3838 646 3910 ipsein
675 3840 820 3896 locutione
847 3857 901 3896 sua
953 3841 1102 3914 potestatis
1121 3839 1328 3911 omnipotentis
1355 3837 1405 3893 ilci
1432 3843 1462 3893 et
1476 3838 1551 3894 inter
1578 3840 1700 3896 electum
1727 3857 1800 3912 opus

52 3929 299 4001 apertepropalat.
952 3930 1091 3987 honitatis
1119 3929 1220 4001 ipsius,
1244 3926 1365 4000 plurimi
1392 3927 1526 3983 homines
1550 3934 1617 3983 sunt
1631 3928 1682 3999 qui
1703 3944 1799 3984 veram

87 4019 184 4088 imago
197 4032 265 4071 vero
287 4032 352 4090 quae
367 4021 435 4072 ante
449 4018 590 4090 angulum
610 4017 648 4072 ad
668 4023 797 4074 austrum
814 4017 900 4089 raspi-
953 4019 1040 4076 iidem
1074 4019 1248 4090 abnegantes
1272 4017 1364 4089 magis
1386 4016 1557 4088 temporalia
1586 4017 1663 4088 qnod
1692 4023 1800 4075 eterna

53 4106 173 4161 cientem
204 4109 341 4177 apparet:
381 4105 523 4177 significat
558 4107 751 4175 concordiam,
790 4107 899 4163 rabiem
953 4112 1109 4174 sectantur,
1128 4111 1162 4164 ut
1185 4111 1252 4163 sunt
1279 4105 1395 4178 pagani,
1415 4105 1506 4161 fodei
1520 4121 1552 4160 ac
1566 4105 1630 4162 falsi
1646 4106 1800 4164 Christiani

54 4193 245 4262 malignorum
266 4193 422 4264 spirituum
444 4193 616 4265 fugientem,
643 4195 695 4250 sed
722 4195 899 4251 consortium
917 4178 1069 4268 1'semper
1097 4198 1132 4252 de
1159 4197 1234 4251 malo
1260 4194 1292 4250 in
1316 4195 1424 4250 malum
1446 4194 1661 4262 descendentes,
1690 4211 1743 4250 nec
1769 4196 1798 4252 in

54 4281 202 4338 beatorum
237 4281 407 4354 angelornm
436 4283 668 4354 amplectentem,
693 4299 759 4338 cum
780 4283 843 4355 ipsa
861 4283 897 4339 oh
950 4285 1064 4341 caducis
1100 4285 1186 4340 rebus
1213 4282 1362 4355 speculum
1402 4282 1550 4338 catholice
1582 4283 1650 4338 fidei
1684 4299 1799 4341 sursum

55 4386 182 4426 amorem
214 4369 266 4426 Dei
290 4369 428 4426 scissuras
463 4369 626 4427 infidelium
663 4371 788 4440 devitat3
810 4377 839 4427 et
860 4371 897 4428 ed
951 4374 1131 4446 aspicientes,
1154 4371 1205 4428 sed
1227 4371 1317 4442 magis
1341 4371 1371 4426 in
1391 4369 1584 4443 voluptatibus
1605 4371 1798 4443 suispravum

54 4460 190 4514 visionem
215 4465 362 4530 perpetue
390 4461 469 4530 pacis
506 4460 632 4516 anhelat.
667 4459 746 4516 Unde
776 4465 806 4515 et
825 4461 898 4515 tanti
950 4462 1066 4535 apesin
1080 4460 1257 4535 profundum
1274 4465 1457 4531 peccatorum
1482 4459 1650 4528 protrahere
1665 4460 1798 4516 laboran-

54 4547 212 4619 splendoris
226 4548 257 4603 in
271 4548 405 4613 faciaest‚
429 4553 461 4603 ut
487 4565 552 4604 eam
571 4549 697 4620 perfecte
715 4549 897 4606 intuerinon
949 4555 1012 4620 tes3
1036 4550 1078 4606 ita
1102 4554 1134 4606 ut
1155 4548 1312 4606 maximum
1338 4553 1367 4603 et
1390 4547 1617 4619 pulcherrimum
1644 4563 1716 4618 opus
1734 4548 1796 4617 Dei,

55 4636 161 4707 possis;
186 4636 326 4707 quoniam
348 4636 494 4692 mortifero
515 4637 582 4692 odio
604 4643 633 4692 et
652 4637 760 4693 invidia
786 4653 896 4705 carens,
949 4637 1027 4695 inter
1039 4639 1173 4694 tenebras
1193 4636 1281 4708 hujus
1302 4635 1478 4692 infelicitatis
1498 4635 1578 4690 omni
1601 4634 1714 4690 homini
1725 4635 1798 4691 illud

55 4725 190 4794 majorem
211 4724 370 4780 claritatem
395 4725 426 4779 in
453 4724 605 4780 animabus
627 4725 779 4781 hominum
802 4730 896 4797 parat,
950 4726 1093 4800 querenti
1109 4727 1140 4782 in
1161 4724 1315 4780 altitudine
1344 4740 1465 4780 summae
1493 4723 1628 4779 bonitatis
1644 4723 1798 4795 palamap·

55 4827 139 4884 quam
156 4811 283 4865 mortalis
309 4827 392 4866 mens
414 4827 517 4882 capere
540 4811 634 4867 valeat
656 4811 752 4882 fragili
777 4827 896 4884 corpore
948 4819 1068 4889 pareat;
1088 4818 1121 4870 ut
1145 4814 1268 4870 loannes
1296 4813 1416 4869 dilectus
1445 4811 1619 4883 evangelista
1646 4811 1675 4866 in
1693 4813 1799 4868 revela-

55 4905 176 4972 gravata.
192 4897 247 4956 Sed
269 4900 347 4972 quod
369 4900 406 4955 ab
425 4906 548 4971 utroque
563 4899 653 4955 latere
677 4917 730 4955 suo
744 4900 822 4956 alam
837 4900 896 4957 albi
949 4903 1029 4959 tione
1054 4902 1151 4958 divina
1179 4905 1313 4967 testator,
1342 4901 1458 4957 dicans:
1487 4901 1529 4956 Et
1550 4899 1668 4956 rust-ulit
1695 4917 1741 4956 me
1765 4900 1797 4956 in

56 4988 155 5044 coloris
176 4987 263 5044 behet
285 5005 410 5060 quarum
432 4987 556 5045 latitudo
581 4988 794 5060 longitudinem
819 4990 894 5061 ejus·
946 4991 1053 5064 spiritu
1077 4990 1108 5046 in
1135 4991 1260 5046 montem
1280 5005 1417 5062 magnum
1449 4992 1477 5043 et
1498 4989 1601 5057 altum,
1624 4992 1652 5044 et
1674 4988 1798 5044 ostendit

57 5077 118 5132 dem
129 5076 263 5148 imaginis
276 5083 408 5149 superst;
426 5077 481 5133 hcc
496 5082 541 5133 est
566 5077 644 5150 quod
660 5082 689 5132 et
702 5077 732 5132 in
747 5078 896 5150 prosperis
947 5079 1021 5137 mihi
1033 5078 1317 5136 aindotemsnnelnm
1333 5077 1525 5135 Hierusalem
1539 5077 1798 5134 demmadentemde

56 5165 260 5222 stinadversis
284 5167 321 5222 ad
342 5167 478 5222 sudorem
495 5166 568 5238 justi
586 5165 694 5222 laboris
722 5182 753 5222 se
776 5168 895 5239 conjun·
948 5168 1016 5224 ceto
1031 5168 1181 5224 habentem
1200 5167 1366 5224 claritatem
1389 5169 1440 5222 Dei
1455 5165 1558 5238 (Aper.
1583 5167 1653 5238 xxi).
1669 5166 1797 5220 floctale

55 5254 191 5326 gentibus,
207 5254 258 5310 illa
273 5255 366 5312 virtus
385 5256 595 5328 protectionem
608 5272 668 5311 suae
683 5255 895 5312 candidissimae
948 5263 1010 5314 est:
1026 5258 1150 5329 Spiritus
1168 5259 1260 5314 elevat
1287 5255 1431 5329 spiritum.
1447 5254 1621 5321 Quomodo?
1642 5256 1674 5311 ln
1690 5254 1795 5310 virtute

55 5342 182 5401 bonitatis
202 5344 368 5413 extendens,
394 5345 461 5417 plus
486 5345 517 5402 in
540 5345 694 5402 latitudine
714 5345 896 5418 expansionis
948 5361 1001 5402 sua
1029 5345 1153 5418 Spiritus
1182 5351 1296 5402 saumas
1328 5344 1417 5402 trahit
1445 5343 1571 5400 hominis
1601 5347 1730 5400 mentem
1762 5343 1798 5400 de

56 5448 113 5489 sue
130 5448 215 5504 mam
235 5432 364 5505 possidet
382 5433 415 5489 in
434 5432 573 5491 charitate
593 5449 785 5505 supernorum
805 5438 893 5504 tenet,
946 5435 1077 5508 pondere
1100 5435 1204 5502 carnis,
1228 5439 1261 5490 ut
1285 5433 1375 5506 possit
1392 5433 1489 5490 volere
1515 5431 1672 5512 invisione
1700 5433 1796 5490 conlo·
