3984 6034
163 177 247 262 'rosa
912 201 941 258 s.
960 146 1197 262 nummisma
1866 205 1936 262 roas

176 343 245 400 bam
259 341 304 400 sul
318 347 346 399 et
361 340 473 399 comitis
492 339 680 414 Heginhardi,
702 339 832 398 deutrum
853 355 918 396 crus
933 355 1037 412 agenn
1059 339 1134 396 inira
1153 355 1245 414 usque
1268 339 1304 398 ad
1327 339 1431 413 pedem
1455 341 1597 398 exclusiva
1611 341 1647 403 de
1661 357 1785 414 corpore
1808 343 1841 401 S.
1869 341 1934 398 ltu·

176 415 252 486 perti
263 414 353 480 ducis,
368 414 513 487 integram
529 429 596 469 cum
608 419 674 468 cute
693 416 725 468 et
744 411 920 477 carnibus,a
940 413 969 466 e.
996 410 1167 483 hildegarda
1191 419 1221 470 at
1246 417 1306 468 tota
1326 413 1390 483 ejus
1404 413 1628 539 congregatione
1651 419 1817 470 sanctarum
1831 415 1931 485 virgi·

175 503 246 542 num
262 486 397 550 obtinuit,
413 491 523 542 etcum
539 500 642 556 magna
657 483 817 539 reuerentia
828 487 856 538 et
871 484 981 538 honore
1000 482 1035 538 ad
1055 499 1140 538 suum
1160 483 1366 542 monasterium
1381 483 1460 554 Span
1482 485 1610 541 simonae
1632 485 1790 542 introduxit
1814 502 1822 540 c
1844 485 1933 557 quod

175 573 267 628 usque
280 557 310 612 iu
325 557 497 614 hodiernum
510 556 586 611 diem
606 555 751 624 integrum
765 553 914 610 habemns.
935 555 1001 609 lloec
1015 553 1198 623 Trithemius,
1215 553 1266 628 qui
1281 553 1382 611 eadem
1405 555 1559 628 aliquando
1581 557 1756 612 contractius
1777 555 1870 612 relert
1898 557 1928 610 in

176 629 308 686 Chronico
322 629 538 697 spanheimmsi
549 626 598 680 sed
614 626 648 681 ad
664 640 773 680 aunum
791 627 869 680 ίί50.

212 703 238 752 5.
262 698 351 767 liujus
369 699 466 755 Sancti
490 698 625 752 recitatur
648 696 774 751 osticium
799 693 1022 759 ecclesiasticum
1043 694 1096 751 snb
1121 695 1175 750 ritu
1195 695 1302 776 duplici
1330 695 1471 751 lonschii
1487 695 1525 751 iu
1546 696 1666 765 callepio
1682 696 1832 754 societatis
1845 698 1930 758 lesu.

177 768 466 834 obsecrasejusdem
483 768 629 839 reliquias,
658 782 722 839 quae
738 765 845 822 ibidem
867 768 1059 831 asservantur,
1076 765 1184 821 scilicet
1205 783 1288 848 spina
1314 765 1392 822 dorsi
1414 767 1473 822 sive
1498 767 1629 839 ejusdem
1656 783 1760 840 magns
1776 784 1846 840 pars
1870 784 1931 824 un·

175 842 286 895 clarium
301 839 445 907 undecim,
459 840 528 894 item
543 839 622 892 aliud
636 852 668 892 os
684 840 715 893 ί3
730 859 744 886 u
760 837 919 892 unciarum.
938 836 1032 892 »Alia
1046 836 1153 892 ibidem
1168 837 1251 892 lectio
1267 837 1406 892 habuit·
1436 837 1571 908 Daspina
1588 839 1676 903 dorsi,
1696 855 1807 894 oscum
1836 855 1927 894 carne
1973 859 1974 902 ς

176 910 311 966 undecim
336 911 496 964 unciarum.
528 930 541 959 a
565 910 607 964 lta
627 909 660 962 ad
685 925 739 963 nos
754 907 865 979 scripsit
881 910 896 960 ὃ
911 907 987 963 lunii
1003 923 1079 962 anno
1096 908 1164 962 toul
1183 908 1283 964 Simon
1301 908 1378 973 llair,
1395 907 1543 963 Societatis
1557 910 1624 964 lusu
1647 909 1780 964 sacerdos
1804 913 1837 963 et
1864 911 1927 966 llo·

176 983 270 1036 uacirii
288 987 355 1035 tuuc
370 983 522 1052 praelectus
545 979 686 1044 Ecclesiae,
701 983 731 1034 at
745 984 844 1049 postea
866 993 1013 1034 successor
1032 978 1095 1049 ejus
1115 979 1254 1034 Maximus
1275 979 1389 1034 Pouzen
1413 979 1448 1034 ad
1473 995 1526 1034 uos
1550 979 1628 1034 misit
1651 980 1855 1035 testimonium
1871 997 1926 1034 au·

176 1052 336 1107 theuticum
350 1052 385 1107 de
399 1050 484 1106 variis
494 1050 579 1121 hujus
600 1049 696 1107 Sancti
710 1049 833 1105 obtentis
848 1047 985 1120 reliquiis,
1000 1053 1029 1102 at
1043 1048 1107 1104 aliis
1128 1049 1157 1105 S.
1184 1049 1376 1120 llildegaadis,
1401 1049 1459 1104 imo
1487 1055 1516 1104 et
1534 1051 1647 1104 Barthae
1672 1050 1771 1106 matris
1794 1051 1874 1122 ejus,
1901 1056 1928 1106 et

177 1125 204 1179 S.
223 1123 341 1194 Satyrias
369 1121 531 1192 virginiset
557 1120 691 1191 martyris
717 1120 747 1174 iu
771 1119 918 1175 bavariam
948 1119 1106 1186 translatis;
1133 1135 1167 1174 ex
1196 1119 1301 1192 quibus
1325 1117 1460 1176 Societati
1483 1119 1677 1175 llouacbiensi
1705 1121 1778 1176 dates
1800 1121 1926 1176 luerunt
1973 1127 1974 1136 ¹

124 1199 131 1215 “
176 1199 242 1248 ante
261 1192 546 1264 indicatmreliquie.
575 1191 963 1264 lpsumtestimoniumpost
984 1190 1077 1260 ipsum
1101 1189 1193 1244 Vitam
1219 1191 1364 1254 inuprum
1391 1190 1503 1246 damus.
1528 1191 1560 1246 ln
1576 1189 1621 1245 bis
1637 1191 1770 1246 omnihus
1787 1194 1924 1263 agnosci-

177 1279 241 1318 mus
255 1263 400 1333 singulare
414 1263 587 1317 beneficium
602 1261 757 1317 admodum
771 1257 929 1317 Reverendi
944 1261 1036 1315 Patris
1057 1261 1256 1332 Christophori
1277 1262 1403 1328 scorrer,
1426 1261 1478 1334 qui
1502 1277 1553 1315 nos
1577 1261 1676 1317 Romae
1698 1267 1758 1318 tum
1777 1263 1926 1318 Assistens
1973 1267 1974 1302 t

176 1335 379 1390 Germauiaeet
397 1333 519 1388 vicarius
543 1331 688 1404 generalis
710 1332 790 1387 onrni
813 1347 881 1386 cum
903 1331 1083 1387 humanitate
1107 1330 1186 1397 fouit,
1216 1338 1246 1387 et
1267 1331 1362 1387 studia
1386 1337 1485 1387 nostra
1511 1333 1733 1402 promovissem
1760 1331 1801 1388 ihi
1829 1349 1922 1404 quum

176 1405 206 1459 in
220 1404 337 1460 Bavaria
356 1409 386 1460 et
399 1403 551 1460 Germania
565 1404 724 1476 superiore,
741 1418 828 1476 quam
847 1409 876 1457 et
890 1401 1074 1474 provincialis
1089 1407 1117 1456 et
1135 1401 1265 1457 visitator
1288 1402 1372 1467 rexit,
1392 1403 1433 1457 uti
1455 1408 1484 1457 ct
1504 1401 1658 1474 aliquoties
1680 1403 1836 1474 collegium
1864 1403 1922 1459 liu·

176 1473 339 1531 nachiense.

208 1548 235 1602 0.
251 1544 370 1600 Videtur
390 1543 438 1600 hic
460 1543 593 1600 addenda
617 1542 880 1600 memorialterthre
906 1542 1007 1598 matris
1031 1543 1058 1600 S.
1085 1543 1215 1611 Ruperti,
1241 1542 1318 1616 quod
1341 1541 1416 1601 infra
1438 1541 1469 1598 in
1492 1543 1565 1610 Vita,
1600 1543 1702 1599 eodem
1735 1543 1822 1600 modo
1846 1543 1921 1600 siem

173 1615 314 1673 liubertus
329 1616 491 1687 appellatur
504 1617 614 1682 Beatus,
630 1614 671 1671 ita
692 1620 721 1671 et
746 1615 848 1670 ltertba
864 1629 978 1686 semper
992 1617 1109 1669 vocatur
1123 1616 1217 1682 Beata,
1240 1630 1304 1686 qua
1333 1621 1375 1669 ast
1397 1614 1428 1669 in
1447 1613 1499 1669 litii
1522 1615 1566 1668 sui
1586 1615 1716 1685 sepulcro
1741 1615 1879 1686 deposita
1900 1622 1927 1669 et

173 1688 260 1744 simul
275 1708 290 1738 u
303 1686 444 1759 Reliquiae
465 1685 556 1758 ipsius
580 1691 609 1741 et
630 1688 661 1742 B.
688 1685 806 1758 Ruperti
828 1685 1013 1757 requiescunt
1026 1687 1056 1740 et
1079 1685 1154 1740 iulra
1168 1685 1200 1740 in
1218 1684 1411 1740 instrumento
1425 1701 1508 1810 capue
1523 1687 1635 1748 Sancta¹
1655 1685 1741 1740 titulo
1764 1685 1925 1742 honoratur

172 1763 259 1832 atque
270 1757 361 1826 lilius,
377 1762 407 1812 et
420 1758 478 1813 duo
494 1772 557 1812 ossa
572 1756 608 1812 de
623 1757 651 1813 S.
669 1758 774 1812 ltertha
789 1762 879 1810 matre
896 1778 907 1806 ι
924 1761 992 1811 snut
1006 1771 1072 1810 cum
1086 1755 1209 1812 aliorum
1224 1755 1353 1826 reliquiis
1378 1762 1457 1811 trans
1469 1760 1515 1811 ata
1539 1771 1546 1810 :
1573 1778 1583 1806 ι
1602 1755 1736 1814 Sanctam
1754 1755 1898 1812 laminam
1915 1774 1922 1810 ;

173 1829 297 1900 appellat
308 1827 481 1886 'trithemius
500 1843 507 1882 :
524 1835 553 1882 et
571 1827 602 1883 in
629 1828 692 1884 Vita
717 1827 886 1884 Germanica
912 1826 976 1893 lilii,
1003 1841 1086 1898 aque
1100 1843 1133 1882 ac
1147 1825 1209 1898 ipse
1222 1841 1288 1882 cum
1303 1825 1391 1882 radiis
1412 1826 1526 1898 depicta
1540 1831 1584 1882 est
1606 1827 1667 1898 jam
1693 1826 1728 1883 ab
1754 1843 1802 1884 au.
1843 1829 1921 1883 idat.

172 1901 295 2024 pernam
307 1899 450 1955 Artbnrus
465 1897 504 1954 du
534 1898 669 1954 ldcnstier
694 1898 724 1954 iu
750 1899 881 1970 Gpueceo
905 1913 983 1953 sucro
998 1898 1052 1953 hoc
1067 1896 1153 1952 stiam
1181 1896 1228 1953 die
1253 1897 1281 1954 S.
1308 1897 1442 1954 bertham
1469 1913 1535 1953 cum
1561 1897 1659 1954 debito
1687 1899 1820 1954 encomio
1848 1899 1923 1952 cele·

194 1977 247 2025 rat.

744 2206 1084 2310 INCIPIT
1138 2207 1358 2309 VITA.

455 2463 568 2519 carm
589 2461 732 2520 l'lllllUll.
1036 2459 1128 2515 abus
1148 2459 1177 2514 in
1192 2459 1305 2532 magnis
1319 2459 1424 2516 divitiis
1444 2465 1546 2530 ortam,
1574 2462 1628 2518 sihi
1644 2462 1675 2519 iu
1700 2463 1922 2520 matrimonium

173 2572 205 2626 Β,
234 2569 339 2625 aarum
370 2569 571 2637 eonjupmmet
593 2570 724 2625 paduam,
739 2571 855 2638 puppup
878 2571 930 2639 pia
957 2583 1021 2638 W.
1076 2548 1234 2619 conjunxit.
1258 2549 1294 2604 lix
1314 2548 1454 2620 quadum
1470 2549 1570 2618 liliam,
1587 2555 1708 2608 matrem
1724 2552 1836 2608 scilicet
1851 2554 1926 2609 beati

367 2642 437 2695 ritio
453 2656 460 2694 ε
475 2640 666 2709 effectuserpo
680 2655 823 2710 pauperes.
1075 2635 1201 2704 llohcrti,
1226 2635 1385 2704 habuisset;
1411 2637 1504 2708 ipsam
1530 2638 1658 2695 adultum
1691 2656 1805 2713 pagano
1834 2647 1863 2697 et
1887 2649 1926 2714 ty·

213 2731 235 2782 ί.
252 2729 371 2784 Rectum
386 2728 541 2784 llobertum
556 2729 632 2784 Deus
654 2729 685 2785 iu
710 2728 834 2784 infantia
856 2733 950 2784 totum
970 2743 1022 2782 sua
1076 2740 1167 2780 ranno
1183 2725 1307 2793 cuidam,
1324 2725 1416 2782 nobili
1430 2731 1527 2781 tameo
1552 2733 1581 2781 et
1595 2727 1661 2783 duci
1688 2729 1848 2786 secumdum
1873 2749 1925 2786 sae·

173 2817 266 2888 gratia
288 2817 426 2888 pertudit,
452 2822 493 2872 et·
509 2817 544 2873 ad
569 2820 678 2874 bonum
693 2817 783 2874 linem
798 2817 950 2890 perduxit3
970 2817 1021 2890 qni
1076 2813 1132 2869 culi
1148 2813 1329 2886 dignitatem,
1346 2814 1477 2870 Roboldo
1499 2814 1587 2884 dicto,
1611 2832 1675 2872 cum
1702 2817 1795 2873 adbuc
1820 2819 1926 2891 pagani

172 2907 266 2961 clarus
284 2921 390 2976 genera
404 2916 433 2960 et
444 2904 550 2961 divitiis
564 2907 672 2975 soeculi,
689 2923 742 2978 por
754 2906 955 2967 liberalitatem
970 2906 1021 2962 be·
1076 2905 1103 2958 et
1120 2901 1275 2959 Christiani
1289 2908 1407 2975 propter
1427 2903 1624 2960 rudimentum
1651 2921 1725 2961 vera
1751 2907 1821 2962 tidei
1841 2908 1927 2962 sirum

174 2993 345 3050 nedictionis
362 2994 425 3061 liei,
447 3010 531 3048 cerus
554 2996 613 3050 lieo
626 2995 722 3050 existit
738 2995 805 3067 (aa).
834 2997 916 3063 Nam,
938 3000 971 3050 ut
992 2994 1021 3048 iu
1077 2990 1245 3060 habitarent,
1266 2990 1360 3062 gloria
1373 2991 1501 3064 conjugii
1526 2993 1696 3048 solemniter
1711 2995 1881 3062 amuciavit;
1900 3003 1928 3048 et

173 3097 239 3137 vera
252 3081 359 3136 visione
383 3082 479 3149 video,
504 3082 603 3137 beatus
625 3088 765 3155 patronus
789 3090 888 3139 noster
914 3082 1021 3140 liuber-
1077 3079 1184 3150 predia
1206 3095 1268 3146 sua,
1290 3095 1355 3152 quea
1374 3079 1449 3134 eirca
1463 3079 1597 3136 Rhenum
1619 3079 1650 3136 in
1671 3081 1767 3153 Plagis
1789 3081 1925 3145 habehat,

175 3175 230 3236 tus,
244 3175 324 3242 petro
336 3186 387 3225 suo
412 3169 539 3235 orbatus,
564 3186 630 3227 cum
647 3176 738 3227 matre
756 3189 808 3228 sua
834 3173 865 3228 in
889 3173 1021 3228 hocloco
1076 3167 1171 3222 eidem
1187 3167 1254 3225 lllire
1268 3183 1327 3223 suas
1342 3165 1372 3224 in
1384 3167 1480 3224 dotem
1498 3169 1636 3237 contulit;
1652 3176 1795 3242 quatenus
1816 3171 1857 3226 ol»
1870 3172 1926 3226 etc-

173 3257 280 3325 viuans,
296 3262 326 3313 et
336 3257 473 3328 operibus
493 3257 578 3314 bouis
604 3258 755 3327 insudans,
772 3277 805 3316 aa
817 3261 875 3318 lieo
890 3261 921 3316 iu
938 3260 1020 3316 casti-
1075 3257 1203 3328 gantiam
1219 3257 1333 3328 generis
1349 3256 1404 3322 sui,
1422 3261 1449 3311 et
1462 3255 1498 3312 oh
1514 3257 1737 3328 amplitudinem
1747 3259 1924 3330 praediorum

174 3350 242 3413 tate,
258 3345 420 3400 humilitate
444 3351 474 3401 et
494 3347 644 3402 sanctitate
658 3348 793 3416 serviens,
818 3362 885 3403 cum
907 3347 1022 3403 caducis
1076 3360 1204 3413 snorum,
1220 3345 1297 3402 idem
1311 3343 1459 3401 liuboldus
1472 3345 1509 3400 ad
1524 3345 1719 3401 Christianum
1735 3363 1845 3403 nomen
1864 3349 1925 3418 cogi

176 3439 204 3490 et
220 3432 429 3506 temporalibus
443 3439 551 3490 caleam
566 3437 685 3508 premia
708 3442 851 3492 mercatus
872 3441 925 3492 est.
942 3435 1022 3492 Sicut
1075 3439 1190 3506 posset:
1207 3433 1284 3506 quod
1300 3438 1398 3488 tamen
1414 3432 1485 3489 nihil
1500 3434 1618 3505 proluit.
1639 3433 1694 3499 Qui
1708 3435 1779 3490 dum
1802 3451 1871 3491 cum
1894 3453 1925 3490 ca

176 3521 252 3578 enim
276 3522 374 3578 vivens
398 3523 1022 3582 lumeniuveraiisionemihiostenditet
1075 3539 1127 3594 per
1153 3522 1271 3595 aliquod
1310 3526 1423 3595 tempus
1451 3521 1634 3580 laudabiliter
1664 3523 1790 3592 uixisset,
1825 3533 1925 3596 pastea

175 3627 222 3666 me
236 3611 346 3681 docuit,
358 3609 444 3667 sicde
458 3612 521 3684 ipso
537 3614 651 3686 loquar.
669 3616 836 3687 Ubicunque
862 3614 962 3686 opinio
976 3629 1022 3668 re·
1075 3611 1210 3667 honestos
1229 3626 1324 3666 mores
1342 3610 1432 3682 ipsius
1447 3610 1555 3680 ridens,
1580 3613 1706 3685 graviter
1729 3613 1812 3680 tulit,
1843 3629 1878 3670 ec
1898 3631 1926 3668 sc

176 3716 216 3755 rre
234 3699 393 3755 sanctitatis
406 3700 471 3767 fuit,
494 3700 534 3756 ibi
554 3703 688 3759 sanctitas
703 3707 778 3758 stare
800 3708 830 3758 et
852 3718 1021 3775 permanere
1077 3698 1178 3754 alianis
1193 3696 1362 3753 mulieribus
1374 3699 1562 3771 conjungens,
1576 3700 1722 3756 nonillam
1733 3705 1831 3756 tanam
1848 3717 1927 3757 ruore

175 3789 224 3844 diu
251 3786 374 3859 potuit:
402 3789 566 3863 ubicunque
587 3797 684 3847 autem
707 3808 775 3847 rara
800 3792 935 3847 sanctitas
959 3806 1019 3846 non
1074 3785 1204 3858 conjugii
1219 3785 1354 3854 deseruit,
1376 3787 1424 3842 sed
1440 3787 1621 3860 tyrannidem
1636 3788 1795 3844 incredulus
1820 3791 1926 3845 mentis
1973 3827 1974 3856 ,

174 3874 240 3944 luit,
256 3876 609 3936 ihimcndaciumdurara
624 3879 675 3936 diu
690 3896 750 3936 non
764 3881 867 3953 potuit.
880 3881 914 3937 ln
935 3879 1020 3936 beato
1073 3888 1188 3945 gerens,
1204 3873 1380 3945 baptismum
1408 3889 1466 3930 non
1487 3874 1602 3931 amavit.
1621 3876 1700 3931 Unde
1716 3875 1799 3932 mata
1816 3879 1924 3934 mulier

174 3971 272 4020 autem
299 3965 423 4020 lloberto
446 3981 510 4020 rora
525 3957 752 4036 sanctitas'tuit,
775 3968 1020 4040 quemadmodum
1076 3963 1136 4018 haec
1150 3963 1231 4018 valde
1245 3961 1425 4018 cruciabatur
1443 3961 1474 4019 in
1488 3963 1572 4018 corde
1595 3979 1659 4032 suo,
1683 3965 1740 4020 Dec
1757 3981 1875 4032 vorens,
1897 3973 1927 4020 ut

174 4051 271 4106 divina
292 4051 425 4122 majestas
445 4057 545 4124 aperte
565 4054 699 4121 ostendit,
716 4070 781 4110 cum
797 4071 854 4123 me,
882 4056 1020 4128 quasdam
1075 4051 1099 4106 si
1113 4050 1148 4106 ab
1163 4051 1212 4105 illo
1228 4051 1408 4120 liberaretur,
1423 4051 1550 4108 thalamo
1564 4052 1749 4109 alteriusviri
1763 4071 1825 4110 nou
1842 4072 1922 4111 assu-

175 4154 287 4194 sorores
300 4154 423 4206 mecum,
438 4140 472 4196 ad
489 4142 584 4197 locum
602 4143 793 4215 reliquiarum
807 4145 871 4216 ejus
892 4160 945 4216 per
960 4161 1019 4200 ma·
1075 4137 1219 4194 ciaretur:
1237 4141 1266 4192 et
1287 4137 1323 4193 oh
1350 4138 1403 4193 hoc
1427 4138 1513 4196 etium
1537 4139 1677 4212 suspiriis,
1700 4142 1848 4212 lacrymis,
1865 4161 1925 4198 ora-

175 4243 266 4298 gnum
279 4227 451 4283 miraculum
464 4245 636 4302 magnarum
657 4231 800 4288 visionum
815 4233 972 4302 transtulit,
990 4241 1022 4288 ut
1075 4227 1203 4283 tionibus
1219 4243 1251 4282 ac
1265 4227 1456 4298 eleemosynis
1473 4227 1645 4284 sacrificium
1659 4230 1754 4286 laudis
1770 4232 1829 4287 lieo
1854 4233 1923 4288 otle-

174 4314 308 4370 omnihus
321 4315 504 4372 cernentibus
517 4322 545 4373 et
557 4318 629 4374 scira
642 4319 805 4376 volentibus
819 4326 948 4393 apparet.
999 4355 1006 4368 ·
1075 4332 1141 4373 reus
1158 4315 1284 4386 dicebat;
1307 4316 1344 4372 01
1368 4315 1399 4372 ol
1430 4318 1545 4389 quando
1573 4317 1719 4374 liberabor
1742 4319 1778 4374 de
1799 4337 1924 4392 occupa-

212 4405 239 4457 t.
256 4404 419 4475 Paterergo
437 4406 536 4460 matris
552 4408 583 4461 Β.
600 4407 717 4463 lloherti
734 4408 770 4464 de
790 4409 847 4479 (30)
871 4409 1020 4465 Lotharin·
1075 4407 1152 4462 tium
1168 4406 1263 4462 saculi
1278 4407 1373 4478 hujus,
1390 4421 1454 4478 quae
1468 4407 1574 4463 animae
1587 4423 1658 4464 meae
1673 4415 1702 4464 et
1719 4409 1835 4482 corpori
1862 4427 1924 4466 meu

173 4491 221 4562 gia
240 4491 380 4547 oriundus
406 4492 514 4549 ibidem
538 4495 671 4567 princeps
694 4495 811 4563 exstitit,
829 4501 858 4551 et
884 4513 1021 4568 magnam
1075 4509 1190 4564 amarus
1212 4509 1309 4550 carcer
1328 4496 1390 4550 esti
1421 4495 1459 4550 lia
1482 4495 1684 4553 benevolentia
1708 4503 1805 4554 autem
1831 4499 1923 4554 heatae

122 4596 125 4605 ⁴
173 4579 356 4636 latitudinem
383 4582 559 4653 praediorum
582 4601 615 4640 ac
636 4584 812 4654 diuitiarum,
843 4585 874 4641 in
903 4587 1021 4657 regione
1076 4583 1185 4639 ecrthe
1202 4583 1295 4656 magis
1317 4599 1404 4656 quam
1429 4584 1465 4640 de
1492 4585 1642 4642 sanctitate
1669 4588 1731 4658 eJ'us
1753 4587 1922 4660 loquamur.

172 4665 330 4723 arduitatis
344 4684 403 4723 suoe
418 4675 447 4724 et
471 4669 501 4725 iu
525 4671 588 4726 aliis
611 4671 836 4746 circumquaque
851 4673 957 4746 positis
974 4689 1019 4728 re·
1075 4676 1105 4727 ut
1117 4673 1206 4741 picria
1220 4673 1251 4726 iu
1271 4673 1383 4728 eccelsia
1407 4675 1470 4739 lieo,
1489 4679 1516 4729 et
1537 4678 1566 4729 iu
1582 4680 1657 4730 terra
1680 4691 1741 4746 pcc
1766 4677 1922 4732 luminibus

173 4752 316 4825 sionibus,
332 4757 449 4812 sturca
474 4758 584 4815 lluenta
607 4759 699 4817 Rheni
723 4762 754 4817 in
778 4761 876 4833 Pingis
899 4761 1019 4829 babens,
1078 4761 1151 4815 boue
1174 4761 1321 4816 uoluntatis
1345 4760 1382 4817 sit
1400 4761 1477 4831 (luc.
1503 4778 1532 4826 u,
1558 4764 1611 4832 lt).
1636 4765 1707 4820 llam
1725 4763 1790 4835 ipsa
1804 4769 1922 4821 undem

173 4858 295 4916 maguus
316 4860 349 4899 ac
371 4846 539 4902 nominatus
559 4848 636 4906 inter
648 4850 793 4922 principes
818 4851 918 4906 seculi
933 4851 1021 4906 hahe-
1074 4849 1167 4907 tilium
1185 4851 1317 4924 concepit
1342 4855 1370 4908 ct
1388 4851 1511 4924 peperit,
1528 4857 1556 4908 et
1573 4853 1597 4907 si
1609 4853 1703 4908 dicere
1719 4853 1828 4926 liceret,
1854 4871 1922 4926 pun·

172 4932 265 4990 batur.
290 4933 345 4999 Qui
369 4949 434 4990 vera
457 4936 620 4993 Catholicae
644 4937 778 5009 existens,
795 4939 826 4996 in
839 4939 1021 5012 temporibus
1076 4939 1229 5006 mallium,
1246 4939 1375 4997 utbeata
1400 4941 1451 4997 lici
1470 4939 1594 5014 genitrix
1609 4941 1696 5008 ilaris
1708 4941 1801 4999 tilium
1823 4959 1920 5010 suum,

172 5020 355 5096 imperatoris
368 5023 463 5094 llagoi
488 5025 582 5082 Caroli
605 5027 724 5096 claruit;
748 5029 944 5102 puellamque,
959 5046 1021 5086 ma·
1041 5027 1204 5104 qiurolvit.
1221 5028 1310 5101 Cujus
1322 5034 1413 5102 peter,
1428 5031 1555 5102 plurima
1569 5031 1661 5104 gloria
1677 5031 1784 5100 seculi,
1800 5037 1833 5088 ut
1848 5048 1920 5105 pre·

171 5113 245 5166 trem
261 5111 394 5168 uidelicet
408 5113 501 5169 beatae
517 5115 642 5181 Berthre,
656 5131 690 5172 ax
702 5117 871 5191 longinquis
890 5118 1020 5189 regioni·
1078 5118 1168 5174 latum
1183 5121 1236 5185 ast,
1250 5120 1372 5192 pollens,
1387 5119 1418 5176 in
1435 5126 1534 5177 monte
1554 5120 1618 5188 illo,
1644 5121 1695 5193 qui
1717 5120 1820 5177 Lubuu
1849 5121 1923 5178 dici·

210 5269 269 5338 (tt)
282 5271 354 5328 llinc
366 5270 467 5344 incipit
480 5271 654 5330 trithemius
668 5275 771 5331 Vitam
1076 5273 1138 5345 ejus
1150 5273 1224 5330 lacte
1238 5279 1280 5331 est
1294 5274 1370 5331 iuter
1384 5275 1516 5331 carolum
1532 5275 1650 5332 Calvum
1671 5279 1700 5331 ct
1722 5275 1921 5333 Ludouicunm

196 5343 265 5420 Ι(30)
286 5343 395 5398 Nomen
420 5344 611 5417 lotharingiae
634 5351 733 5416 postea
748 5349 860 5414 natum,
879 5363 912 5403 ac
934 5346 1020 5403 initio
1076 5361 1174 5416 regem
1189 5350 1308 5417 patruos
1323 5346 1398 5418 ejus,
1417 5350 1446 5402 et
1462 5345 1529 5401 huic
1543 5351 1612 5402 tuuc
1634 5351 1815 5402 accesserunt
1835 5347 1924 5421 ltingt

174 5411 282 5466 dictum
309 5414 440 5486 Regnum
467 5415 602 5486 botharii,
625 5417 713 5488 vulgo
740 5417 933 5488 hother-rijclr.
955 5421 1023 5475 Post
1076 5421 1105 5472 et
1118 5415 1213 5472 vicina
1227 5417 1301 5472 loca.

173 5481 255 5551 cujus
269 5482 394 5538 bethurii
408 5485 483 5555 regis
507 5485 630 5553 obitum,
660 5503 738 5544 anno
753 5491 805 5544 070
819 5487 919 5544 divisio
939 5489 1022 5560 regni
1973 5549 1974 5582 ,
