3984 6034
98 245 167 298 itur
660 241 942 302 rursm-tta.
961 241 998 312 ti,
1019 241 1064 298 uh
1083 241 1280 300 cthuhttrts
1775 245 1842 299 itii)

95 377 201 434 herbas
215 382 245 434 et
262 377 445 434 condimenta
457 377 554 446 addat,
569 381 599 434 et
612 375 707 433 caiore
722 393 755 433 ac
773 375 941 433 iortitudine
959 379 1120 444 Acncturn,
1136 373 1186 431 sud
1207 389 1273 430 curu
1296 373 1465 446 impositum
1480 375 1570 444 bibat,
1586 381 1615 432 ut
1632 375 1712 448 jecor
1726 375 1840 434 curabi-

97 483 151 522 suu
168 467 352 540 putredinem
367 467 497 539 ejusdem
514 467 622 523 doloris
635 467 737 522 auiert.
755 465 826 522 Num
837 466 862 521 si
881 463 945 520 aiiis
999 468 1047 520 tur
1061 464 1110 536 (1).

99 555 197 612 berbis
214 561 244 612 et
257 556 449 612 condimentis
467 571 527 612 uon
546 555 721 624 condiretur,
735 555 835 610 eadem
851 555 946 609 uicena
1110 552 1175 620 Cer.
1195 550 1326 608 CCXXX.
1346 579 1381 592 -
1400 551 1441 607 Dr
1459 551 1571 608 Puronra
1593 553 1638 621 [ti‚
1661 555 1730 624 1711

96 645 268 702 fortitudine
279 660 331 700 sua
349 645 519 717 perforaret,
535 661 588 700 nec
600 661 635 700 ea
649 648 772 712 sanarat,
786 644 810 698 si
822 643 947 716 desuper
1034 641 1146 698 Piionia
1160 641 1265 712 inigids
1279 643 1332 696 usi.
1352 641 1444 696 iiorno
1458 646 1555 696 antem
1569 641 1619 713 qni
1634 647 1745 716 uguttu
1759 657 1842 714 para-

97 744 266 806 poneretur.
285 733 340 791 Sed
353 739 383 790 et
400 734 451 806 qui
464 734 575 804 iepram
598 733 629 789 in
643 749 673 789 se
694 733 792 800 babet,
813 735 946 790 eamdem
999 730 1067 803 lysis
1090 730 1256 803 frequenter
1278 729 1425 805 fatigatur,
1452 744 1503 784 scu
1525 730 1696 798 concutitur,
1718 730 1842 788 radicem

97 824 219 880 barbam
234 823 298 878 aliis
312 823 394 879 bonis
408 822 504 878 hurbis
517 827 547 878 at
559 822 715 894 pigmentis
729 822 854 890 condiat,
866 827 894 878 et
905 821 947 877 sic
999 818 1117 892 piiuuioe
1133 819 1247 875 modice
1259 817 1362 874 tundat
1381 822 1410 873 et
1428 816 1494 872 rino
1509 817 1649 890 imponat,
1670 819 1783 875 atinde
1801 835 1843 874 ra·

98 915 208 985 iepram
224 913 355 984 inungat,
380 917 409 967 et
428 913 524 967 raiora
544 918 573 968 ut
587 911 756 967 fortitudine
776 927 828 965 sna
843 917 946 982 putre·
999 923 1097 980 porum
1112 907 1227 976 haheat,
1243 911 1272 961 ai
1283 906 1317 961 ad
1335 909 1458 974 noctem,
1474 921 1540 962 cum
1555 921 1585 960 su
1606 907 1734 976 cuiiocut,
1752 906 1842 974 bibat,

98 1000 436 1073 dinemejusdemleprae
447 1001 560 1068 minuit,
581 1000 662 1072 iapra
684 1001 881 1073 cujuscunque
892 1016 945 1071 ge-
1000 1002 1028 1054 et
1042 995 1282 1054 meiiushabsbit.

101 1090 181 1145 ueris
195 1089 242 1145 sit.
256 1090 400 1162 thymum
419 1105 486 1145 curu
498 1095 576 1145 terra
591 1089 721 1146 radicum
738 1089 801 1161 ejus
814 1089 945 1160 accipiat,
1106 1087 1170 1143 Gar.
1192 1085 1334 1144 ccxxvi.
1355 1114 1389 1126 -
1408 1085 1448 1140 Dc
1467 1085 1574 1140 Rsssnr
1595 1084 1642 1152 [ii,
1664 1085 1735 1154 itit.

99 1183 128 1235 et
161 1180 230 1252 igne
256 1179 366 1235 iarreru
383 1177 480 1246 iaciat,
501 1183 530 1234 et
551 1195 605 1251 per
622 1178 685 1234 brec
699 1194 794 1234 assum
811 1178 945 1234 brincam
1033 1177 1132 1234 flureio
1155 1173 1340 1246 repentinum
1362 1173 1486 1228 colorem
1515 1171 1609 1228 habet.
1634 1171 1711 1228 Etsi
1733 1187 1844 1228 vermes

99 1266 155 1322 sibi
177 1272 268 1340 paret,
295 1273 325 1323 et
347 1268 435 1323 ctiam
454 1268 587 1340 thymum
615 1282 681 1323 cum
704 1266 759 1322 sibi
781 1266 945 1321 adiroerentu
999 1270 1186 1320 unicornem
1209 1261 1335 1319 bominis
1358 1262 1402 1316 rei
1430 1261 1543 1332 pecoris
1569 1260 1736 1330 comedunt,
1761 1275 1844 1316 succo

97 1355 223 1412 terrain
237 1357 362 1412 caldario
377 1371 444 1412 cum
458 1373 535 1428 aqua
549 1361 664 1428 coquat,
678 1360 708 1412 at
720 1356 776 1412 buc
790 1355 877 1411 modo
890 1354 946 1410 sibi
998 1354 1095 1410 ruzeiae
1118 1353 1160 1408 sni
1181 1351 1329 1418 immittat,
1352 1355 1381 1405 ui
1403 1349 1463 1404 ioco
1482 1349 1524 1405 iiii
1541 1349 1592 1405 ubi
1610 1365 1720 1405 vermes
1743 1364 1843 1404 carues

99 1446 237 1502 balneum
256 1445 349 1513 iaciat,
366 1451 396 1501 et
415 1444 470 1501 huc
486 1461 562 1518 saepe
576 1450 684 1511 utatur,
705 1449 735 1500 et
752 1445 832 1499 caios·
843 1449 874 1499 et
893 1443 947 1498 sie·
999 1442 1120 1508 iaedunt,
1136 1443 1277 1514 imponet,
1293 1444 1321 1494 et
1340 1455 1387 1494 eus
1398 1439 1517 1494 omnino
1534 1437 1698 1493 mortificat.

100 1535 174 1591 citas
186 1534 317 1606 ejusdem
332 1533 430 1590 herbae
443 1551 508 1590 cum
528 1533 603 1590 sicca
616 1539 693 1589 terra
710 1533 813 1604 ignita,
828 1537 861 1588 ut
874 1547 948 1604 prce·
1113 1531 1178 1588 Cur.
1200 1529 1350 1587 ccxxvii.
1371 1557 1405 1571 -
1426 1529 1466 1583 iis
1486 1527 1577 1583 Durrn
1599 1527 1643 1594 iii,
1667 1525 1736 1591 tusi.

98 1626 192 1680 iatum
216 1629 270 1692 cst,
297 1639 401 1695 pravos
425 1623 560 1679 immoror
589 1622 705 1691 minuit,
728 1629 779 1677 aot
804 1621 861 1676 lico
888 1635 947 1676 nou
1036 1619 1124 1676 Dortb
1153 1619 1244 1674 uaiidu
1271 1622 1325 1673 est.
1351 1617 1380 1673 Si
1406 1613 1471 1688 quis
1497 1621 1592 1670 auteur
1619 1612 1791 1686 profundam
1817 1618 1864 1668 ut¹

99 1711 236 1785 piacebit.
271 1710 327 1768 Sed
356 1711 382 1766 si
408 1711 473 1783 quis
504 1729 522 1766 a
553 1711 677 1783 paralysi
712 1717 742 1766 et
772 1727 791 1765 a
825 1709 947 1766 stechedo
965 1679 986 1735 B
1000 1725 1119 1781 pravum
1144 1707 1268 1763 scabiem
1285 1707 1316 1762 in
1337 1705 1431 1776 cupita
1446 1703 1635 1770 habat‚durtb
1652 1703 1681 1758 iu
1697 1700 1846 1775 pulverum

100 1799 246 1869 fatigator,
264 1803 293 1854 et
311 1814 327 1852 n
345 1803 426 1870 peste
446 1797 506 1866 iiia,
529 1813 595 1870 qne
614 1798 746 1854 membra
760 1797 887 1854 hominis
907 1797 948 1852 ita
1000 1797 1123 1868 redigat,
1149 1802 1178 1852 et
1199 1796 1287 1851 reteri
1312 1794 1421 1851 arvium
1446 1793 1641 1861 commisceat,
1669 1793 1698 1846 et
1721 1789 1845 1846 scabiem

100 1888 212 1960 iutigat,
238 1887 321 1958 quasi
340 1887 530 1943 corrodantur
553 1892 582 1942 et
602 1887 800 1956 ooruadantur,
828 1887 948 1958 occipiat
1000 1902 1077 1959 saeps
1093 1891 1192 1957 ungat,
1209 1890 1238 1941 et
1254 1881 1434 1956 putredinem
1450 1881 1527 1936 iiiios
1543 1881 1657 1936 minuit.

99 1977 258 2032 sairiamut
275 1975 320 2032 bis
334 1982 447 2032 tantum
457 1977 556 2040 multe,
575 1980 604 2031 et
617 1983 661 2032 ter
676 1983 788 2032 tanturn
809 1975 900 2048 thymi
915 1981 947 2031 at
1106 1976 1170 2032 (iar.
1191 1971 1353 2031 ccxxviii.
1372 2003 1407 2012 -
1427 1971 1467 2026 iic
1486 1971 1578 2027 Cauno
1598 1967 1644 2036 [ii,
1667 1968 1738 2033 1161.

99 2069 188 2122 esuta
202 2071 256 2133 est,
280 2070 310 2122 ct
327 2066 359 2121 in
378 2082 455 2139 aqua
468 2071 581 2138 coquat,
595 2071 624 2122 et
637 2071 707 2122 tunc
720 2066 762 2121 eis
785 2065 947 2121 hirczinum
1035 2065 1127 2122 Cardo
1141 2063 1234 2120 calida
1249 2065 1301 2117 est.
1318 2060 1372 2118 Sed
1383 2061 1471 2115 humo
1488 2059 1537 2131 qui
1552 2073 1696 2115 vencnum
1711 2055 1844 2112 comede·
1914 2079 1916 2086 a

101 2170 202 2226 sepum
222 2153 318 2224 addat,
342 2159 371 2210 et
392 2154 439 2210 bis
454 2160 568 2210 tuntum
593 2157 699 2210 vetaris
714 2155 832 2223 arrium,
856 2161 886 2211 ct
906 2154 947 2210 sic
1000 2154 1037 2211 rit
1052 2159 1101 2210 aut
1116 2153 1231 2219 biberit,
1253 2155 1339 2223 cuput
1353 2149 1441 2218 curdi,
1463 2153 1492 2204 et
1506 2147 1642 2214 radicem,
1658 2153 1687 2202 et
1699 2145 1767 2203 ioiiu
1781 2143 1846 2218 poi·

99 2249 284 2315 unguentum
297 2243 393 2313 iaciat,
404 2248 434 2300 et
445 2243 671 2316 sojuxtaissnem
683 2259 748 2298 enm
759 2258 793 2298 eo
803 2243 854 2299 ubi
867 2243 947 2299 doiet
999 2243 1117 2311 recinet,
1137 2247 1165 2297 et
1179 2241 1330 2314 pulverem
1347 2238 1436 2294 istum
1460 2239 1510 2291 aut
1530 2235 1561 2290 in
1584 2234 1648 2290 cibo
1667 2237 1759 2291 autin
1774 2239 1845 2306 poio

99 2333 381 2404 perungat,etcaior
396 2331 902 2404 suivimatcaiorusuirccumtbymi,
918 2337 947 2387 et
1000 2335 1104 2400 srrniat,
1134 2334 1163 2385 et
1181 2343 1324 2384 venenum
1347 2326 1382 2382 ab
1404 2324 1585 2402 ouflexpeiiit.
1607 2323 1642 2378 Et
1668 2324 1691 2377 si
1714 2321 1779 2396 quis
1800 2337 1847 2377 uz-

100 2437 168 2476 com
193 2443 211 2476 a
233 2422 374 2477 suavitate
393 2421 536 2478 caiuiuctae
558 2435 641 2492 aquea
659 2421 813 2492 temperati
837 2420 944 2487 addito,
999 2419 1082 2476 stecbt
1103 2419 1134 2474 in
1158 2432 1276 2490 corpore
1293 2432 1344 2471 sun
1368 2413 1465 2480 habat,
1488 2413 1622 2468 cumdem
1636 2410 1785 2484 pulvereni
1806 2425 1849 2465 re

101 2511 190 2566 otiam
217 2511 312 2567 calore
334 2510 441 2566 hircini
458 2510 521 2582 sepi
544 2515 573 2565 et
597 2510 691 2566 cuioru
714 2509 819 2566 vetoris
840 2510 947 2564 arrinre
999 2509 1076 2565 centi
1099 2506 1205 2562 arvinus
1226 2504 1421 2572 commiscent,
1443 2506 1472 2558 ct
1487 2517 1553 2557 unm
1574 2501 1626 2556 ilio
1651 2515 1681 2554 se
1705 2501 1804 2571 nugat,
1820 2503 1848 2554 et

100 2596 207 2669 injuste
221 2599 331 2656 calidus
344 2605 375 2655 et
396 2599 504 2670 iniuste
524 2598 645 2670 frigidos
665 2598 821 2655 humorum
840 2597 945 2670 praedi·
1000 2597 1157 2654 sanabitur.

100 2691 212 2744 etornm
234 2688 349 2744 doiores
365 2688 511 2744 minuunt.
529 2689 562 2744 at
573 2687 652 2744 idem
671 2693 851 2761 unguentum
867 2687 947 2759 pedi·
1166 2685 1230 2741 Cir.
1252 2682 1382 2740 CiLXXiX.
1402 2710 1437 2721 -
1456 2679 1497 2735 iir
1517 2679 1607 2734 Esoco
1628 2676 1677 2748 (1).

100 2776 180 2831 culos
194 2777 353 2834 inhomina
365 2777 528 2847 mortificat,
542 2793 608 2834 cum
623 2776 674 2833 iiio
692 2777 717 2832 si
732 2776 893 2849 inungitur.
908 2776 946 2847 (1)
1036 2773 1144 2830 Ebrius
1167 2771 1287 2846 frigidus
1307 2775 1336 2825 ut
1353 2768 1489 2826 humidos
1509 2771 1561 2832 est,
1578 2771 1606 2821 et
1625 2769 1736 2820 naturra
1751 2761 1846 2820 honri·

100 2861 129 2918 Si
144 2864 262 2935 sanguis
280 2868 310 2919 et
322 2880 398 2936 aqua
418 2864 448 2920 iu
464 2863 556 2920 oculis
569 2864 694 2933 homini,
717 2870 770 2920 aut
789 2880 850 2935 prae
868 2879 947 2918 sena·
1000 2863 1046 2919 nis
1071 2861 1242 2930 contrarios,
1270 2861 1311 2916 ita
1334 2862 1366 2915 ut
1390 2857 1412 2912 si
1432 2858 1518 2912 homo
1546 2853 1650 2928 aliquis
1677 2868 1745 2909 eum
1768 2867 1847 2908 com·

101 2956 178 3007 ctuta
188 2957 240 3007 aot
253 2967 314 3023 pra
332 2952 430 3025 aliqua
443 2951 624 3019 infirmitate,
639 2968 726 3023 supra
743 2952 864 3008 modom
879 2956 948 3007 atte-
966 2973 987 3028 ρ
1002 2953 1104 3022 ederit,
1119 2951 1311 3024 periculosum
1326 2951 1401 3003 esset
1414 2945 1466 3001 iiii.
1484 2945 1539 3001 Sed
1563 2943 1587 3000 si
1611 2943 1732 3013 aiicujus
1756 2941 1848 2997 homi-

105 3047 241 3110 nuuntnr,
257 3041 340 3096 radat
354 3042 388 3098 od
410 3040 501 3097 viride
524 3057 653 3113 gramen,
677 3046 707 3096 at
728 3040 801 3096 iliud
816 3048 874 3096 tam
897 3039 947 3096 diu
1003 3043 1046 3098 nis
1065 3045 1152 3113 caput
1171 3055 1273 3095 sonum
1289 3037 1368 3093 reiut
1389 3041 1503 3091 torrens
1520 3050 1594 3106 aqua
1613 3030 1778 3094 reddiderit,
1797 3019 1847 3085 crs-⁹

102 3129 945 3202 inspiciat,donrucuiirjusveiutiacrymandomadebunt,
1002 3131 1056 3204 piti
1082 3131 1159 3186 iilius
1187 3129 1226 3184 ita
1254 3126 1393 3200 irigidum
1421 3123 1666 3194 circumponatur,
1694 3125 1723 3176 et
1746 3119 1847 3174 meiius

103 3217 172 3290 quia
200 3217 330 3274 viriditas
357 3219 495 3289 graminis
515 3219 592 3274 iilius
610 3219 665 3276 hoc
692 3218 770 3292 quod
799 3219 830 3274 in
855 3218 947 3296 ocuiia
1001 3219 1129 3277 babebit.
1143 3221 1175 3275 111
1195 3219 1219 3273 si
1234 3216 1338 3289 aiiquis
1349 3215 1436 3271 humo
1450 3213 1482 3268 in
1497 3211 1596 3283 digitis
1614 3214 1663 3266 uui
1680 3208 1710 3264 in
1726 3207 1848 3282 pedibus

101 3307 181 3362 iiiios
196 3306 344 3363 turbidum
363 3313 406 3362 est
427 3308 530 3377 auiam,
554 3313 584 3365 et
603 3324 652 3366 cos
675 3325 765 3381 puros
786 3314 816 3364 et
836 3307 947 3364 iucidos
1002 3310 1062 3366 stris
1089 3308 1231 3364 scabiosos
1257 3321 1368 3377 ungues
1389 3302 1487 3370 habet,
1507 3299 1617 3356 irnctus
1641 3297 1739 3372 quiin
1762 3296 1847 3352 ebuio

100 3395 178 3454 iacit.
1002 3403 1161 3454 nascuntur
1173 3397 1340 3467 frequenter
1355 3394 1541 3465 superponat,
1557 3392 1586 3444 ct
1598 3387 1677 3460 liget,
1694 3391 1723 3442 ct
1736 3400 1847 3458 unguas

207 3487 271 3544 Car.
293 3486 430 3544 ccxxiv.
451 3516 482 3526 —
504 3486 546 3542 iia
563 3488 640 3544 Aron
660 3486 699 3558 (1)
721 3487 779 3554 [iii.
799 3489 838 3560 ti].
1002 3491 1052 3542 aut
1074 3483 1277 3558 purgabuntur
1296 3486 1347 3538 aut
1368 3477 1599 3546 eradicabuntur,
1620 3481 1649 3531 et
1670 3473 1711 3530 sic
1735 3473 1868 3529 111111--

136 3575 230 3633 herba
250 3576 334 3632 uioen
354 3574 449 3632 calida
467 3578 519 3630 asi.
542 3575 634 3630 iiomo
658 3580 756 3629 autem
774 3573 827 3647 qui
849 3572 949 3645 gravia
1002 3577 1163 3631 nascentur.
1864 3573 1866 3576 ’

102 3665 209 3733 ulcera,
229 3665 260 3721 id
286 3669 330 3720 est
352 3664 472 3728 scabies,
499 3664 531 3719 in
559 3679 678 3736 corpora
703 3663 801 3732 habat,
827 3661 946 3718 herbum
1151 3664 1219 3718 cnr.
1241 3659 1356 3716 CCXXX.
1378 3685 1410 3698 -·
1431 3656 1471 3711 Dc
1490 3655 1629 3711 Brsrcrscs
1648 3653 1698 3725 (5).

100 3754 185 3810 istam
215 3755 346 3826 accipiat,
370 3758 398 3810 ut
420 3754 448 3808 ai
480 3753 591 3824 aliquus
619 3752 772 3808 incisiones
795 3751 889 3807 siboia
917 3756 947 3807 et
1037 3750 1170 3807 aniiiscu
1191 3747 1296 3830 (rigida
1318 3750 1370 3802 nst.
1392 3747 1482 3802 iiornu
1499 3749 1594 3800 sutem
1614 3742 1664 3816 qui
1682 3741 1781 3812 lingua
1795 3755 1847 3796 suu

101 3843 158 3899 aiio
177 3843 290 3900 minuto
322 3843 516 3900 instrumento
539 3841 676 3915 periuret,
698 3845 726 3896 at
749 3841 780 3896 iu
804 3839 946 3897 foramina
1001 3839 1155 3915 paralysim
1172 3838 1267 3896 hahet.
1291 3835 1367 3909 quod
1387 3833 1467 3906 ioqui
1489 3849 1548 3888 non
1561 3835 1666 3904 potest,
1687 3829 1848 3886 basiiiscam

100 3931 155 3988 istu
178 3932 348 4003 prredieium
373 3947 434 3988 rous
456 3932 570 4004 infigat,
604 3937 633 3987 et
656 3929 688 3986 in
711 3944 816 4002 purum
846 3928 945 3985 vinum
1001 3930 1055 3986 sub
1068 3929 1198 3999 lingnam
1213 3940 1294 3981 sunm
1317 3928 1415 3996 ponat,
1435 3927 1464 3977 et
1485 3920 1573 3978 rerba
1588 3918 1716 3990 recipiet.
1739 3917 1794 3974 Sed
1818 3919 1848 3971 ct

101 4026 208 4091 ponat;
229 4021 279 4076 sed
299 4026 328 4076 at
343 4020 380 4076 ad
398 4021 513 4092 pondus
531 4017 643 4078 nummi
664 4019 787 4090 accipiat
800 4023 945 4074 tumorem
1001 4019 1052 4093 qui
1066 4019 1153 4074 iortes
1165 4015 1272 4086 inhies,
1288 4017 1338 4067 aot
1353 4010 1501 4081 tertianus,
1516 4015 1567 4066 aut
1581 4011 1736 4082 quartanas
1748 4005 1844 4069 habet,

100 4109 185 4165 iilum
208 4109 258 4181 qui
276 4115 325 4164 aut
340 4108 465 4180 infolio,
482 4109 749 4166 autinramuscuio
763 4107 855 4175 nucis,
868 4104 947 4163 reiut
999 4107 1161 4165 basiliscam
1184 4104 1216 4160 in
1242 4102 1308 4158 rino
1336 4104 1450 4172 coquet,
1470 4098 1556 4155 meite
1583 4095 1690 4164 addito,
1712 4099 1741 4150 et
1764 4094 1846 4162 colet,

100 4196 165 4254 iuba
185 4203 237 4253 aut
257 4197 336 4254 reiut
353 4199 416 4272 ipsa
438 4198 572 4268 intumet,
598 4203 628 4253 et
650 4198 705 4253 hoc
722 4197 753 4252 in
776 4194 946 4268 prodicium
1002 4196 1159 4270 etiajnnus
1173 4200 1202 4250 et
1222 4207 1356 4266 prnnsns,
1381 4196 1411 4245 et
1432 4189 1468 4246 ad
1490 4193 1605 4244 noctem
1626 4202 1703 4258 soepa
1717 4182 1806 4249 bibat,
1819 4186 1848 4237 at

100 4301 215 4342 ramum
231 4286 336 4355 mittat,
357 4292 387 4343 et
410 4292 469 4343 tum
490 4303 614 4361 pransus
637 4303 724 4360 quum
738 4286 864 4359 jejunus,
887 4301 946 4343 nou
964 4263 1135 4344 1'isisrosin
1151 4300 1185 4341 en
1200 4280 1357 4339 cessabunt

148 4431 172 4502 i)
191 4430 314 4503 Reliqua
330 4430 435 4486 desunt
444 4431 474 4487 in
489 4431 557 4487 edii.
1003 4429 1070 4484 Vide
1083 4442 1170 4500 supra
1184 4441 1246 4497 cap.
1257 4426 1320 4488 111,
1336 4424 1373 4477 iic
1384 4421 1511 4489 iiutltutu
1523 4420 1633 4474 minori.

146 4505 171 4569 1)
191 4502 261 4557 ilrdu
272 4502 358 4557 etium
371 4518 434 4574 cup.
453 4501 513 4569 171,
529 4517 625 4573 snpra.
1037 4500 1077 4567 (11
1098 4500 1129 4553 iu
1146 4495 1214 4552 edit.
1233 4496 1268 4559 11,
1286 4495 1345 4548 iit.
1363 4491 1448 4546 Deest
1459 4492 1488 4545 in
1501 4490 1562 4546 cod.
1578 4503 1631 4544 ms.

146 4577 174 4641 3)
193 4575 258 4629 iirec
272 4589 330 4629 nou
342 4573 518 4630 concordant
526 4588 593 4628 cum
608 4573 691 4629 initio
702 4571 831 4646 capituti.
1037 4570 1082 4642 (5)Ι
1093 4569 1144 4624 Ed.
1161 4567 1196 4634 il,
1215 4568 1274 4621 118.
1291 4564 1375 4619 Deest
1389 4562 1420 4616 iu
1439 4576 1492 4616 ms.

517 4834 825 4958 LIBER
886 4824 1428 5009 SECUNDUS.

763 5049 829 5137 Dii
863 5045 1161 5136 ELEMENTiss.

306 5245 372 5300 Cur.
391 5244 413 5298 1.
432 5273 469 5287 -
488 5244 528 5301 iis
545 5247 621 5302 Xera
641 5246 673 5316 [i‚
693 5249 732 5318 η.
1001 5240 1050 5296 nia
1061 5239 1097 5296 ad
1114 5237 1309 5296 maturitatem
1324 5237 1485 5293 coniirmut.
1497 5239 1553 5291 Aer
1567 5237 1663 5289 unium
1683 5232 1734 5305 qui
1747 5232 1847 5303 proxi·

133 5335 189 5390 Xer
209 5331 356 5403 spiramen
377 5335 420 5388 ast
438 5332 519 5404 qood
533 5333 565 5388 in
579 5348 645 5388 rore
667 5332 823 5389 humorum
839 5329 946 5402 gsrmi-
1002 5345 1066 5384 mus
1095 5326 1278 5401 dispositioni
1314 5327 1390 5382 ionae
1425 5329 1455 5380 et
1491 5324 1639 5379 sieiiarum
1672 5325 1725 5390 ort,
1754 5320 1848 5378 sideru

102 5418 381 5487 nantibusinsudut,
396 5419 528 5490 itaquod
544 5419 643 5474 omnia
660 5416 946 5492 virescunbutquod
1001 5418 1156 5482 humectat,
1189 5418 1269 5472 reiut
1292 5420 1422 5470 terrenus
1454 5429 1504 5469 aur
1527 5417 1634 5468 terram
1655 5416 1684 5466 ot
1711 5409 1847 5468 onimniin

101 5525 153 5582 per
166 5508 266 5564 ilatum
285 5508 371 5564 tiores
394 5508 499 5576 educit,
524 5508 646 5578 siquod
665 5523 717 5578 per
734 5509 857 5562 caiorem
880 5523 947 5561 unr—
1001 5506 1183 5563 rationabilia
1206 5503 1428 5578 [irrationabilia
1448 5500 1502 5574 cdi
1529 5506 1556 5556 et
1580 5500 1726 5556 sansihiiiu
1745 5516 1845 5557 secun-
