3984 6034
158 269 206 321 531
881 265 910 318 S.
930 263 1167 319 fltlbuualtttls
1854 272 1906 324 :lt-e

156 402 216 472 gat,
243 402 273 454 et
301 395 439 452 invisibili
462 395 625 452 adversario
650 411 703 451 suo
729 394 851 452 viriliter
872 395 993 451 resistat.
1018 396 1152 465 Abomo,
1174 395 1260 452 dicis:
1285 397 1343 468 Ego
1361 399 1419 451 'non
1435 381 1518 452 video
1543 397 1616 454 banc
1635 397 1814 455 oblationem
1845 415 1910 454 oar-

191 485 246 552 oui
259 491 357 542 antem
379 483 456 540 idem
484 490 694 540 sacramentum
716 484 865 555 inmutari
888 490 937 540 aut
950 483 1002 538 mi·
1058 500 1126 540 uem
1141 500 1201 539 esse
1215 491 1243 540 et
1256 483 1439 556 sanguinem,
1452 490 1483 540 ut
1503 485 1651 542 bominem
1675 502 1780 558 corpus
1795 493 1824 542 et
1844 503 1910 544 san·

155 575 218 632 nori
239 573 400 647 quantitate
421 570 594 642 percipiunt,
621 572 661 628 sic
683 573 859 644 intelligant3
885 573 953 646 quia
974 577 1003 628 et
1057 573 1175 646 guinem
1205 589 1373 629 esseoerno.
1396 575 1438 630 Ad
1468 574 1547 647 quod
1574 575 1626 630 tibi
1647 577 1823 648 respondeo:
1855 577 1912 632 Vos

158 663 208 719 ille
220 662 270 735 qui
281 661 346 735 plus
360 664 389 716 et
401 661 450 716 ille
461 660 510 732 qui
526 660 621 715 minus
639 660 742 732 accipit
755 677 842 716 unam
856 663 1003 718 eumdem·
1057 662 1166 718 vidi-lis
1196 663 1298 718 Filium
1327 679 1423 718 tuatim
1449 663 1478 717 in
1501 680 1622 736 corpore
1648 665 1729 719 etin
1752 665 1907 734 sauguine,

158 769 215 826 que
247 751 306 808 vim
339 750 510 822 percipiunt,
539 749 678 822 quoniam
709 751 763 805 hoc
792 757 1003 807 sacramentum
1057 752 1208 808 mortalem
1225 751 1256 808 in
1286 757 1377 807 terra:
1404 753 1454 823 qui
1482 769 1558 807 nuuc
1581 753 1751 808 immortalia
1777 754 1807 809 iu
1834 755 1909 808 roelo

158 857 217 897 non
239 839 271 895 in
293 837 464 912 quantitate,
487 837 586 893 sedin
608 837 757 892 sanctitate
782 843 834 907 est,
862 843 893 894 ut
911 839 1003 912 perci·
1058 843 1110 907 est,
1136 845 1165 896 et
1189 840 1255 896 ideo
1283 840 1480 911 corporalibus
1504 840 1593 896 oculis
1607 857 1673 896 eum
1702 841 1785 897 modo
1810 843 1908 897 videre

158 929 271 1003 pientes
299 926 456 983 secundum
489 926 576 982 ildetn
617 926 746 998 ipsorum
779 929 877 994 salvat,
904 935 938 984 ut
968 929 1004 984 de
1059 945 1118 984 tion
1140 929 1266 1002 potestis,
1294 944 1347 984 nec
1375 927 1621 1001 etiamquornodo
1642 945 1709 984 caro
1738 935 1768 984 et
1790 930 1910 1002 sanguis

158 1033 264 1074 manna
279 1015 318 1072 sic
334 1015 543 1086 scriptumest:
564 1015 758 1087 Fecerunlque
773 1015 1002 1086 itafiliilsrnel,
1059 1017 1121 1088 ejus
1148 1017 1180 1072 iu
1219 1017 1303 1072 altari
1335 1021 1533 1085 consecretur;
1565 1017 1644 1090 quod
1682 1025 1907 1076 sacramentum,

159 1109 188 1161 et
199 1104 385 1177 collegerunt,
401 1102 479 1159 olitis
489 1103 556 1176 plus
570 1102 648 1158 nlius
662 1109 770 1171 mines,
793 1107 822 1158 el
835 1104 1005 1161 mersissent
1058 1110 1177 1177 proptor·
1204 1104 1325 1176 gloriam
1346 1105 1501 1160 sacerdotis
1529 1104 1569 1160 ibi
1584 1121 1641 1160 non
1660 1105 1700 1173 iit,
1727 1105 1775 1160 sod
1789 1112 1910 1177 proptor

159 1194 199 1251 aa
213 1209 379 1249 merueram
392 1207 501 1265 pomer.
524 1193 582 1247 Nec
595 1190 890 1265 quipluscolleqerot
902 1191 1005 1250 babuit
1059 1193 1179 1266 gloriam
1204 1192 1348 1265 Unigenili
1367 1193 1435 1261 mei,
1460 1193 1510 1266 qui
1535 1193 1588 1249 hoo
1609 1195 1738 1250 osticium
1760 1211 1826 1250 eum
1850 1194 1910 1249 dis-

158 1281 295 1354 ampla’ue:
319 1297 371 1336 aec
404 1279 455 1353 qui
473 1279 570 1336 minue
593 1280 870 1353 portaveratraperr'l
893 1281 1002 1349 etiem,
1060 1283 1162 1354 cipalis
1176 1282 1235 1337 suis
1252 1281 1281 1337 in
1298 1297 1375 1338 coena
1392 1299 1443 1337 sua
1459 1283 1581 1354 peregit.
1598 1281 1653 1339 Sed
1671 1288 1701 1338 ul
1718 1299 1764 1338 me
1779 1283 1807 1338 in
1823 1283 1909 1338 clari-

158 1372 209 1427 sed
221 1369 331 1443 rivipull
343 1370 428 1439 jueta
441 1368 472 1424 id
485 1369 560 1442 quad
575 1369 658 1424 edere
681 1371 825 1441 poteraut,
849 1385 1004 1444 conpreqe·
1060 1376 1116 1427 tata
1132 1387 1195 1426 mea
1209 1370 1337 1443 quandiu
1359 1371 1496 1425 mortales
1508 1372 1576 1425 estis
1598 1370 1694 1426 videre
1714 1387 1773 1426 non
1794 1371 1910 1426 valetis:

158 1459 375 1531 emutldeod.
391 1458 455 1526 xvi).
472 1457 547 1523 Quid
560 1458 637 1513 hoc‘l
658 1457 820 1529 Supernum
842 1474 1005 1514 sacramen·
1060 1459 1197 1515 sicetiam
1213 1475 1265 1514 nec
1285 1473 1400 1512 carnem
1423 1475 1474 1513 nec
1499 1459 1670 1530 sanguinem
1699 1459 1761 1515 Filii
1777 1460 1833 1514 mei
1850 1475 1915 1514 car-

159 1547 315 1621 tumjuxta
328 1545 357 1602 id
372 1545 449 1618 quad
472 1545 513 1600 eis
527 1549 703 1619 preceptum
718 1550 761 1601 est
785 1548 938 1603 attendunt
951 1547 1005 1602 filii
1060 1548 1174 1603 nulibus
1198 1547 1287 1602 oculis
1308 1545 1408 1602 vestris
1429 1547 1582 1602 carnaliter
1613 1547 1726 1614 videtis,
1752 1549 1913 1604 secundum

158 1635 322 1702 electionis;
339 1633 389 1707 qui
405 1634 495 1689 [lenm
512 1634 645 1690 ardenter
667 1635 765 1690 ridere
789 1635 1007 1706 desiderantei
1060 1636 1182 1710 quodea
1199 1651 1263 1708 quie
1286 1633 1441 1690 invisibilia
1470 1641 1538 1691 sunt
1557 1637 1719 1709 perspicere
1743 1652 1800 1694 non
1824 1642 1913 1708 pote-
1976 1645 1977 1663 ¹

158 1724 299 1799 colligunt
312 1722 384 1779 illud
410 1723 441 1778 iu
465 1722 600 1779 cordibus
623 1721 692 1790 suis,
715 1724 874 1780 secundum
901 1725 1005 1780 doctri·
1059 1725 1121 1790 etis,
1145 1722 1192 1778 sed
1218 1723 1376 1779 secuudum
1403 1725 1457 1778 hoc
1481 1726 1555 1797 qnod
1581 1725 1708 1780 mortalis
1732 1725 1849 1780 obtutus
1865 1741 1913 1778 ve·
1976 1769 1977 1774 ,

160 1825 227 1865 nam
249 1808 453 1883 principalium
477 1809 681 1881 magistrorum
704 1825 838 1865 suorum:
855 1816 883 1865 et
901 1826 1003 1867 secun·
1059 1819 1117 1869 ster
1133 1829 1166 1868 ea
1181 1828 1267 1885 quam
1278 1813 1403 1867 visibilia
1418 1819 1486 1868 sunt
1501 1812 1651 1869 visibiliter
1666 1829 1767 1886 capere
1788 1815 1873 1868 valet.

160 1903 228 1955 dum
244 1897 272 1953 id
288 1897 365 1969 quod
387 1897 424 1953 ab
446 1897 488 1952 eis
518 1897 679 1952 didicerunt
700 1902 864 1954 scrutantur
878 1898 952 1955 illud
974 1899 1005 1956 in
1096 1903 1152 1957 lloc
1171 1906 1267 1956 antem
1282 1905 1493 1956 sacramentum
1515 1901 1544 1956 in
1562 1901 1667 1972 triplici
1694 1901 1815 1957 materia
1838 1901 1912 1957 mihi

160 1986 310 2043 animabus
324 1984 392 2050 suis,
410 1984 483 2040 alius
501 1985 567 2056 plus
578 1985 755 2054 devotionis;
772 1989 801 2041 et
821 1986 895 2042 alins
909 1987 1005 2044 minus
1060 1989 1238 2046 offerendum
1254 1995 1305 2044 est.
1322 1988 1492 2056 Quomodo?
1504 1977 1632 2061 lupeno,
1647 1995 1675 2044 et
1690 1989 1767 2058 vino,
1783 1995 1910 2062 etaqna,
1977 2015 1978 2056 t

160 2072 332 2130 intentionis
350 2072 382 2128 in
404 2079 512 2129 seoreto
536 2073 630 2128 cordis
661 2073 706 2128 soi
729 2073 847 2131 habens.
875 2076 954 2132 llnde
977 2083 1006 2132 et
1059 2079 1096 2134 ob
1118 2078 1257 2134 bonorem
1282 2079 1437 2135 Trinitatis.
1465 2079 1544 2134 Unde
1566 2078 1591 2133 si
1621 2079 1655 2134 de
1671 2078 1715 2134 his
1739 2077 1833 2133 tribus
1850 2079 1910 2133 ali·
1977 2065 1978 2098 ¹

161 2178 226 2218 cum
241 2161 432 2218 aestimatione
441 2178 492 2217 sua
507 2162 682 2217 metiuntur:
706 2163 864 2221 secundum
883 2164 912 2220 id
927 2167 1004 2237 qnod
1059 2167 1130 2240 quid
1151 2165 1291 2233 deluerit3
1315 2171 1384 2222 tune
1406 2165 1447 2223 ibi
1466 2167 1592 2223 Trinitas
1616 2165 1754 2223 veraciter
1778 2183 1836 2222 non
1864 2183 1913 2222 oo-

158 2252 190 2307 in
203 2251 353 2308 animabus
367 2250 427 2305 sois
441 2250 580 2318 sentiunt,
597 2250 793 2306 discernentes
814 2251 901 2309 ildem
917 2270 1005 2327 quam
1059 2255 1140 2324 litur,
1155 2254 1294 2326 quoniam
1318 2253 1349 2310 iu
1375 2255 1441 2311 vino
1474 2254 1646 2326 intelligitur
1668 2256 1761 2323 Pater,
1781 2255 1812 2310 in
1835 2271 1913 2326 pane

160 2341 191 2396 in
206 2339 298 2398 mum
312 2339 430 2406 hebent,
445 2355 498 2395 nec
518 2355 582 2395 eam
605 2338 773 2409 dividentes,
790 2340 839 2395 sed
853 2340 946 2414 ipsam
959 2341 1004 2397 in·
1061 2343 1156 2409 Filius,
1181 2349 1210 2398 et
1227 2345 1257 2398 in
1273 2358 1349 2416 aqua
1366 2343 1489 2416 Spiritus
1516 2350 1651 2410 sanctus;
1671 2342 1710 2397 ita
1734 2343 1785 2415 qui
1809 2343 1914 2397 vinum

157 2433 270 2502 tagram
284 2427 433 2495 babentes,
452 2432 482 2483 et
501 2431 610 2500 quante
632 2433 661 2483 et
684 2427 764 2501 quali
777 2428 929 2485 devotione
943 2445 1005 2485 cor·
1060 2431 1122 2486 sinc
1138 2447 1210 2502 pane
1236 2436 1265 2485 et
1285 2430 1347 2486 sine
1368 2447 1443 2504 aqua
1467 2430 1560 2500 offert,
1578 2433 1690 2486 Patrem
1712 2431 1789 2498 colit,
1804 2431 1852 2486 sed
1870 2431 1915 2486 l'i·
1977 2423 1978 2468 l

157 2522 254 2588 puset
275 2514 446 2589 sauguinem
467 2515 675 2587 redemptionis
696 2517 740 2572 sui
755 2517 918 2589 percipiant
938 2534 1005 2573 oon·
1060 2519 1131 2576 llum
1158 2525 1186 2574 et
1212 2519 1351 2591 Spiritum
1377 2526 1507 2574 sanctum
1532 2525 1634 2592 negal3
1664 2525 1716 2574 aut
1730 2519 1779 2592 qui
1804 2535 1913 2591 panem

158 2605 326 2662 siderantes.
353 2604 408 2661 Sed
430 2603 508 2660 idem
537 2609 750 2661 sacramentum
775 2621 834 2662 non
857 2607 912 2661 erit
938 2605 1007 2662 huic
1061 2609 1122 2663 sine
1146 2607 1213 2663 vino
1237 2611 1266 2662 et
1292 2607 1443 2679 sineaqua
1463 2607 1522 2675 dat,
1548 2606 1650 2662 l'iliurn
1680 2607 1778 2674 habet,
1794 2607 1844 2662 sed
1862 2609 1914 2662 Pa·

159 2693 285 2750 sanctius
316 2694 368 2767 qui
399 2692 466 2765 plus
496 2707 528 2748 ex
547 2709 582 2748 eo
603 2693 774 2766 perceperit,
799 2695 916 2750 necilli
941 2712 1006 2752 oon-
1059 2700 1133 2752 trem
1149 2699 1177 2751 et
1191 2695 1331 2766 Spiritum
1346 2700 1476 2751 sanetum
1492 2695 1669 2766 abiicit;aut
1682 2697 1732 2768 qui
1748 2711 1824 2768 aqua
1847 2695 1914 2750 sine

158 2781 277 2838 tracuus
299 2781 346 2854 qei
367 2781 464 2838 minus
484 2797 519 2836 ex
538 2797 573 2837 eo
595 2782 765 2854 sumpserit;
783 2783 833 2839 sed
848 2785 1005 2841 secundum
1061 2785 1127 2840 vino
1151 2788 1180 2839 et
1203 2783 1263 2839 sine
1286 2799 1361 2854 pane
1381 2786 1481 2852 utitur,
1507 2783 1646 2856 Spiritum
1670 2792 1799 2838 sanctum
1816 2788 1911 2839 atten-

157 2873 244 2931 ildem
263 2871 326 2943 ejus
351 2873 401 2946 qni
423 2871 494 2928 illud
515 2872 650 2944 percipit,
667 2873 750 2928 itaet
771 2891 838 2930 eum
859 2875 1005 2932 illumina·
1060 2873 1112 2942 dit,
1136 2873 1185 2928 sed
1206 2873 1320 2927 Patrem
1344 2875 1372 2926 et
1396 2871 1499 2927 liliam
1514 2875 1640 2940 reeusat;
1665 2877 1715 2926 aut
1740 2871 1791 2943 qui
1810 2870 1914 2928 viuum

159 2961 212 3018 bit.
236 2960 430 3034 Quapropter,
461 2961 600 3029 obomo,
624 2961 655 3016 in
688 2962 887 3033 magnitudine
911 2965 1006 3036 perci·
1026 2965 1205 3039 getpanem
1236 2958 1298 3016 sine
1321 2975 1397 3032 aqua
1421 2959 1478 3025 dat,
1500 2959 1612 3015 Patrem
1640 2963 1668 3014 et
1691 2959 1792 3014 Filium
1813 2960 1913 3028 babet,

158 3048 296 3122 piendum
320 3064 381 3104 non
404 3053 461 3117 est;
488 3048 557 3122 quia
579 3049 752 3106 leuissimus
785 3051 858 3106 Deus
887 3056 947 3108 tam
975 3053 1005 3108 in
1062 3049 1112 3105 sad
1140 3049 1280 3122 Spiritum
1304 3055 1433 3104 sanctum
1458 3047 1573 3115 abnuit;
1607 3054 1657 3103 aut
1679 3048 1730 3120 qui
1757 3047 1857 3104 vinum
1884 3054 1916 3104 et

157 3153 257 3210 para,
273 3152 360 3211 quam
376 3136 406 3193 in
424 3153 531 3209 magna
546 3136 691 3193 oblatione
704 3139 791 3211 hujus
808 3141 936 3212 mysterii
952 3147 1004 3208 est,
1061 3151 1166 3209 aqttam
1181 3137 1242 3191 sine
1270 3152 1344 3208 pane
1370 3135 1462 3204 ollert,
1489 3137 1603 3193 Patrem
1630 3143 1656 3190 et
1672 3135 1812 3206 Spiritum
1839 3153 1913 3191 san·

159 3229 188 3281 et
206 3224 272 3282 ideo
298 3224 348 3297 qui
372 3223 445 3280 illud
464 3223 639 3298 percipiunt,
662 3227 755 3282 solum
770 3226 824 3282 boc
847 3228 1005 3298 attendant,
1061 3229 1140 3280 otum
1156 3223 1234 3292 colit,
1249 3225 1299 3280 sed
1322 3223 1426 3279 filiunt
1445 3231 1548 3295 negat;
1565 3227 1615 3277 aut
1629 3223 1679 3295 qui
1702 3237 1776 3295 pane
1792 3228 1821 3278 et
1835 3239 1915 3296 aqua

160 3313 239 3385 quod
256 3313 366 3369 uinum
380 3318 409 3368 et
423 3329 513 3369 unum
528 3313 619 3369 ileum
628 3313 713 3369 firma
728 3321 757 3371 et
771 3315 884 3387 integra
897 3315 956 3372 ilde
975 3316 1007 3372 in
1062 3313 1125 3369 sino
1139 3313 1206 3368 vino
1221 3313 1321 3380 utitur,
1343 3311 1447 3368 Filium
1469 3319 1498 3367 et
1512 3311 1651 3382 Spiritum
1668 3317 1799 3367 sanetum
1815 3317 1915 3368 atten-

159 3401 311 3458 oordesuo
335 3401 469 3457 babeant.
494 3401 526 3458 at
540 3402 579 3457 sic
592 3402 714 3476 quisque
735 3403 828 3459 ildelis
850 3404 961 3461 sincero
977 3411 1008 3462 et
1062 3400 1114 3469 dit,
1143 3400 1192 3456 sed
1216 3402 1327 3456 Patrem
1357 3405 1478 3456 recuset.
1504 3401 1577 3471 Ergo
1600 3399 1630 3456 in
1654 3397 1708 3454 hoo
1731 3404 1913 3455 sacramento

159 3493 236 3546 reolo
249 3489 334 3546 corde
356 3489 514 3546 secundom
533 3490 561 3546 id
589 3492 664 3563 quod
689 3492 865 3564 possibilitas
888 3494 956 3549 adei
975 3494 1007 3550 in
1063 3488 1165 3545 divisio
1181 3505 1240 3545 non
1254 3489 1322 3557 ilat;
1346 3488 1416 3562 quia
1432 3495 1462 3545 et
1476 3503 1530 3560 ego
1551 3487 1716 3543 individuus
1732 3503 1862 3552 manens,
1878 3487 1914 3543 in

159 3577 223 3651 ipso
235 3579 372 3650 exposcit,
388 3578 464 3634 vires
478 3578 583 3636 animae
598 3596 658 3636 suae
673 3585 838 3655 congregat,
854 3597 956 3637 carens
971 3598 1007 3638 ne
1061 3578 1154 3634 tribus
1175 3578 1305 3650 personis
1324 3593 1398 3634 unus
1421 3578 1494 3633 bens
1513 3575 1712 3648 inseparabilis
1735 3591 1811 3643 sum,
1835 3575 1913 3630 sicut

160 3667 245 3724 altius
274 3670 324 3723 aut
346 3667 518 3738 profundius
547 3667 729 3725 divinitatem
757 3675 900 3726 scrutetur
920 3687 1006 3744 quam
1062 3673 1091 3723 et
1113 3667 1258 3740 cogitatio.
1274 3667 1406 3722 voluntas
1428 3670 1456 3722 el
1475 3681 1548 3738 opus
1565 3665 1593 3720 in
1617 3681 1675 3721 ¹¹⁰⁰
1693 3665 1812 3721 humine
1827 3671 1913 3734 sunu
1979 3695 1980 3704 ¹

159 3771 243 3811 senso
258 3759 308 3812 aut
328 3754 502 3829 cogitatione
525 3771 578 3812 sua
596 3772 697 3829 capere
712 3763 816 3830 potest,
841 3759 890 3814 sed
910 3759 1007 3814 sobrie
1062 3755 1122 3810 siue
1137 3754 1241 3828 quibus
1256 3754 1344 3810 bomo
1369 3769 1427 3810 nou
1455 3761 1507 3809 est.
1529 3751 1650 3819 Quodsi
1669 3751 1698 3807 in
1714 3753 1769 3807 isto
1795 3751 1912 3808 sacrifl-
1979 3755 1980 3805 l

159 3844 237 3901 utin
258 3843 368 3916 Spiritu
399 3850 498 3901 sancto
534 3845 648 3900 edoctam
676 3851 737 3915 est;
769 3845 868 3902 timori
891 3847 1008 3903 Domini
1062 3844 1106 3900 cio
1122 3843 1249 3898 delectus
1268 3842 1367 3911 fuerit,
1386 3843 1426 3897 ita
1450 3843 1528 3914 quod
1554 3841 1594 3896 ibi
1614 3839 1769 3913 autpanis,
1794 3847 1846 3897 aut
1866 3845 1909 3897 vi·

158 3932 304 4005 subjectus
318 3933 366 3996 sit,
391 3933 533 4006 quoniam
547 3933 634 3990 bomo
655 3950 767 4006 pauper
786 3935 859 3990 ciuis
882 3940 934 3991 est.
950 3935 1007 3991 Sed
1062 3945 1132 3986 num
1156 3935 1206 3984 aut
1231 3945 1306 4002 aqua
1330 3930 1497 4002 negligitur,
1520 3946 1586 3986 vere
1614 3931 1745 3986 tuncille
1774 3945 1808 3985 ex
1827 3931 1911 4001 cnjus

158 4019 344 4087 vos,ostulti
362 4019 506 4087 homines,
521 4020 609 4075 nolite
628 4021 761 4076 dubitare
786 4037 823 4076 an
847 4037 1007 4078 sacramen·
1063 4018 1239 4091 negligentia
1273 4019 1326 4074 hoc
1353 4019 1458 4074 evenit.
1481 4018 1561 4090 gravi
1581 4017 1714 4073 vindicte
1739 4017 1910 4089 subjacebit.

158 4110 221 4164 tum
234 4107 310 4164 istud
325 4105 403 4180 quod
417 4107 472 4164 boc
493 4107 580 4164 modo
603 4108 685 4163 vobis
706 4109 934 4165 demonstratum
952 4115 1006 4178 est,
1063 4109 1134 4163 llam
1162 4107 1255 4164 sihoo
1270 4107 1393 4162 scienter
1415 4122 1467 4179 per
1492 4106 1698 4179 negligentiam
1724 4105 1843 4178 teporis,
1859 4121 1914 4161 seu

158 4200 309 4268 corpuset
336 4194 454 4266 sanguis
487 4194 552 4252 l'ilii
577 4195 634 4251 mei
655 4197 702 4252 sit.
727 4197 927 4254 Recordamini
954 4214 1007 4271 ego
1062 4194 1216 4250 infideliter
1243 4210 1294 4267 per
1313 4195 1490 4251 dubietatem
1522 4193 1729 4250 incredulitatis
1744 4199 1839 4249 actum
1856 4199 1913 4264 est,

158 4282 235 4338 unde
249 4281 317 4338 Adae
328 4297 445 4338 earnem
468 4286 497 4338 st
517 4283 688 4354 sanguinem
705 4284 856 4352 creaverit,
876 4285 1009 4342 videlieet
1026 4283 1144 4347 nillum
1169 4283 1219 4356 qui
1244 4284 1313 4340 buia
1326 4285 1419 4339 reatui
1436 4285 1565 4355 subjacet
1591 4283 1627 4339 ab
1655 4283 1746 4339 oculis
1761 4283 1832 4338 meis
1857 4283 1913 4356 eJ'i-

158 4370 380 4428 delimoterrae.
395 4369 469 4436 Quid
492 4385 561 4443 ergo
589 4372 673 4427 vobis
700 4371 832 4428 videtur?
856 4378 899 4429 An
914 4375 1007 4446 possi·
1061 4371 1145 4436 ciam,
1170 4373 1225 4428 nisi
1252 4372 1313 4444 ipse
1345 4372 1425 4444 gravi
1450 4373 1619 4444 poenitentia
1648 4371 1683 4427 ad
1707 4387 1737 4426 se
1767 4387 1910 4440 reversus,

157 4459 245 4516 bilius
257 4463 302 4516 est
328 4456 401 4515 milti
415 4458 452 4515 de
466 4457 612 4516 oblatione
636 4460 693 4516 ista
717 4461 810 4517 lacere
835 4477 953 4517 manem
976 4469 1007 4518 et
1061 4477 1091 4516 se
1106 4463 1202 4535 ipsum
1225 4477 1277 4534 pro
1293 4462 1347 4517 boc
1361 4462 1487 4534 graviter
1506 4460 1671 4534 paenitendo
1687 4459 1803 4532 puniat;
1825 4461 1870 4515 vel
1886 4462 1910 4516 si

160 4547 332 4623 sanguinem
348 4547 413 4605 l'illi
427 4549 496 4619 mei,
519 4549 603 4605 ande
617 4550 687 4606 limo
702 4556 788 4607 terrae
802 4551 895 4608 iacere
909 4552 1005 4608 bomi-
1060 4550 1115 4606 hoe
1138 4550 1306 4622 ignoranter
1328 4567 1382 4624 per
1405 4551 1610 4621 negligentiam
1631 4549 1782 4606 oblivionis
1800 4549 1907 4620 evenit,

157 4637 246 4695 nemi
273 4637 328 4695 Sed
348 4635 392 4692 vir
422 4652 523 4694 semen
544 4638 580 4695 de
602 4639 744 4712 sanguiue
766 4655 818 4694 suo
841 4639 947 4708 fundit,
977 4646 1007 4696 et
1060 4645 1128 4696 tunc
1155 4639 1204 4696 ille
1233 4639 1338 4712 quiin
1361 4639 1691 4708 hoereusest‚debac
1714 4639 1910 4711 eulpasuaiu

156 4727 265 4784 lentina
279 4725 398 4798 suscipit
412 4725 494 4782 illud.
510 4725 545 4781 lit
559 4725 629 4799 quid
644 4734 712 4783 tunc
727 4728 851 4800 amplius
872 4728 1005 4785 addant?
1060 4727 1233 4784 correctione
1256 4728 1433 4800 poenitentiae
1451 4727 1523 4782 milti
1543 4743 1733 4800 responsurus
1756 4739 1813 4792 est,
1831 4741 1908 4798 quo-

158 4815 235 4871 Nibil
250 4813 370 4870 omnino
385 4812 636 4871 autincreatione
653 4817 843 4872 autinoarne
858 4816 1003 4874 infantuli.
1060 4817 1139 4871 niam
1164 4819 1246 4871 acute
1273 4832 1332 4870 nou
1352 4816 1500 4887 prospexit
1531 4815 1555 4869 si
1578 4815 1639 4872 baec
1661 4814 1759 4869 omnia
1773 4813 1908 4869 adessent

157 4901 957 4975 Quisergolormathomiueminoerneetinossibus‚
973 4921 1006 4961 ac
1059 4921 1123 4978 quoe
1140 4905 1176 4960 ed
1201 4904 1371 4960 sacnbcluru
1392 4920 1489 4960 meum
1506 4903 1700 4975 pertinebant.
1725 4905 1795 4958 Cum
1826 4901 1906 4958 enim

157 4991 188 5048 in
204 4991 349 5059 medullis,
365 4994 395 5048 et
418 4990 448 5046 in
463 4991 583 5064 pulchra
605 4991 677 5046 lacie
700 4992 774 5064 eins,
794 4993 850 5049 uisi
876 5009 929 5066 ego
952 4993 1004 5050 Pa·
1059 4993 1146 5049 Filius
1173 5007 1253 5048 meus
1275 4993 1307 5072 iq
1333 5008 1415 5048 cruce
1431 4991 1579 5065 pependit.
1593 4991 1633 5047 ibi
1649 4990 1723 5048 nihil
1738 4989 1906 5045 salvationis

157 5085 202 5136 ter
221 5078 372 5136 omnium?
395 5078 451 5136 Sed
465 5085 547 5154 pater
562 5083 591 5135 et
609 5083 703 5135 mater
725 5096 782 5136 non
803 5081 911 5138 babent
924 5081 1004 5138 illam
1059 5081 1159 5152 deluit,
1176 5083 1244 5156 quia
1262 5099 1315 5154 per
1338 5081 1459 5138 ellusum
1477 5081 1647 5154 sanguinem
1669 5095 1753 5135 suunt
1769 5078 1904 5134 salvatio-

158 5173 329 5243 potestatem
344 5168 437 5225 lacere
452 5173 502 5225 aut
525 5183 623 5224 creare
642 5168 826 5238 miantulum,
853 5169 908 5226 nisi
920 5171 1002 5244 :qaod
1057 5187 1125 5227 uem
1146 5171 1308 5227 animarum
1330 5168 1498 5226 hominibus
1521 5169 1627 5234 attulit,
1647 5167 1723 5224 unde
1737 5181 1790 5222 neo
1804 5165 1836 5222 in
1849 5167 1907 5222 hoc

158 5261 271 5314 mutum
291 5256 323 5314 in
345 5257 464 5313 ardente
483 5255 605 5313 libidine
629 5257 799 5330 sanguinem
816 5273 901 5314 suum
922 5275 1003 5316 exon·
1058 5259 1193 5332 mysterio
1208 5259 1365 5333 quidquam
1381 5259 1478 5315 deesse
1493 5259 1586 5314 debet.
1606 5257 1676 5312 llarn
1689 5258 1904 5310 sacramentum

157 5345 244 5413 liunt,
272 5349 301 5402 et
325 5350 425 5418 postea
445 5346 555 5402 nnllam
571 5349 743 5418 potestatem
757 5345 787 5402 in
810 5363 845 5402 ea
858 5346 1000 5403 formandi
1058 5349 1121 5412 boo.
1156 5347 1347 5404 sacratissima
1381 5346 1567 5402 sanctificatio
1596 5347 1625 5400 iu
1650 5342 1731 5400 omui
1754 5343 1904 5399 sanctitate

157 5432 273 5489 liabent.
290 5433 426 5508 Nunquid
439 5433 535 5490 ridere
554 5436 671 5508 potestis
686 5435 830 5508 quomodo
845 5434 908 5490 haee
919 5435 1001 5503 itant,
1056 5439 1109 5504 ost,
1123 5439 1151 5490 et
1169 5440 1321 5507 propterea
1335 5450 1401 5490 caro
1425 5435 1480 5490 ista
1499 5439 1528 5490 ot
1551 5431 1670 5506 sanguis
1682 5433 1735 5486 iste
1751 5429 1831 5486 omni
1846 5431 1903 5486 lide

154 5521 200 5580 ltis
220 5521 299 5594 quod
323 5537 358 5576 ea
378 5521 493 5578 cernitis
512 5521 542 5580 iu
562 5523 664 5580 lormis
685 5523 766 5580 suis?
797 5525 839 5581 l'u
857 5527 964 5591 autem,
981 5543 1000 5578 o
1055 5528 1084 5580 et
1097 5523 1249 5579 devotione
1258 5523 1440 5595 accipiendus
1455 5528 1507 5578 est.
