3984 6034
80 175 133 224 :iffi
715 175 962 232 militnm-fult
984 177 1019 240 ll,
1043 178 1132 234 ulSlO
1154 179 1196 231 t'l.
1780 191 1831 242 iiiiii

78 301 224 358 diabolice
246 301 380 358 suasione
401 300 432 358 in
456 307 583 362 mortem
607 303 713 360 Mene
736 321 788 378 per
803 323 834 362 ee
853 321 926 362 nun·
944 307 1138 376 Asorduisse,
1151 309 1322 379 quoduam
1335 310 1365 366 iu
1380 311 1573 369 amaritudine
1594 313 1771 386 peanitentiae
1791 317 1828 372 ab

77 405 167 461 quam
183 389 257 462 erigi
283 389 387 460 potnit,
403 405 456 461 per
473 391 576 448 Filium
600 407 730 448 meume
756 400 849 449 morte
867 410 930 450 ere·
984 395 1026 450 eis
1053 397 1130 451 velut
1157 397 1187 452 in
1216 397 1330 452 camino
1354 400 1574 456 examinationis
1606 410 1746 474 purgatus
1775 404 1824 460 eie.

76 484 147 550 ptus
161 483 214 532 est.
229 478 399 542 utromodo?
426 479 569 544 Quoniam
592 497 658 536 cum
685 481 716 535 io
731 483 841 538 mnodo
856 490 931 538 esset
983 482 1174 557 Qurrpropler,
1199 500 1216 540 o
1237 488 1335 554 bomo,
1358 487 1381 542 si
1405 495 1538 559 peccator
1557 489 1632 546 lacte
1646 507 1698 546 sne
1718 491 1748 546 in
1762 492 1828 548 ebs-

76 569 188 622 multos
202 568 317 622 labores
330 569 359 622 iu
374 582 497 638 cor-prore
507 584 559 624 suo
570 571 729 640 perferens,
740 571 865 642 denique
878 588 931 643 pro
984 588 1071 627 conso
1101 572 1195 628 cordis
1218 574 1262 628 sui
1283 576 1456 630 occultaret:
1477 577 1542 647 quie
1566 581 1634 634 tunc
1652 579 1828 650 punitentia

76 656 390 726 redemptionemundi
405 657 559 712 ioerucem
573 658 684 728 positus
698 664 750 714 eet.
766 659 842 714 istud
856 659 930 716 ilde·
983 659 1061 718 illius
1085 672 1186 716 contre
1212 669 1404 718 accusatorem
1434 665 1514 720 testis
1542 665 1695 722 existeret?
1717 668 1827 724 Nullus.

76 744 120 798 les
144 743 280 800 homines
298 759 352 814 pro
368 744 462 799 salute
483 759 535 799 sne
556 760 623 800 cum
646 746 843 801 sacerdotibus
870 746 930 802 suis
985 749 1063 804 Unde
1084 750 1170 806 bomo
1184 757 1300 822 peccate
1313 767 1365 807 sua
1389 753 1561 820 manifestet,
1577 761 1721 826 quatenos
1735 757 1827 829 pmoi-

76 831 187 887 imiieri
216 831 332 888 debent.
362 831 535 896 Quomodo?
565 834 752 900 adjutorium
786 834 848 891 Filii
871 835 930 892 mei
981 838 1081 894 tectim
1108 855 1167 894 suus
1190 845 1291 898 testem
1314 841 1427 898 lrabeat.
1461 841 1514 898 Sed
1546 845 1597 916 qni
1625 846 1827 915 poenitentiam

76 929 227 992 qraereut3
250 921 320 992 qrria
350 937 416 976 cum
444 928 508 994 post
531 921 676 993 baptisma
706 930 788 978 retus
817 923 928 980 crimen
980 931 1162 996 peccalorum
1196 944 1315 986 snorum
1342 929 1481 1000 perficere
1518 931 1671 1009 desideret,
1691 934 1819 992 eleemo-

75 1009 148 1064 ‚ido
167 1011 375 1077 revocaverint,
397 1011 434 1066 de
454 1026 524 1066 casu
543 1027 596 1066 suo
611 1028 663 1085 per
683 1013 853 1085 semetipsos
863 1029 927 1068 snr-
982 1030 1082 1084 synam
1101 1015 1155 1070 sibi
1178 1016 1208 1071 in
1230 1018 1405 1088 adjutorium
1422 1027 1557 1076 assumet.
1575 1021 1742 1086 Quomodo?
1757 1023 1829 1088 Oraia

76 1114 147 1168 gere
162 1113 220 1154 uon
234 1100 341 1155 valent.
358 1099 391 1154 Et
405 1099 470 1156 ideo
485 1101 564 1155 relut
588 1117 605 1156 a
624 1100 794 1172 patriarchis
817 1107 846 1157 et
859 1117 927 1180 pro·
981 1118 1048 1158 cnm
1062 1119 1166 1176 corpus
1188 1106 1315 1162 bominis
1330 1123 1382 1178 per
1398 1108 1624 1165 imbecillitatem
1639 1123 1720 1166 snam
1734 1111 1764 1166 ln
1784 1113 1826 1168 lo-

75 1187 175 1257 pbetis
192 1187 346 1243 consilium
370 1194 511 1260 quercui,
531 1193 561 1244 et
584 1189 620 1244 eb
637 1190 773 1260 apostolis
789 1191 926 1246 auxilium
981 1191 1050 1247 bore
1066 1193 1242 1263 poenitenliae
1269 1195 1415 1264 defecerit,
1431 1197 1614 1268 eleemosyna
1632 1199 1674 1253 illl
1696 1199 1725 1254 in
1741 1199 1825 1273 adju-

76 1276 234 1349 aceipient:
263 1277 314 1333 ubi
343 1283 461 1348 peccate
494 1293 557 1346 sne,
587 1277 739 1334 denudatis
761 1278 928 1336 vulneribus
980 1280 1087 1338 terium
1103 1289 1242 1338 accurrat.
1265 1285 1451 1358 aequoniam
1471 1287 1587 1343 difficile
1606 1293 1649 1343 est
1669 1287 1781 1347 bomini
1797 1297 1828 1346 ul

75 1367 150 1434 suis,
163 1364 195 1420 in
208 1380 275 1422 rere
290 1368 402 1438 cipum
417 1365 649 1424 manifestatione
663 1367 789 1423 fideliter
803 1368 927 1425 demon·
980 1385 1080 1440 aspere
1100 1375 1128 1426 et
1143 1373 1300 1428 secundum
1320 1374 1395 1446 quod
1410 1375 1520 1446 justum
1536 1381 1579 1430 est
1591 1376 1745 1447 poeniteat:
1763 1377 1828 1433 ideo

73 1457 219 1509 straboni.
235 1454 409 1520 Quomodo?
425 1457 543 1510 Peccata
557 1471 610 1510 sua
633 1456 773 1512 sacerdoti
796 1457 847 1529 qui
871 1457 925 1512 mi·
980 1456 1103 1506 matrem
1129 1451 1183 1507 sibi
1205 1452 1416 1526 eleemosynam
1440 1461 1576 1522 assumat,
1598 1459 1740 1526 quatenus
1762 1474 1827 1514 enm

74 1542 168 1598 nister
192 1543 256 1598 uitii
271 1544 327 1600 urei
343 1549 395 1612 est,
422 1544 607 1600 devotissimo
621 1544 708 1600 corde
723 1545 924 1602 etorecouli·
980 1552 1015 1593 ea
1039 1538 1067 1594 id
1091 1539 1220 1610 perficiet
1248 1541 1325 1612 quod
1357 1543 1470 1614 corpori
1494 1559 1546 1598 suo
1571 1543 1748 1599 laboriosum
1772 1551 1824 1600 est.

74 1631 224 1688 labuntur.
257 1631 292 1686 Et
320 1638 389 1688 tune
414 1635 546 1688 ”cordos
569 1633 618 1688 ille
640 1633 803 1689 remedium
826 1635 867 1689 oie
894 1634 927 1691 in
945 1607 966 1662 B
981 1625 1051 1682 Num
1067 1629 1309 1699 quemadmodum
1332 1637 1425 1686 meter
1449 1631 1608 1688 necessitati
1623 1633 1676 1688 filii
1700 1633 1745 1690 eui
1759 1634 1826 1690 sub·

73 1721 248 1789 poenitentia
262 1719 392 1791 ipsorum
407 1723 569 1789 roboreos,
594 1722 634 1776 ita
648 1726 763 1793 peccata
779 1738 880 1778 eornm
895 1723 926 1779 in
979 1716 1076 1772 uenire
1098 1733 1157 1772 ¹1⁰ss
1175 1723 1275 1784 euml·
1302 1719 1433 1792 quumvis
1457 1720 1505 1776 ille
1520 1722 1582 1792 ium
1609 1721 1745 1777 educatus
1760 1739 1821 1780 esse

74 1816 170 1864 morto
195 1809 340 1881 unigeniti
362 1808 419 1864 moi
443 1810 570 1880 sepeliet.
596 1809 651 1866 Sed
674 1810 719 1865 illi
746 1810 851 1868 deindo
871 1811 926 1867 hoo
980 1803 1126 1859 rideatur:
1162 1804 1202 1860 ita
1232 1805 1319 1863 etiam
1343 1809 1526 1880 eleemosyna
1549 1809 1738 1866 teneritudini
1766 1828 1827 1868 eor-

74 1895 208 1952 modoad
224 1900 309 1952 ritem
319 1906 510 1970 resurgentes,
525 1897 859 1956 resurrectionemetiam
871 1899 925 1956 lllii
978 1891 1058 1962 polis
1089 1891 1119 1947 iu
1150 1892 1319 1966 poenitentia
1347 1895 1471 1952 hominis
1511 1899 1660 1966 succurrit,
1694 1900 1827 1970 quemvis

75 1984 135 2039 mei
149 1983 365 2057 glorificabunt.
978 1980 1056 2036 idem
1079 1981 1166 2038 homo
1189 1983 1219 2038 in
1244 1983 1434 2040 maceratione
1448 1986 1576 2058 corporis
1592 1986 1634 2040 sni
1662 1987 1826 2058 poenitendo

109 2073 166 2138 Qui
182 2083 280 2129 autem
303 2075 421 2144 vulnera
435 2079 618 2146 peccatorem
640 2091 760 2132 suorum
779 2076 926 2134 denudato
978 2067 1061 2124 forus
1082 2077 1228 2142 appareat.
1252 2075 1385 2128 Attamen
1408 2073 1483 2128 mala
1503 2090 1592 2146 opera
1606 2091 1671 2146 qoae
1696 2077 1782 2132 bomo
1796 2078 1826 2132 in

74 2166 198 2228 recesset,
224 2164 273 2217 sed
302 2168 400 2218 meaos
418 2179 470 2234 per
493 2165 680 2236 semetipsum
704 2165 766 2221 sine
794 2166 924 2222 subleva·
978 2173 1098 2230 corpore
1113 2176 1165 2215 soo
1182 2177 1233 2232 per
1254 2162 1512 2231 concuspiscentium
1535 2167 1628 2219 carnis
1650 2181 1708 2220 sure
1723 2181 1825 2238 perpe·

73 2250 156 2306 tione
170 2251 289 2307 alterins
304 2268 337 2307 ea
352 2267 453 2308 curare
472 2253 747 2320 tentaf‚.se‹·undam
764 2255 842 2327 qood
857 2262 926 2310 lone
977 2247 1073 2316 travit,
1095 2249 1145 2304 ille
1167 2249 1254 2305 etiem
1279 2251 1308 2306 in
1332 2251 1425 2322 seipso
1451 2252 1641 2324 corporaliter
1664 2254 1778 2325 puniet,
1794 2260 1827 2312 ut

25 2345 31 2354 ·
73 2355 125 2392 cor
140 2355 226 2395 suram
242 2340 703 2412 colleprobat,eoipeomdooip1t,
717 2342 785 2413 quia
799 2341 926 2398 sibimet·
978 2350 1051 2407 opus
1067 2337 1137 2393 illud
1159 2339 1235 2410 quod
1257 2339 1336 2394 carni
1359 2354 1417 2396 sum
1432 2341 1553 2397 cherum
1567 2347 1596 2397 et
1612 2341 1694 2398 dulce
1710 2343 1822 2398 fuerat:

73 2427 130 2498 ipsi
150 2432 284 2484 sacerdos
301 2429 364 2483 ursii
377 2445 449 2484 esse.
470 2431 651 2501 Quapropter
664 2431 768 2485 eisiue
782 2429 924 2494 adiutorio
978 2440 1030 2496 per
1049 2424 1272 2484 amaritudinem
1293 2429 1468 2499 poeuilenfioe
1482 2429 1605 2484 filialiter
1619 2431 1700 2486 eheu
1715 2432 1822 2487 abster-

73 2520 194 2576 alterius
208 2531 326 2588 surgere
345 2533 405 2571 uon
423 2517 517 2583 relet;
535 2518 674 2589 queniam
693 2534 747 2574 uec
770 2519 858 2574 bomo
872 2533 926 2590 per
979 2521 1081 2585 gutur:
1105 2515 1244 2586 qnoniam
1268 2517 1431 2572 amaritudo
1462 2519 1649 2588 poenitentite,
1675 2521 1822 2574 mortifere

73 2608 263 2678 semetipsum
276 2620 306 2660 ru
321 2607 479 2659 salvatione
490 2613 602 2660 erectos
618 2611 671 2672 est,
686 2605 735 2659 sed
753 2604 924 2676 perfruam
976 2601 1096 2656 vulnera
1130 2609 1313 2674 peccatorum
1339 2619 1404 2660 cnm
1426 2605 1565 2674 adjutrice
1590 2615 1771 2678 eleemosyna
1794 2607 1825 2664 in

73 2711 172 2752 meum
188 2697 313 2750 soleatos
332 2698 385 2748 est.
411 2692 489 2748 finde
511 2693 562 2765 qni
576 2693 678 2748 safreri
693 2693 845 2762 desiderat,
871 2710 924 2750 nec
976 2689 1142 2746 bominibus
1160 2707 1260 2746 seuere
1275 2691 1369 2748 debet.
1385 2692 1555 2758 Quomodo?
1569 2693 1641 2758 Quia
1654 2711 1718 2750 cum
1737 2693 1825 2750 horno

73 2785 104 2840 in
127 2783 187 2840 line
211 2781 277 2839 vitae
310 2797 370 2836 sure
403 2788 518 2853 peccata
545 2796 597 2836 sue
618 2780 749 2837 confiteri
776 2781 920 2852 desperet.
976 2777 1008 2833 in
1022 2779 1208 2850 castigatione
1231 2797 1262 2836 se
1287 2782 1468 2852 constringit,
1490 2797 1652 2853 eeqrroque
1673 2797 1724 2853 per
1745 2785 1823 2838 elee-

72 2872 157 2938 Qood
184 2871 275 2942 siquis
296 2870 326 2924 in
347 2869 418 2925 bora
443 2869 544 2924 mortis
575 2885 635 2924 sure
659 2869 770 2940 positus
795 2869 922 2925 remedie
941 2882 1128 2957 cmosynam
1152 2868 1259 2925 dilatet,
1289 2869 1460 2934 Quomodo?
1483 2870 1624 2934 eroniam
1640 2871 1823 2942 eleemosyna

74 2963 229 3017 uolnerum
263 2965 443 3030 precatorum
467 2973 585 3013 suornm
610 2959 727 3030 urserit,
747 2973 800 3013 nec
824 2965 922 3013 tamen
976 2957 1203 3013 misericordiam
1231 2973 1325 3014 meam
1349 2959 1488 3030 designat.
1516 2958 1684 3022 ullomodo?
1707 2959 1823 3015 unmil-

73 3049 251 3105 seeerdotem
268 3047 314 3102 cui
329 3056 446 3118 peccate
471 3063 522 3101 soa
536 3045 707 3102 condreatur
734 3046 840 3102 babere
853 3061 922 3118 pos·
975 3044 1047 3100 dalis
1071 3046 1156 3100 bomo
1182 3047 1358 3118 paoperibus
1372 3063 1437 3102 cuni
1462 3047 1621 3102 substantia
1638 3063 1689 3102 sue
1704 3053 1824 3119 propter

73 3141 121 3207 sit,
139 3137 273 3194 trincalii
298 3136 409 3192 bomini
435 3149 523 3207 quem
551 3137 654 3191 eodem
669 3141 923 3206 temporeoppor·
975 3149 1105 3190 amorem
1130 3151 1227 3190 merim
1257 3135 1399 3202 subvenit,
1431 3143 1574 3208 praecepte
1602 3151 1667 3190 mea
1687 3137 1822 3206 custodit,

72 3232 179 3282 lunum
209 3225 298 3281 babet
325 3240 360 3279 ee
388 3224 563 3279 manifestet.
589 3224 637 3278 Vel
666 3225 690 3278 si
721 3231 778 3279 tam
803 3233 922 3295 repente
975 3225 1045 3295 quia
1067 3223 1266 3296 indigentibus
1290 3225 1515 3280 misericordiam
1535 3225 1822 3297 suamproplerho-

72 3313 189 3370 nullum
204 3314 352 3370 bominem
367 3313 474 3368 bebere
488 3319 592 3384 potest,
608 3329 643 3368 ee
665 3312 737 3368 mibi
751 3329 847 3369 eorem
863 3315 921 3368 ele·
976 3325 1075 3364 norem
1099 3313 1225 3366 nominis
1249 3313 1305 3367 mei
1329 3313 1480 3383 impendit,
1501 3315 1575 3368 sicut
1590 3321 1620 3368 ct
1634 3329 1687 3386 ego
1699 3313 1729 3368 in
1743 3314 1822 3387 puri·

73 3405 180 3459 mentis
198 3418 265 3458 cum
292 3401 398 3474 quibus
420 3401 507 3457 etiem
531 3400 580 3456 illa
607 3403 792 3471 perpetrarit,
816 3417 850 3456 ex
874 3404 922 3457 in·
974 3402 1033 3453 tato
1051 3398 1143 3454 cordis
1166 3401 1210 3455 eui
1236 3417 1282 3456 me
1301 3404 1494 3473 querentibus
1507 3402 1631 3473 gratiam
1656 3419 1748 3458 meam
1762 3419 1823 3460 non

71 3493 145 3549 timo
172 3491 277 3546 ellectu
296 3490 391 3544 cordis
411 3489 455 3544 sui
471 3487 593 3560 aperiet,
609 3495 639 3543 et
658 3504 713 3560 ego
733 3489 921 3545 devotionern
975 3487 1122 3543 subtraho.
1150 3487 1204 3553 Qui
1223 3497 1319 3544 antem
1340 3491 1394 3546 hoc
1411 3491 1496 3548 modo
1516 3490 1670 3546 relectione
1695 3493 1820 3548 eleemo-

71 3581 166 3636 cordis
188 3583 252 3651 eJ'us
272 3579 382 3646 ridens,
413 3577 614 3649 poenitentiam
637 3577 701 3648 ejus
722 3594 782 3634 non
803 3578 919 3649 abiicio.
974 3589 1111 3645 synarum
1135 3577 1311 3649 porrperibus
1333 3584 1415 3632 motu
1435 3579 1639 3634 misericordie
1658 3579 1818 3636 succurrit:

70 3672 253 3743 Quapropter
265 3684 352 3724 nemo
366 3667 402 3724 de
416 3667 592 3739 ponderibus
606 3667 766 3738 iniqnitatis
780 3683 841 3723 suae
864 3667 918 3722 de.-
974 3663 1057 3718 ualde
1078 3663 1150 3718 milri
1172 3665 1303 3720 amabilis
1327 3670 1379 3734 est,
1414 3664 1551 3736 quioniam
1573 3666 1682 3722 viscera
1706 3667 1821 3724 miseri·

71 3763 180 3831 speret,
197 3758 336 3830 qnoniam
352 3755 377 3810 si
397 3757 433 3810 de
457 3755 653 3811 misericordie
673 3771 737 3811 mea
753 3756 920 3827 desperare·
974 3751 1078 3806 eooiirc
1103 3751 1190 3807 hebet
1210 3753 1264 3807 hoc
1279 3752 1402 3823 implens
1417 3753 1494 3824 quod
1507 3752 1645 3823 scriptum
1660 3763 1720 3810 est:
1739 3755 1820 3810 Pone

70 3849 118 3916 rit,
133 3847 169 3902 ad
186 3846 273 3902 ritum
298 3860 358 3900 non
379 3849 520 3915 resurget.
545 3843 600 3910 Qui
616 3849 713 3900 autem
738 3860 804 3901 eum
818 3846 920 3917 despo-
974 3838 1144 3896 thesaurum
1166 3839 1290 3896 loomin
1302 3839 1452 3912 preceptis
1463 3839 1624 3897 altissimi:
1645 3843 1672 3898 ef
1689 3841 1820 3912 proderit

70 3939 183 3992 ratione
197 3936 361 4000 certaverit,
371 3941 401 3988 et
414 3932 532 3987 taudem
547 3948 611 3988 aem
630 3933 665 3988 ad
689 3933 813 3989 nihilum
833 3933 921 3989 dedu·
973 3925 1026 3982 fibi
1043 3926 1225 4000 eleemosyna
1253 3927 1347 4001 mucis
1361 3944 1449 4001 quom
1477 3930 1816 4002 commmunione).

70 4027 156 4092 uerit,
174 4023 222 4079 bie
243 4039 274 4078 se
294 4023 436 4090 liberavit,
467 4022 536 4093 qnia
555 4020 639 4076 fortis
659 4023 782 4078 existens
801 4020 920 4076 uiriliter
973 4015 1048 4082 Quid
1076 4015 1150 4072 boc?
1167 4017 1248 4072 iuste
1276 4025 1305 4073 et
1328 4021 1405 4072 recta
1433 4019 1661 4076 consideratione
1689 4021 1757 4075 tolle
1786 4020 1822 4078 de

70 4114 146 4170 ricit.
165 4113 221 4170 Sed
239 4112 291 4184 qui
313 4113 473 4166 remedium
494 4108 595 4164 salutis
621 4125 681 4164 sum
704 4124 757 4182 per
775 4116 920 4165 tumorem
972 4106 1093 4160 materia
1119 4106 1316 4177 peeuoimtnee
1329 4123 1395 4178 oiim
1416 4106 1446 4162 in
1468 4107 1534 4164 siun
1549 4114 1599 4163 tiro
1615 4117 1643 4164 et
1658 4111 1687 4165 in
1701 4108 1814 4181 ample·

71 4203 262 4260 mentiosum
286 4216 346 4256 non
372 4199 486 4271 quaerit,
515 4197 583 4254 hnic
608 4197 836 4255 succurrendum
861 4213 921 4254 nou
938 4197 1059 4259 [trione
1082 4198 1177 4252 cordis
1191 4198 1234 4252 tui
1255 4203 1308 4266 est,
1329 4197 1459 4254 dividens
1474 4213 1536 4254 enm
1560 4199 1717 4256 secondum
1740 4214 1818 4270 prte-

71 4298 130 4360 est;
146 4289 298 4364 quoniam,
311 4290 383 4345 dum
397 4303 443 4344 me
457 4288 587 4344 invenire
602 4292 708 4360 posset,
726 4302 772 4342 me
789 4301 920 4359 querere
975 4291 1058 4356 eapte
1074 4285 1152 4340 illins
1167 4285 1217 4358 qui
1230 4301 1316 4356 super
1330 4301 1430 4342 omnes
1451 4291 1503 4354 est,
1523 4287 1591 4360 quia
1610 4288 1684 4345 Deus
1700 4287 1822 4344 mande·

69 4379 224 4436 recusavit.
241 4378 316 4449 Ergo
338 4377 410 4433 dum
433 4377 520 4432 borno
535 4382 650 4448 tempus
671 4373 773 4430 babet:
793 4375 920 4448 seipsum
974 4373 1016 4429 vit
1036 4379 1069 4429 nt
1087 4390 1104 4428 a
1120 4379 1195 4430 malo
1214 4374 1339 4430 declines
1362 4379 1392 4430 et
1411 4375 1520 4431 bouum
1545 4375 1641 4431 facies.
1668 4377 1702 4431 Et
1713 4376 1778 4432 ideo
1789 4375 1820 4432 in

71 4485 131 4525 non
153 4467 293 4540 negligat,
316 4464 366 4520 sed
386 4463 531 4535 refugium
545 4479 626 4534 purae
645 4461 832 4519 confessionis
845 4478 922 4535 quae·
972 4462 1141 4535 precordiis
1166 4462 1223 4518 tuie
1246 4462 1425 4535 perbonam
1458 4462 1634 4520 uoluntatem
1661 4470 1741 4521 tuem
1766 4464 1822 4520 hoc

70 4565 125 4625 rat,
146 4563 181 4612 ut
199 4557 289 4612 etiam
323 4553 410 4609 Filius
429 4568 513 4608 meus
544 4552 682 4625 proecepit
700 4552 730 4607 in
755 4552 918 4623 Evangelio,
963 4551 1059 4607 modo
1083 4551 1232 4607 abundare
1262 4551 1358 4618 debes,
1384 4551 1475 4609 neda
1496 4551 1615 4624 perditis
1638 4552 1739 4608 ovibus
1770 4553 1820 4620 eis,

71 4646 185 4700 dicens:
207 4641 290 4698 Vade
303 4639 457 4698 eforfende
471 4645 500 4694 fe
513 4638 665 4706 mcerdofi,
680 4642 709 4694 ef
721 4638 794 4710 offer
817 4654 921 4695 munuc
973 4641 1023 4696 sed
1048 4639 1193 4694 sanctifica
1229 4638 1353 4711 teipsum
1383 4646 1449 4696 ante
1480 4642 1582 4707 ueuor,
1612 4641 1644 4696 in
1666 4640 1820 4696 refectione

70 4737 151 4790 fuum
180 4730 258 4805 quud
288 4728 420 4803 precepit
451 4729 546 4785 Moser
575 4727 607 4784 in
634 4726 827 4784 testimonium
857 4727 920 4784 illie
972 4728 1172 4785 deficientibus
1194 4727 1230 4784 de
1255 4735 1304 4784 tua
1325 4728 1484 4786 substantie
1507 4729 1651 4798 tribuens;
1679 4729 1819 4801 qnoniam

70 4823 114 4890 (ef
134 4822 188 4876 ffb.
205 4827 283 4890 vrrs)
317 4817 393 4884 Quid
420 4816 660 4888 boefTuqniin
677 4817 799 4889 peccetis
822 4819 920 4874 sordes
972 4823 1002 4872 et
1027 4821 1095 4872 tuuc
1124 4817 1198 4872 Dens
1224 4815 1450 4874 misericordiam
1478 4833 1559 4874 snam
1579 4817 1680 4873 intnis
1697 4815 1821 4874 ueneriis

70 4927 136 4966 cum
158 4917 188 4964 te
210 4908 246 4964 ab
271 4908 329 4962 illis
351 4906 503 4962 emundari
524 4906 679 4973 desideres,
701 4905 765 4962 ride
785 4906 862 4961 boue
876 4907 921 4961 in·
972 4909 1106 4976 superte
1126 4919 1184 4960 non
1218 4905 1386 4960 continebit.
1407 4905 1490 4970 Quod
1513 4905 1538 4960 si
1559 4904 1819 4974 herreocelorum

68 4999 211 5066 modone,
226 5001 256 5051 et
275 4995 393 5052 ostende
417 4994 468 5049 ille
487 5010 559 5066 pure
574 4993 754 5050 confessione
776 4993 919 5049 secerdoti
972 5007 1112 5062 rumorem
1134 4993 1287 5049 utilitatem
1308 4993 1360 5049 tibi
1375 4991 1459 5048 affert
1487 4993 1648 5066 compassio
1666 4993 1820 5066 illaquam

70 5103 120 5159 qur
135 5087 271 5143 minister
290 5101 371 5142 meus
387 5090 442 5152 ost,
463 5089 491 5140 et
504 5083 577 5140 offer
590 5083 694 5140 devoto
711 5083 798 5139 corde
814 5099 918 5138 mirans
972 5099 999 5136 s:
1011 5101 1018 5154 1
1029 5098 1061 5136 er
1076 5081 1158 5138 illum
1177 5080 1265 5136 habes
1289 5083 1340 5153 qni
1360 5083 1473 5138 nullum
1496 5083 1664 5139 thesaurum
1682 5083 1819 5154 possidet,

69 5191 144 5232 verre
168 5173 358 5248 prenitentrre,
382 5175 459 5247 qnod
476 5190 510 5230 ex
527 5176 673 5229 uoluntate
694 5173 745 5228 Dei
764 5171 918 5244 praesigna·
971 5186 1059 5242 qnem
1081 5171 1105 5226 si
1128 5185 1215 5240 snper
1244 5186 1383 5242 magnum
1410 5177 1538 5226 montem
1564 5172 1720 5228 ascendens
1743 5170 1819 5226 mul·

69 5267 110 5320 rit
124 5265 185 5331 ille,
212 5265 263 5337 qui
281 5263 317 5319 de
337 5265 436 5320 militis
459 5262 697 5318 inundationibus
718 5260 917 5316 sorroooioi-
971 5266 1030 5314 lam
1059 5259 1211 5330 pecuniam
1236 5259 1299 5314 ariri
1333 5259 1364 5314 in
1394 5259 1528 5331 superbia
1570 5265 1619 5314 tua
1648 5259 1819 5331 possideres.

68 5354 189 5423 quitatis
201 5368 255 5425 per
268 5352 396 5408 divinem
411 5351 570 5424 potentiam
582 5352 698 5408 ablutus
711 5356 765 5418 est,
788 5355 822 5405 ut
835 5351 917 5405 testi·
971 5347 1145 5413 Quomodo?
1161 5347 1260 5404 illelius
1279 5347 1358 5403 anim
1372 5353 1414 5403 eet
1432 5347 1484 5414 tibi
1502 5353 1532 5404 ut
1547 5348 1693 5404 modicum
1708 5347 1822 5421 pusillis

67 5443 194 5498 licentur
213 5441 256 5497 illi
276 5441 327 5514 qni
349 5446 378 5496 te
405 5441 487 5513 prius
508 5439 539 5495 io
561 5440 645 5496 melis
661 5438 772 5495 actibus
786 5437 918 5494 riderent
971 5437 1002 5492 in
1016 5435 1179 5493 bumilitate
1194 5436 1255 5506 dee,
1276 5451 1363 5509 quam
1379 5451 1502 5509 regnum
1520 5436 1698 5496 mendicum
1713 5453 1819 5511 magna
