3984 6034
80 280 144 341 tati
285 314 293 323 ·
616 282 818 347 Persicam
831 284 896 347 tte.
918 284 976 359 illl,
998 284 1042 346 bu
1059 284 1282 347 anteatinus
1757 292 1824 353 tear

77 430 131 475 nus
159 408 296 489 frigescit,
318 407 368 474 sed
390 412 457 491 plus
475 413 583 475 calidus
610 424 654 475 est
678 424 707 474 et
740 425 918 488 mansuetus,
937 420 1031 479 aitte
1053 420 1157 479 herbas
1181 420 1294 495 querit.
1320 432 1384 492 que
1409 419 1445 477 de
1468 420 1567 478 eodem
1592 436 1658 479 aare
1680 432 1823 493 crescunt,

78 513 163 578 atque
188 507 296 563 munda
319 507 425 580 pabula
447 508 582 564 comedit.
606 510 677 564 earo
707 509 771 580 ejus
795 511 873 565 sanis
895 517 925 566 et
979 516 1010 566 at
1029 509 1093 566 illas
1116 510 1240 567 comedit
1261 513 1311 580 (³),
1341 516 1370 566 et
1393 511 1433 566 sic
1457 510 1540 566 bonis
1562 516 1591 567 et
1614 513 1690 569 sanis
1714 517 1826 586 pascuis

78 594 200 651 infirmis
230 596 265 652 ad
297 596 508 652 comedendum
532 596 607 653 bona
632 604 675 652 est
700 601 747 668 (l).
778 598 849 652 Cum
876 616 925 654 au·
979 598 1081 655 utitur.
1108 601 1141 655 lit
1168 616 1233 655 caro
1262 600 1324 670 ojus
1352 599 1429 653 sanis
1457 606 1485 654 et
1511 600 1635 655 infirmis
1663 602 1826 658 bominibus

78 689 136 739 tem
148 684 278 752 senserit,
294 685 372 757 quod
390 685 465 739 remi
483 686 514 739 in
529 685 664 741 cornibus
688 686 750 755 ejus
773 686 834 756 jam
850 687 925 741 ultra
978 687 1055 743 bona
1067 693 1119 743 est.
1136 690 1227 744 llomo
1246 692 1342 743 autem
1357 688 1407 759 qui
1422 689 1457 743 de
1471 690 1553 743 euicit
1567 689 1713 761 fatigatur,
1731 692 1765 747 de
1778 693 1825 763 je-

79 788 138 827 non
158 775 328 845 procedunt,
355 778 423 829 tnnc
445 773 498 829 scit
516 774 594 847 quod
615 773 721 844 jamin
746 790 925 829 scatescere
979 794 1044 833 core
1059 777 1122 849 ejus
1145 794 1220 849 saepe
1239 777 1381 841 comedat,
1406 783 1435 833 et
1457 778 1541 833 wicht
1558 777 1590 833 in
1605 796 1639 834 eo
1660 784 1824 851 compescit.

78 861 180 933 incipit
193 868 223 917 et
243 863 340 917 tardus
363 860 437 932 fieri,
459 869 489 917 et
502 868 572 918 tunc
585 862 734 934 quoddam
755 865 865 919 flumen
886 864 926 919 in·
980 864 1034 921 Sed
1057 870 1085 921 et
1099 864 1200 937 siquis
1221 866 1255 919 de
1281 865 1414 919 carnibus
1435 865 1496 936 ejus
1521 868 1826 938 supermolarem

78 954 133 1018 tra,
149 954 178 1005 et
191 950 294 1021 dnmpb
315 952 351 1006 de
373 950 495 1006 flumina
515 950 717 1006 ascendentem
733 952 763 1006 iu
779 968 809 1006 sa
825 952 923 1020 trabit,
979 958 1008 1008 at
1021 952 1119 1007 faetida
1139 953 1174 1007 ab
1195 952 1245 1007 illo
1261 958 1397 1024 purgant.
1421 953 1455 1007 Et
1469 952 1521 1024 qui
1537 951 1614 1009 inter
1635 957 1764 1027 scapulas
1792 958 1826 1011 de

79 1043 108 1094 st
131 1045 200 1094 tunc
220 1040 255 1093 de
279 1038 341 1109 ipso
364 1036 484 1093 flumine
509 1039 670 1110 egrediens,
704 1038 745 1094 ibi
771 1040 803 1094 in
830 1040 924 1095 littore
978 1040 1053 1108 orcle
1076 1038 1223 1112 fatigatur,
1239 1056 1289 1095 cor
1303 1042 1365 1111 ejus
1389 1041 1511 1095 exsiccet
1534 1050 1563 1097 et
1584 1052 1686 1109 seruet,
1712 1051 1739 1097 et
1762 1061 1827 1099 cum

79 1125 214 1182 herbulas
229 1126 284 1182 sibi
298 1126 501 1182 convenientes
522 1126 657 1192 comedit,
682 1131 709 1182 et
728 1126 832 1182 deinde
847 1144 925 1199 quae·
978 1128 1055 1183 inter
1069 1129 1198 1199 scapulas
1217 1129 1303 1197 dolet,
1320 1128 1397 1183 idem
1418 1145 1468 1184 cor
1485 1128 1516 1182 in
1535 1128 1688 1185 baumoleo
1705 1130 1826 1203 intinge,

79 1214 117 1269 rit
131 1214 236 1283 locum,
252 1214 303 1271 ubi
325 1216 396 1269 uncle
419 1213 560 1282 inveniat;
585 1214 661 1286 qarod
683 1230 749 1269 cum
771 1215 924 1285 invenerit,
979 1221 1009 1271 et
1022 1217 1062 1272 ita
1076 1233 1163 1289 super
1180 1217 1275 1271 locum
1295 1216 1401 1272 doloris
1424 1216 1500 1271 illius
1515 1217 1582 1288 liga,
1607 1224 1636 1273 ct
1660 1221 1761 1274 melius
1776 1222 1827 1275 ba·

78 1303 160 1359 valde
173 1303 239 1372 luet,
258 1302 299 1359 ita
312 1305 388 1374 quod
408 1303 445 1358 de
467 1302 522 1359 hoc
541 1303 630 1357 benet
652 1302 702 1356 ille
726 1303 808 1359 valde
823 1304 925 1376 fatiga·
978 1303 1067 1360 bebit.
1084 1304 1138 1361 Sed
1162 1303 1256 1375 etqui
1274 1303 1306 1357 in
1328 1303 1475 1358 stomacho
1495 1302 1583 1372 dolet,
1606 1305 1651 1360 ita‘
1671 1306 1749 1377 quod
1772 1312 1829 1363 sto-

79 1396 136 1459 tur,
160 1392 239 1463 quod
262 1390 350 1447 etiam
372 1397 474 1447 contra
497 1391 593 1463 ipsum
617 1406 734 1445 cerrum
753 1388 839 1443 ssatus
859 1403 926 1441 siros
980 1391 1098 1445 uracbus
1113 1391 1175 1461 ejus
1197 1394 1358 1460 vireytergit
1377 1397 1430 1457 est,
1449 1393 1494 1445 vel
1508 1391 1628 1462 frigidus
1648 1399 1699 1458 est,
1721 1396 1763 1448 vel
1780 1396 1828 1449 iu·

78 1478 193 1533 emittit.
210 1478 266 1534 Sed
281 1494 381 1533 cervos
392 1478 524 1550 magisne
538 1478 630 1548 magis
643 1493 742 1532 vocem
756 1491 838 1531 suam
851 1476 925 1529 exal·
980 1479 1100 1533 duratus
1122 1484 1174 1547 est,
1195 1478 1236 1533 ita
1251 1479 1329 1551 quod
1353 1484 1495 1534 comestos
1515 1480 1594 1534 cibos
1618 1480 1747 1549 digerere
1770 1498 1826 1536 nean

78 1570 129 1634 tat,
143 1567 198 1622 luet
212 1567 391 1635 etorelryut3
404 1572 433 1620 at
445 1565 559 1621 undem
570 1566 641 1620 uncle
651 1565 698 1619 illo
711 1564 794 1637 qnasi
807 1580 868 1635 prae
882 1565 926 1617 ira
979 1572 1084 1637 potest,
1109 1568 1197 1623 unslet
1221 1568 1283 1638 ejus
1309 1567 1439 1637 accipiat,
1466 1572 1495 1622 et
1515 1566 1550 1623 ad
1573 1569 1687 1622 tertiam
1715 1574 1825 1639 partem

78 1653 108 1707 iu
122 1653 291 1725 fatigatione
307 1671 337 1708 se
351 1654 382 1709 in
397 1671 429 1709 os
442 1654 521 1709 illius
535 1658 661 1725 torquet,
680 1659 709 1709 et
721 1657 849 1708 ventrem
863 1655 925 1722 ejus
944 1656 1077 1746 Boleum
1098 1655 1134 1711 de
1157 1656 1250 1711 fructu
1272 1655 1458 1723 bopenbucbc,
1480 1655 1524 1709 vel
1546 1657 1581 1711 de
1603 1654 1669 1725 fago
1692 1656 1774 1724 adde,
1800 1662 1827 1711 et

77 1741 175 1810 intrat,
200 1743 278 1814 qnod
301 1759 401 1798 cerrus
426 1741 563 1810 sentiens,
587 1756 653 1796 mox
673 1747 810 1813 properat
827 1741 924 1810 queck·
979 1744 1043 1797 haec
1064 1743 1149 1798 simul
1166 1743 1358 1809 commisceat,
1381 1749 1409 1797 ct
1423 1743 1463 1797 sic
1478 1759 1530 1813 per
1544 1743 1735 1798 canabineum
1754 1760 1825 1815 pau·

78 1830 208 1899 brunnen,
228 1847 316 1902 quem
329 1831 419 1902 hujus
438 1836 550 1885 naturae
569 1830 631 1893 scit,
647 1829 725 1901 quod
749 1827 847 1883 omnia
867 1844 925 1900 pu·
979 1846 1050 1885 num
1076 1832 1186 1899 stricte,
1216 1838 1244 1885 et
1274 1846 1402 1902 pannum
1425 1830 1513 1885 istum
1537 1846 1626 1901 super
1647 1833 1825 1887 stomachum

77 1917 152 1973 frida
171 1924 199 1975 et
212 1935 323 1973 venena
344 1916 447 1986 aufert,
473 1922 503 1972 et
521 1934 556 1972 er
579 1917 630 1972 iila
652 1916 859 1988 supramodum
882 1915 925 1971 bi·
978 1934 1063 1972 suum
1086 1923 1185 1988 ponat,
1208 1924 1237 1973 et
1258 1917 1298 1973 sic
1313 1923 1417 1988 portet,
1436 1922 1465 1973 et
1483 1918 1613 1990 quamvis
1631 1920 1713 1974 dolor
1727 1918 1758 1973 in
1770 1924 1826 1975 sto·

75 2005 128 2073 bit,
144 2006 184 2060 ita
207 2006 285 2079 quod
308 2005 395 2061 etiam
418 2006 497 2061 idem
518 2006 587 2060 unck
611 2003 646 2059 de
670 2020 746 2076 aqua
767 2003 819 2059 illa
841 2004 870 2057 in
889 2019 923 2058 eo
978 2006 1080 2061 macho
1101 2007 1164 2077 ejus
1187 2006 1269 2063 fortis
1290 2007 1337 2074 sit,
1354 2006 1457 2061 melius
1473 2005 1599 2062 babebit.
1619 2006 1699 2072 Quod
1715 2006 1739 2061 si
1755 2024 1824 2063 usu·

76 2092 281 2164 submergitur,
299 2092 328 2147 id
349 2098 393 2148 est
415 2092 575 2147 erdrirrclset.
600 2092 661 2157 Quo
683 2092 759 2147 facto
788 2089 924 2145 herbulas
977 2100 1055 2149 uum
1076 2094 1173 2150 oleum
1194 2094 1300 2149 habere
1325 2094 1441 2163 poterit,
1466 2109 1567 2164 sepum
1592 2094 1627 2148 de
1653 2096 1715 2149 reclt
1737 2111 1825 2166 super

75 2178 189 2250 qnaerit,
211 2195 277 2251 qnae
299 2178 501 2251 purgationem
516 2178 635 2245 faciunt,
660 2183 688 2233 et
703 2178 767 2233 illas
785 2176 920 2243 comedit,
976 2182 1129 2254 preafatam
1145 2197 1273 2253 pannum
1289 2186 1436 2251 ponat„nt
1457 2180 1628 2251 preadictum
1650 2188 1703 2248 est,
1719 2188 1749 2236 et
1765 2189 1824 2237 sto·

16 2321 17 2344 ,
74 2270 103 2321 et
116 2265 158 2320 ita
183 2269 347 2336 serpentem
367 2282 418 2337 per
436 2266 606 2338 posteriora,
625 2265 704 2320 velut
718 2282 784 2320 cum
805 2265 922 2335 potione
976 2269 1077 2323 macho
1101 2285 1154 2352 suo
1177 2269 1386 2339 circumponat,
1403 2267 1452 2325 sed
1474 2269 1509 2324 ad
1527 2268 1582 2324 boc
1605 2270 1761 2340 eynplaster
1778 2270 1823 2325 fe·

73 2353 189 2423 emittit,
214 2353 283 2426 qnia
307 2353 332 2408 si
352 2353 431 2409 idem
453 2369 570 2426 serpens
592 2369 646 2425 per
668 2370 736 2408 enm
751 2369 809 2407 non
825 2356 920 2406 trans·
975 2356 1119 2425 ciendum,
1144 2356 1241 2411 oleum
1266 2356 1302 2411 de
1325 2357 1503 2425 hagenbucha
1529 2358 1633 2413 melius
1662 2363 1705 2413 est
1736 2374 1823 2431 quam

16 2495 24 2528 ξ,
71 2442 137 2510 iret,
153 2442 188 2497 de
210 2458 322 2497 veneno
344 2441 422 2496 illins
444 2446 615 2497 moreretur.
642 2442 674 2496 Et
696 2446 765 2495 tnnc
779 2439 921 2495 infirmari
976 2446 1073 2500 oleum
1088 2445 1123 2500 de
1137 2444 1285 2513 rothaid).

16 2539 17 2546 ’
71 2529 191 2602 incipit;
216 2529 319 2587 deinde
343 2536 441 2586 autem
468 2530 572 2585 vallem
595 2527 710 2602 quaerit,
731 2528 781 2583 arbi
804 2527 919 2599 optimoe
1045 2533 1109 2589 Cre.
1129 2533 1234 2587 llll.-
1248 2532 1289 2587 lle
1308 2531 1478 2588 Srsrunocrr
1499 2531 1537 2604 (5)
1558 2530 1618 2606 [lV,
1634 2548 1675 2602 ιιι,
1694 2533 1749 2604 lli.

16 2655 17 2658 =
72 2619 200 2674 herbeim
243 2625 384 2689 crescunt,
414 2636 480 2691 qnae
514 2617 668 2674 sanitatem
697 2616 858 2684 conferunt,
891 2619 921 2671 et
1008 2620 1160 2690 steynbock
1179 2620 1244 2693 plus
1266 2620 1389 2691 frigidus
1413 2625 1455 2674 est
1479 2636 1565 2693 qnam
1581 2620 1701 2690 calidus,
1720 2626 1821 2677 attor·

72 2724 120 2764 0⁸³
139 2707 181 2762 ihi
203 2708 337 2771 comedit,
365 2712 394 2763 ei
430 2705 470 2761 iia
496 2705 539 2762 ibi
566 2705 628 2762 iere
655 2722 708 2778 per
734 2720 863 2760 mensem
888 2702 918 2758 in
976 2713 1076 2765 tuosus
1102 2708 1134 2764 in
1157 2709 1287 2763 moribus
1309 2707 1379 2777 sule,
1395 2715 1423 2761 et
1446 2708 1475 2763 in
1500 2707 1647 2764 montibus
1669 2725 1701 2763 ac
1717 2709 1747 2763 in
1770 2725 1823 2765 ne·

72 2795 170 2867 quiete
190 2796 277 2868 jacet,
297 2800 327 2851 et
348 2795 389 2850 ibi
412 2794 499 2850 etiam
523 2809 630 2849 cornua
653 2800 682 2849 at
696 2793 790 2849 crines
807 2792 870 2863 ejus
882 2790 918 2847 ab
972 2798 1042 2853 bulo
1056 2803 1086 2853 ot
1105 2798 1137 2852 in
1162 2796 1248 2867 doffte
1268 2802 1296 2851 et
1309 2796 1341 2851 in
1355 2795 1453 2851 dnum
1475 2796 1600 2851 libenter
1618 2791 1768 2865 versetur,
1782 2804 1822 2852 at·

72 2900 107 2939 eo
123 2883 239 2955 cadunt,
263 2890 293 2940 at
313 2888 382 2940 tunc
397 2883 578 2957 aliquantum
597 2881 743 2945 meliorari
756 2881 868 2953 incipit.
884 2880 920 2936 Et
973 2902 1030 2958 qua
1053 2885 1192 2941 fortitudo
1221 2884 1283 2956 ejus
1305 2889 1364 2939 tam
1391 2884 1543 2955 repentina
1569 2887 1623 2951 est,
1645 2884 1723 2956 quod
1745 2901 1821 2957 saepe

71 2977 172 3043 postea
186 2977 215 3028 et
237 2972 333 3029 denuo
353 2972 390 3028 ad
411 2971 581 3042 predictum
605 2970 808 3041 queckbronnen
830 2968 918 3035 vadit,
937 2952 959 3008 C
975 2975 1016 3030 ita
1039 2974 1152 3030 laborat
1175 2972 1231 3044 (6);
1248 2973 1298 3028 sed
1320 2988 1387 3027 caro
1406 2971 1468 3043 ejus
1491 2973 1627 3027 slimechte
1650 2973 1751 3045 [livosa
1764 2972 1819 3047 ed]

72 3065 103 3114 et
120 3066 188 3115 tunc
208 3059 352 3116 modicum
377 3075 459 3115 exeo
475 3059 556 3128 bibit,
575 3063 609 3114 nt
621 3062 646 3113 sl
661 3059 729 3130 quid
744 3058 874 3114 foetidum
889 3055 920 3112 in
973 3068 1018 3120 ost
1031 3068 1060 3119 ct
1082 3062 1208 3130 infirma,
1224 3064 1254 3116 et
1271 3076 1322 3116 nec
1344 3076 1415 3115 sano
1438 3077 1491 3116 nec
1511 3060 1627 3117 infirmo
1650 3061 1762 3117 bomini
1786 3064 1820 3118 ad

73 3164 108 3203 eo
132 3148 312 3215 remanserit,
337 3148 444 3203 iterum
471 3147 572 3203 leviter
594 3153 744 3218 purgetur,
760 3161 793 3200 ac
816 3146 920 3202 deinde
974 3150 1183 3206 comedendum
1204 3150 1287 3203 valet.
1313 3147 1367 3203 Sed
1386 3151 1483 3202 tamen
1499 3147 1584 3203 borno
1600 3148 1651 3219 qui
1671 3164 1759 3204 sanus
1777 3156 1822 3204 est

73 3235 207 3307 praefatas
241 3236 377 3290 herbulas
400 3236 506 3290 iterum
536 3234 670 3304 comedit,
694 3236 723 3290 et
754 3234 795 3290 ita
825 3234 921 3290 senari
974 3255 1042 3294 euru
1057 3241 1217 3293 comestum
1237 3251 1374 3307 superare
1388 3240 1490 3306 potest.
1504 3236 1544 3291 lle
1560 3237 1635 3307 pelle
1654 3237 1821 3308 autemejus

73 3323 186 3395 incipit,
229 3329 259 3379 et
300 3340 409 3378 cornua
442 3324 473 3378 in
505 3339 539 3379 eo
580 3327 722 3390 crescunt,
754 3327 784 3378 et
814 3323 921 3378 iterum
974 3324 1122 3397 cingulum
1138 3330 1167 3379 et
1181 3324 1319 3379 sotulares
1340 3323 1383 3379 fac
1403 3330 1432 3379 et
1446 3340 1496 3379 eos
1514 3323 1614 3393 indue,
1629 3329 1659 3379 et
1669 3326 1821 3380 sanitatem

75 3411 169 3466 crines
199 3410 262 3481 eius
299 3410 471 3481 procedunt,
516 3415 545 3465 et
574 3417 675 3481 postea
710 3426 775 3465 caro
801 3410 864 3480 ejus
893 3414 922 3465 et
974 3412 1090 3483 corpori
1105 3417 1156 3467 tuo
1178 3416 1356 3466 conservant.
1378 3411 1414 3467 Et
1435 3412 1556 3468 caudam
1579 3414 1641 3482 ejus
1660 3428 1724 3467 cum
1746 3412 1822 3483 pelle

75 3499 174 3555 omnia
196 3515 261 3572 quae
281 3500 312 3553 in
334 3516 368 3554 eo
392 3504 468 3565 sunt,
497 3498 611 3553 saniora
632 3504 709 3567 sunt,
731 3512 817 3568 quarn
840 3496 922 3567 prius
974 3502 1083 3553 etcum
1106 3496 1239 3552 carnibus
1264 3496 1354 3567 ipsius
1371 3497 1468 3551 caude}
1487 3497 1606 3566 exsicca,
1629 3503 1658 3553 et
1684 3499 1715 3553 in
1734 3515 1820 3555 manu

74 3589 202 3644 fuerunt.
218 3588 245 3643 Si
261 3587 326 3660 quis
347 3595 442 3643 autem
466 3588 554 3643 homo
575 3601 675 3641 carnes
695 3584 770 3640 cerui
794 3585 922 3657 aliqnan-
973 3590 1026 3641 tna
1045 3586 1140 3657 ipsum
1155 3590 1246 3656 porta,
1268 3589 1298 3639 et
1312 3598 1365 3638 nec
1379 3599 1432 3655 per
1454 3586 1554 3640 zauber
1566 3586 1689 3657 [magica
1704 3587 1760 3657 cdi
1776 3603 1824 3643 ex·

75 3682 138 3731 tum
161 3676 268 3732 calidas
292 3681 320 3731 et
344 3691 403 3731 non
422 3674 563 3730 ferventes
583 3673 717 3742 comedit,
743 3674 922 3728 stomachum
974 3679 1020 3729 tra
1040 3672 1216 3729 voluntatem
1231 3676 1310 3726 tuam
1325 3670 1441 3727 interim
1459 3672 1525 3727 duci
1542 3672 1659 3743 poteris.
1680 3674 1714 3729 Et
1732 3674 1757 3729 si
1772 3691 1823 3730 re-

75 3765 138 3837 ejus
162 3768 268 3837 purgat
290 3770 320 3819 et
342 3764 436 3819 levem
457 3763 541 3819 illum
555 3762 632 3817 facit.
655 3763 691 3817 Et
704 3762 740 3818 de
754 3777 843 3817 cornu
859 3761 922 3832 eJ'us
975 3778 1084 3818 neurim
1105 3768 1155 3815 aut
1176 3760 1208 3816 in
1225 3760 1287 3815 cibo
1302 3763 1352 3815 aut
1367 3759 1399 3815 in
1420 3767 1492 3831 potu
1507 3760 1673 3831 sumpseris,
1688 3768 1756 3817 tnnc
1769 3768 1823 3819 sta·

74 3854 182 3922 ecliobe,
198 3857 229 3909 et
252 3853 308 3908 hoc
323 3853 401 3925 qnod
416 3851 485 3907 inde
506 3850 722 3919 schematibus
741 3847 825 3917 adde,
840 3853 870 3904 et
887 3848 921 3904 ad
976 3853 1030 3906 tim
1052 3849 1183 3905 eamdem
1206 3848 1327 3904 caudam
1352 3853 1402 3904 ant
1425 3850 1454 3903 in
1468 3836 1580 3905 ¹einum
1608 3855 1658 3905 aut
1674 3850 1706 3905 in
1732 3850 1823 3907 alium

75 3943 175 4013 ignem
185 3941 411 4010 simulincende,
420 3946 450 3995 et
459 3943 533 3996 odor
540 3939 641 4011 ejusde
649 3937 827 4007 fortitudine,
835 3954 923 4010 quam
976 3938 1137 4013 quemlibet
1150 3942 1251 4009 potum
1267 3952 1318 4007 per
1332 3936 1431 3991 horam
1448 3953 1537 3991 unam
1552 3953 1638 4009 pone,
1650 3942 1678 3993 st
1692 3937 1731 3993 sic
1745 3939 1823 4009 bibe,

75 4028 177 4087 eedem
188 4045 298 4085 cornua
310 4029 340 4083 io
361 4046 391 4084 se
411 4028 530 4098 habent,
547 4045 646 4084 aereos
659 4026 777 4100 spiritns
789 4026 880 4099 fugat,
894 4032 923 4082 et
977 4034 1006 4084 et
1019 4042 1163 4082 venenum
1179 4025 1249 4081 illud
1266 4030 1317 4079 aut
1326 4041 1378 4095 per
1392 4040 1529 4080 nauseam
1543 4030 1594 4080 ant
1612 4042 1663 4097 per
1681 4043 1823 4083 secessum

75 4117 188 4190 magice
207 4118 373 4190 compescit,
390 4123 420 4173 et
437 4118 538 4172 zauber
558 4122 588 4172 et
601 4117 692 4172 indas
706 4132 818 4171 vermes
831 4115 921 4187 fugat.
978 4133 1031 4189 per
1043 4120 1071 4171 te
1087 4114 1232 4183 transibit,
1243 4113 1484 4169 etsiccuraberis.
1500 4113 1592 4170 Sedet
1605 4116 1642 4171 de
1657 4132 1746 4171 cornu
1763 4116 1824 4189 ejus

75 4206 131 4263 Sed
141 4210 171 4261 et
182 4206 233 4278 qni
242 4206 324 4277 jecor
337 4205 400 4277 ejus
410 4206 546 4275 comedit,
560 4206 635 4273 picbt
647 4205 684 4260 ab
698 4221 733 4260 co
754 4204 920 4275 compescit,
940 4228 963 4283 Ι)
979 4203 1165 4260 manubrium
1174 4201 1283 4258 cultelli
1297 4201 1350 4271 fac,
1362 4206 1391 4256 et
1413 4201 1485 4257 illud
1497 4207 1548 4257 aut
1562 4203 1593 4257 in
1604 4218 1691 4259 mann
1710 4209 1761 4259 tua
1774 4211 1826 4261 aut

73 4300 103 4351 et
117 4294 299 4350 stomachum
326 4294 388 4365 ejus
406 4299 519 4365 purgat,
536 4297 565 4348 et
585 4293 676 4348 levem
691 4292 775 4347 illum
789 4292 866 4348 facit.
976 4290 1046 4345 aliae
1061 4290 1137 4362 apud
1148 4296 1175 4345 te
1185 4306 1298 4361 semper
1311 4288 1689 4355 habeas,etsanitatemtibi
1702 4294 1823 4349 confert.

196 4384 260 4439 Gar.
281 4382 322 4437 xl.
343 4412 378 4423 -
396 4383 438 4437 lle
456 4382 535 4437 ileon
555 4380 592 4453 (i)
612 4379 667 4450 [lv,
687 4398 729 4450 ιιι,
748 4378 804 4453 13].
979 4378 1163 4450 Caeteraquee
1174 4379 1203 4431 in
1219 4394 1253 4432 eo
1265 4380 1341 4445 sunt,
1353 4376 1387 4431 ad
1405 4378 1576 4432 medicinam
1589 4395 1648 4432 non
1662 4381 1758 4435 valent
1773 4380 1824 4451 (7).

34 4482 38 4487 ’
109 4472 182 4528 ltecb
202 4475 378 4542 temperatus
402 4468 516 4541 [frigida
539 4467 593 4541 ed}
619 4473 671 4536 eet,
694 4475 723 4523 et
747 4473 923 4537 mansuetus,
1095 4466 1159 4521 Cae.
1181 4466 1252 4520 lilii.
1273 4494 1308 4507 -
1327 4465 1368 4519 lte
1389 4466 1499 4519 Wreaur
1517 4462 1572 4538 llll,
1590 4482 1630 4534 ιιι,
1652 4466 1706 4536 fil.

74 4566 105 4616 et
126 4560 265 4615 mundam
287 4565 421 4613 naturam
442 4558 539 4625 babet,
563 4561 592 4611 et
612 4562 725 4611 montes
741 4557 866 4612 libenter
879 4572 924 4609 as·
1019 4555 1129 4608 Wiscnt
1141 4551 1249 4607 calidus
1262 4555 1314 4619 est,
1340 4557 1368 4606 et
1382 4552 1442 4606 fere
1457 4568 1554 4607 mores
1574 4554 1649 4607 cervi
1664 4553 1760 4621 babet,
1776 4556 1826 4610 sed

75 4648 182 4716 cendit,
195 4652 224 4702 et
239 4662 335 4715 aerem
353 4644 465 4718 quaerit,
493 4662 544 4700 nec
563 4644 649 4700 nimis
669 4643 779 4699 calidus
803 4660 856 4699 nec
881 4643 925 4698 ni·
980 4640 1105 4697 velocior
1123 4644 1152 4694 et
1171 4639 1318 4694 modicum
1343 4640 1439 4694 sanior
1461 4655 1544 4695 cerro
1568 4646 1619 4695 est.
1637 4640 1671 4695 Et
1684 4656 1750 4696 caro
1764 4640 1827 4713 ejus

75 4731 132 4788 mis
154 4731 277 4803 frigidus
310 4737 362 4801 est,
388 4730 437 4786 sed
460 4735 647 4802 temperatus,
672 4734 702 4785 at
723 4729 755 4783 in
778 4728 926 4784 montibus
980 4746 1050 4785 sana
1077 4735 1121 4784 est
1143 4727 1177 4783 ad
1199 4727 1407 4783 concedendum
1432 4732 1460 4784 et
1482 4728 1593 4784 homiui
1623 4730 1700 4785 bona
1721 4734 1774 4786 est·
1798 4731 1826 4785 Si

114 4892 152 4962 (l)
172 4892 241 4958 Once
262 4895 423 4963 sequuntur
449 4908 539 4963 nsque
558 4891 594 4946 ad
617 4896 642 4946 si
662 4893 724 4961 quir
738 4897 829 4947 autern
849 4890 927 4945 bomo
1017 4891 1052 4958 (3)
1073 4890 1108 4943 lit
1120 4902 1209 4942 ouem
1222 4916 1257 4926 -
1270 4885 1384 4941 comedit
1400 4901 1458 4941 om.
1475 4886 1520 4941 cd.

76 4978 173 5020 conces
195 4965 269 5017 cerui
286 4966 461 5032 aliquantum
482 4962 600 5028 calidus,
616 4970 684 5030 etc.,
705 4978 764 5016 om.
789 4963 847 5029 ed,
861 4976 927 5031 quae
1018 4960 1054 5027 (it
1074 4958 1150 5025 Quod
1173 4962 1198 5011 si
1224 4964 1351 5012 neutrum
1377 4987 1413 4998 -
1436 4958 1470 5012 de
1496 4958 1580 5013 rutbo
1603 4974 1660 5013 om.
1690 4959 1736 5014 ed.
1763 4975 1828 5032 quae

76 5035 141 5091 haec
163 5033 334 5088 interserit:
352 5053 367 5080 «
390 5033 422 5087 lit
443 5032 468 5086 si
487 5031 641 5103 quisquam
666 5033 754 5087 bomo
776 5033 806 5087 in
827 5032 926 5102 aliquo
981 5029 1044 5084 liaeo
1057 5029 1144 5083 babet
1164 5028 1195 5082 in
1209 5028 1266 5082 linc
1281 5044 1314 5081 ca
1335 5027 1522 5084 fruticasset
1543 5035 1572 5083 et
1594 5028 1681 5083 bomo
1702 5031 1829 5101 depelle

77 5105 210 5162 membro
234 5120 251 5158 a
274 5102 391 5175 paralisi
418 5103 564 5173 fatigatur,
598 5102 745 5157 cervinum
770 5118 871 5173 sepum
897 5101 927 5154 in
982 5100 1045 5170 ejus
1065 5098 1226 5169 cingulum,
1250 5105 1279 5152 et
1300 5043 1486 5179 ciirothecas,
1515 5104 1544 5152 et
1557 5099 1656 5180 'etiam
1683 5100 1762 5155 velut
1781 5116 1828 5155 ca·

77 5176 186 5249 petella
209 5174 356 5240 dissolvat,
379 5174 458 5228 etad
481 5173 665 5228 medietatem
682 5174 744 5244 ejus
766 5174 801 5228 ds
815 5171 928 5227 hircino
982 5170 1096 5225 misiam
1120 5169 1154 5224 da
1182 5167 1257 5240 pelle
1286 5184 1347 5239 epus
1381 5168 1476 5249 faciat,
1503 5173 1532 5223 et
1556 5169 1635 5224 illam
1663 5170 1699 5225 ad
1724 5175 1830 5237 cutem,

78 5263 161 5318 sepo,
179 5251 209 5300 et
229 5245 375 5301 modicum
396 5243 432 5299 de
457 5244 634 5315 pulverizata
652 5245 762 5299 mirrha
781 5243 876 5309 addat,
900 5245 929 5296 et
981 5242 1061 5295 velut
1081 5255 1168 5320 super
1191 5239 1297 5293 lineam
1321 5240 1468 5295 camisiam
1489 5239 1601 5309 induat,
1618 5244 1645 5295 el
1667 5239 1749 5296 fortis
1765 5256 1829 5313 pes·

79 5317 273 5373 canabineum
299 5330 428 5387 pannum
466 5314 601 5384 intingat,
629 5319 657 5368 et
684 5313 809 5368 calidum
843 5327 929 5384 snper
981 5311 1149 5366 tisintcrrm
1165 5307 1406 5365 sumnonlaedet.

80 5387 245 5445 membrurn
257 5386 289 5441 in
302 5401 361 5458 quo
375 5383 506 5456 paralisis
525 5384 613 5440 fuerit
625 5384 819 5455 constringet;
836 5390 866 5438 et
889 5382 929 5438 sic
1020 5381 1056 5451 (ὅ)
1077 5382 1174 5451 Capro
1186 5380 1260 5436 lbera.

83 5474 161 5531 scepe
177 5457 270 5523 faciat,
292 5465 321 5512 et
334 5456 466 5528 paralisis
480 5455 612 5511 cessabit.
631 5476 642 5504 ι
1019 5452 1058 5522 (d)
1079 5453 1113 5506 Et
1136 5453 1165 5505 in
1182 5451 1317 5506 montibus
1328 5478 1363 5492 -
1379 5450 1484 5507 loborat
1496 5466 1554 5507 om.
1571 5451 1616 5507 ed.

117 5531 158 5602 (ι)
179 5528 278 5587 Cereus
293 5527 443 5597 remeetur.
1021 5521 1058 5595 ll)
1077 5522 1181 5580 detero
1195 5550 1229 5561 -
1243 5523 1334 5577 crient
1348 5538 1406 5577 orn.
1420 5522 1467 5578 ed.

264 5628 403 5693 Parrus.
427 5625 572 5693 cxcvu
1593 5628 1634 5687 ts
