3984 6034
144 173 200 228 253
806 169 998 230 EPlSlObAE.
1014 203 1047 214 ·-
1063 171 1170 230 uulsa.
1190 171 1277 231 llLlll.
1379 203 1382 210 ·
1845 161 1898 220 iil

144 300 256 357 miliari
282 301 372 358 amico
397 318 450 357 suo
478 301 556 358 bona
580 317 633 358 sua
659 301 823 371 committit,
855 307 1039 375 qnatenusrt
1239 303 1443 360 RESPONSUM
1464 299 1710 358 lllbllEGAltlilS.

145 406 201 462 pro
217 390 297 446 bono
310 406 397 463 opere
419 391 588 446 eorumdem
611 391 753 446 bonorum
776 391 939 447 mercedem
960 393 996 447 ab
1052 409 1208 481 remquam
1232 406 1438 482 mammam
1472 409 1621 478 ,mmm
1656 407 1685 460 οι
1712 404 1897 478 mazarorum

145 478 212 549 ipso
225 478 353 551 recipiet.
376 480 467 546 Nunc,
489 478 580 535 ofilii
602 479 663 547 Dei,
683 480 778 536 audite
793 485 821 534 et
834 479 995 552 iutelligite,
1085 479 1186 535 multis
1207 479 1364 549 rednrqrn't,
1387 477 1480 550 perpit
1500 477 1539 533 ad
1551 475 1747 549 praedictiones
1762 476 1898 532 bonorum

145 567 218 638 qnid
239 567 363 638 Spiritus
388 569 439 623 liei
452 567 489 622 ed
511 567 658 630 medicat,
682 584 719 624 ne
733 573 769 625 rte
782 567 901 625 meliore
916 575 997 642 parte
1085 557 1113 606 θ(
1124 551 1268 606 ''2⁰²th
1281 537 1456 618 fumorum·

143 657 281 727 pereatis.
313 659 345 712 lit
359 657 484 728 Spiritus
500 657 551 712 llei
576 656 656 712 vobis
682 657 765 714 dicit:
793 659 825 713 ln
853 658 997 713 civitatem
1087 658 1145 728 Ego
1164 656 1340 728 paupercula
1368 657 1471 721 forma,
1488 669 1553 726 que
1580 652 1611 708 in
1640 669 1686 708 me
1712 668 1764 708 nec
1792 652 1897 706 sanita-

143 750 175 798 ct
201 745 353 816 regionem
378 750 501 801 vestrm
525 746 655 814 aspicite,
669 751 700 801 et
720 746 847 803 ualerios
865 747 998 802 homines
1051 751 1121 812 tem,
1136 762 1190 802 nec
1205 746 1273 814 vim,
1290 761 1341 800 nec
1360 743 1571 811 tortitudinem,
1591 757 1644 797 uec
1662 741 1820 797 doctrinam
1843 742 1898 796 ha·
1968 775 1972 784 ·

143 833 259 888 anobis
272 834 398 904 abjicite,
416 838 468 906 qui
483 835 596 906 pejores
608 834 714 890 iudaeis
740 840 818 902 sunt,
848 839 877 890 et
889 836 998 891 similes
1051 835 1116 900 beo,
1131 833 1181 890 sed
1197 849 1262 906 qnae
1278 831 1422 903 magistris
1448 830 1562 886 subdita
1583 845 1658 897 eum,
1672 830 1707 884 de
1722 829 1840 900 mystico
1856 831 1898 884 lu·

142 921 321 978 Sadducaeis.
342 923 414 978 Nam
430 923 560 995 quaudiu
582 923 728 979 vobiscum
753 924 922 993 manserint,
942 925 999 980 tnti
1053 923 1217 979 mineverae
1248 921 1376 985 visionis,
1392 921 1427 976 ad
1454 921 1589 990 prrelatos
1617 923 1646 972 et
1674 917 1782 972 clerum
1798 915 1899 972 Trevi-

143 1022 209 1062 csse
225 1023 283 1062 non
308 1008 451 1079 poteritis.
482 1009 606 1065 Ecclesia
633 1009 712 1066 enim
738 1025 825 1080 super
845 1010 998 1084 iniquitate
1052 1010 1179 1066 rensium
1208 1010 1269 1065 brec
1295 1009 1381 1064 verbe
1410 1007 1521 1063 audivi:
1550 1008 1686 1063 Doctores
1713 1011 1741 1060 et
1768 1004 1899 1076 magistri

142 1093 270 1150 istorum
289 1097 384 1166 ploret
402 1104 432 1152 et
452 1098 574 1168 plangit,
596 1099 734 1170 quoniam
750 1098 804 1154 lilii
818 1100 881 1171 ejus
896 1101 926 1154 in
942 1099 998 1154 ini·
1053 1100 1123 1156 tuba
1146 1099 1267 1171 justitiae
1294 1113 1397 1153 cauere
1423 1097 1535 1164 nolrrnt,
1552 1095 1617 1150 ideo
1634 1095 1730 1150 oriens
1756 1095 1899 1148 bonorum

146 1182 262 1254 quitate
281 1185 403 1239 istorum
426 1185 670 1242 contaminantur.
692 1187 872 1258 Quapropter
885 1187 1000 1258 ipsosa
1053 1203 1174 1260 opernm
1201 1187 1232 1242 in
1261 1186 1303 1242 eis
1331 1185 1485 1240 exsdnotos
1506 1189 1558 1251 est,
1583 1182 1633 1254 qui
1648 1187 1740 1238 totum
1757 1180 1899 1237 mundum

147 1272 234 1327 robis
247 1273 388 1344 projicite,
404 1289 442 1329 ne
455 1275 640 1346 congregatio
654 1281 684 1330 et
702 1276 800 1330 civiles
822 1281 917 1331 restra
931 1292 999 1348 per·
1053 1275 1208 1344 illuminat,
1223 1279 1253 1330 et
1266 1274 1318 1346 qui
1333 1271 1414 1345 qnasi
1430 1274 1576 1343 speculum
1591 1270 1710 1326 luminis
1724 1273 1777 1324 est.
1799 1269 1900 1324 Oriens

148 1365 208 1428 eat,
234 1361 374 1432 qnoniam
402 1363 434 1416 in
455 1363 574 1418 Colonia
601 1363 714 1433 pridem
737 1364 899 1420 convivium
917 1381 999 1436 rega·
1053 1363 1130 1420 enim
1144 1363 1199 1418 iste
1226 1378 1291 1418 cum
1316 1361 1447 1417 doctrina
1462 1362 1493 1415 in
1520 1360 1561 1414 eis
1576 1361 1670 1414 lucere
1690 1358 1818 1426 deberet,
1835 1373 1898 1422 quae

147 1448 224 1502 lium
239 1449 407 1520 nuptiarum
432 1457 627 1522 praeparatum
643 1457 697 1518 est,
723 1453 801 1508 unde
820 1454 923 1523 plateae
937 1454 1000 1524 ejus
1053 1453 1163 1508 diversa
1178 1457 1322 1524 praecepta
1338 1456 1461 1522 regeret,
1477 1450 1551 1504 sicut
1565 1453 1595 1504 et
1619 1449 1733 1519 sphaera
1760 1445 1827 1501 solis
1854 1444 1901 1501 di·

146 1537 424 1594 adhucinlmiuent.
453 1541 511 1610 ligo
530 1546 627 1595 autem
642 1541 744 1597 timida
768 1546 797 1597 et
824 1543 1000 1612 paupercule
1053 1557 1134 1597 verse
1148 1545 1200 1596 est.
1221 1543 1324 1596 Auster
1350 1539 1437 1594 etiam
1460 1538 1598 1592 virtutum
1613 1551 1678 1590 cum
1694 1538 1853 1591 caloresno
1869 1535 1900 1588 in

145 1641 202 1696 per
214 1626 290 1682 duos
311 1643 403 1682 annos
423 1628 503 1684 valde
529 1629 648 1700 fatigate
672 1645 747 1698 sem,
772 1634 918 1686 uteorum
934 1646 998 1686 ma·
1019 1601 1122 1700 Bipsis
1135 1627 1257 1700 frigidus
1278 1631 1310 1682 ut
1328 1627 1421 1683 hiems
1437 1631 1490 1693 est,
1520 1625 1590 1698 qnia
1616 1625 1692 1680 bona
1719 1639 1806 1694 opera
1820 1627 1849 1678 et
1863 1622 1899 1677 de

142 1714 246 1784 gistris
266 1721 296 1770 et
318 1717 486 1772 doctoribus
507 1733 541 1772 ac
561 1717 672 1775 cetero
694 1719 870 1792 sapientibus
883 1718 914 1774 in
929 1720 998 1790 qni·
1053 1722 1138 1793 igneo
1153 1719 1261 1792 Spiritu
1292 1724 1389 1775 sancto
1421 1715 1522 1787 ignita,
1552 1715 1581 1770 in
1609 1731 1639 1770 se
1663 1731 1721 1769 non
1736 1713 1855 1780 babent,
1870 1714 1899 1765 et

141 1803 271 1860 busdam
287 1806 445 1876 majoribus
460 1806 529 1861 locis
542 1806 593 1862 ubi
607 1806 718 1862 mensio
742 1807 860 1864 illorum
875 1812 928 1871 est,
952 1807 996 1861 vi·
1052 1808 1190 1881 quoniam
1220 1807 1327 1878 absque
1363 1804 1504 1861 viriditate
1539 1802 1613 1860 aridi
1648 1806 1728 1858 eunt.
1763 1799 1899 1857 Occidens

140 1898 232 1948 vente
247 1911 318 1949 voce
332 1895 386 1951 iste
414 1895 584 1966 proferrem.
601 1896 655 1952 Sed
671 1896 739 1968 quie
755 1896 879 1952 Ecclesia
905 1895 998 1952 divisa
1052 1913 1167 1970 qnoque
1196 1895 1410 1962 misericordie,
1438 1895 1467 1949 in
1496 1892 1679 1964 nigredinem
1700 1889 1774 1946 sacci
1792 1887 1899 1943 cilicini

140 1986 216 2047 Μ,
230 1997 329 2045 Vocem
340 1982 415 2038 hanc
428 1982 547 2038 interim
561 1983 697 2039 subtraxi.
1051 2002 1150 2042 versus
1163 1991 1207 2041 est
1219 1984 1321 2057 (Aper.
1346 1984 1399 2056 vr),
1426 1981 1496 2056 qnia
1510 1983 1582 2038 bene
1596 1979 1716 2037 vivendo
1734 1979 1897 2052 passionem

1051 2073 1154 2130 Christi
1177 2087 1237 2129 nou
1263 2073 1372 2138 colunt,
1401 2071 1451 2143 qni
1467 2086 1519 2144 per
1533 2068 1725 2125 humilitatem
1747 2067 1778 2122 in
1791 2066 1898 2122 huma-

431 2158 600 2216 aristote
623 2159 711 2218 xiix.
1051 2161 1171 2216 nitatem
1198 2159 1354 2227 descendit,
1370 2167 1399 2217 et
1424 2159 1600 2215 divinitatem
1627 2172 1710 2212 suam
1725 2153 1843 2219 obterit,
1860 2153 1897 2207 si-

1050 2250 1154 2305 cutsol
1169 2248 1314 2304 interdum
1344 2247 1539 2304 absconditor.
1570 2245 1625 2302 Sed
1654 2241 1810 2317 septentrio
1831 2257 1897 2298 cnm

142 2331 291 2372 raerosm
309 2334 402 2373 sorren
429 2334 507 2374 raras
533 2333 682 2380 rorrosoor
717 2334 794 2374 maer
825 2336 997 2378 raavinoaua
1050 2338 1187 2410 aquilon,
1201 2338 1232 2392 j„
1247 2337 1288 2392 οἱ,
1314 2338 1480 2408 operamur,
1505 2335 1555 2390 „bi
1583 2333 1782 2407 umqupqu,
1797 2346 1897 2386 ,orum

443 2422 478 2460 ⁸⁰
497 2421 698 2462 mmm*
1051 2426 1232 2482 latitudinem
1261 2423 1447 2497 proprietatis
1461 2440 1519 2478 sum
1549 2423 1580 2478 in
1607 2439 1707 2494 poenas
1734 2420 1897 2476 aniruernm
1964 2433 1966 2436 ·

142 2549 286 2603 Omen,
300 2547 448 2621 mim
460 2547 595 2621 nuperi„
608 2547 707 2604 diebu,
730 2549 910 2606 mmm
921 2568 994 2624 W
1050 2519 1240 2582 convertetur,
1272 2515 1345 2570 sicut
1370 2512 1455 2568 edam
1480 2511 1606 2568 cilicium
1641 2527 1747 2582 corpus
1770 2508 1897 2564 hominis

178 2636 304 2705 uerear,
318 2636 439 2709 scriptis
449 2637 629 2694 commendet
646 2640 675 2693 et
684 2637 873 2694 transmittet.
1050 2603 1229 2674 mmmm
1255 2602 1312 2674 ῙΙ)δί
1341 2617 1465 2674 ΜΨ
1508 2615 1560 2672 per
1604 2601 1681 2656 ¹³⁰⁰&
1711 2614 1798 2670 ⁰P⁰f³
1830 2611 1897 2651 0⁰¹1]

1050 2692 1161 2748 oriente
1187 2693 1406 2762 musurgam,
1434 2695 1463 2744 at
1485 2689 1587 2744 ardore
1612 2689 1680 2744 solis
1699 2702 1756 2743 uon
1785 2685 1896 2752 ardent,

180 2779 215 2834 ll.
244 2781 377 2851 peccator
403 2782 433 2832 et
461 2777 634 2850 praepositus
662 2778 778 2849 majoris
810 2780 937 2836 ecclesiae
960 2783 990 2839 S.
1050 2797 1103 2836 nec
1129 2795 1196 2836 cum
1232 2779 1379 2835 occidente
1407 2794 1425 2832 a
1451 2777 1534 2834 malis
1566 2777 1721 2842 declinant,
1750 2775 1799 2830 sed
1830 2789 1895 2828 cum

139 2866 234 2934 Petri,
257 2881 292 2920 ec
320 2868 395 2921 tetus
418 2865 601 2922 Trevirorum
623 2866 735 2934 clerus,
757 2867 925 2924 binomium
945 2870 991 2924 la·
1011 2882 1032 2935 r]
1050 2867 1269 2940 septentrionali
1296 2868 1430 2939 aquilone
1456 2867 1486 2922 in
1515 2867 1721 2938 proprietatem
1744 2862 1837 2919 cordis
1851 2861 1897 2917 sui

138 2956 231 3010 mulae
249 2954 311 3022 liei,
326 2970 359 3010 ac
381 2955 584 3026 mysteriorum
598 2954 691 3026 ipsius
709 2959 993 3028 quamplurimorum
1047 2975 1078 3012 se
1108 2957 1299 3014 abscondunt.
1323 2956 1366 3014 Ob
1391 2958 1445 3012 boo
1474 2970 1540 3010 vere
1566 2954 1698 3010 diabolus
1725 2957 1783 3007 tres
1797 2953 1896 3023 nigros

137 3043 280 3112 consciae,
302 3042 333 3097 in
348 3042 480 3098 coenobio
500 3045 531 3099 B.
547 3043 665 3099 lieberti
679 3043 781 3100 devote
796 3045 912 3115 viventi,
927 3064 994 3104 cnm
1047 3051 1147 3102 santos
1159 3061 1192 3102 ex
1218 3047 1355 3118 aquilone
1381 3061 1448 3101 cnm
1472 3044 1584 3101 ludibili
1598 3043 1684 3100 sibilo
1708 3041 1822 3110 emittit,
1838 3040 1896 3112 pri-

137 3131 303 3203 gretiernm
320 3130 433 3186 actiorm
446 3146 549 3186 manns
563 3136 693 3187 extensas
706 3147 760 3203 pro
775 3130 847 3203 ipsa.
1048 3151 1128 3191 mom
1159 3134 1266 3191 scilicet
1284 3151 1350 3190 com
1374 3134 1509 3207 superbie
1536 3139 1565 3188 et
1590 3133 1655 3190 odio
1683 3136 1783 3187 contra
1798 3129 1895 3186 orien-

178 3221 252 3277 com
262 3218 448 3291 perdivinam
457 3219 677 3291 permissionem
685 3221 846 3276 revelentur
854 3221 996 3280 ecmnltr's
1047 3229 1117 3292 lem,
1145 3223 1195 3296 qni
1224 3223 1378 3279 exstinctos
1393 3227 1452 3290 est3
1481 3222 1649 3290 secundum,
1669 3237 1735 3276 cum
1750 3219 1895 3276 oblivione

139 3309 277 3367 cordibus
291 3307 724 3382 mpitntioneslbnc.n)nostrre
739 3311 775 3366 ed
789 3326 848 3377 vos,
861 3311 992 3382 perdivi·
1049 3312 1098 3369 liei
1113 3317 1212 3368 contra
1225 3317 1372 3380 ausuram
1402 3312 1532 3376 tertium,
1558 3328 1623 3367 com
1639 3309 1809 3365 infidelitate
1824 3323 1895 3364 con-

139 3414 213 3454 nem
237 3399 429 3465 voluntatem,
463 3415 530 3454 com
552 3404 612 3454 teto
639 3399 742 3456 adnisu
770 3399 909 3470 corporis,
934 3405 994 3454 tota
1047 3407 1092 3458 tra
1106 3401 1293 3457 occidentem.
1316 3401 1388 3456 Nam
1403 3413 1470 3455 cnm
1489 3400 1617 3455 doctores
1631 3405 1660 3454 et
1674 3392 1804 3469 magistri
1818 3400 1895 3450 recte

138 3487 300 3543 devotione
315 3486 419 3542 mentis
433 3502 483 3542 ros
509 3484 666 3558 diligimus.
695 3486 806 3542 &imus
824 3487 902 3542 enim
928 3487 993 3558 Spi·
1047 3490 1222 3546 ambulando
1249 3490 1338 3545 Deum
1366 3487 1471 3544 imitati
1495 3495 1576 3554 sunt,
1604 3486 1701 3542 oriens
1730 3486 1894 3558 aquilonem

139 3577 234 3630 ritum
248 3579 378 3630 sanctum
402 3590 452 3629 ros
473 3574 635 3631 inhabitare
656 3575 752 3648 (Rom.
784 3578 853 3646 vrri),
882 3577 994 3648 etplu-
1047 3579 1088 3633 ita
1101 3577 1280 3644 constrinxit,
1300 3578 1376 3649 quod
1392 3577 1537 3649 suspirare
1552 3593 1611 3632 uon
1636 3576 1740 3647 potuit,
1756 3580 1895 3630 etauster

137 3665 217 3720 rime
233 3665 347 3719 ceteris
369 3662 536 3719 bominibus
553 3664 710 3735 incognita.
732 3681 784 3736 per
803 3665 994 3736 ipsomvobis
1046 3665 1176 3722 inbonis
1198 3667 1334 3738 operibus
1355 3682 1421 3722 enm
1437 3666 1469 3721 in
1496 3666 1554 3721 illis
1583 3664 1738 3732 cremabat,
1767 3668 1795 3718 et
1823 3662 1896 3717 occi·

140 3753 332 3810 monasteri.
349 3755 422 3808 liam
433 3769 467 3810 ex
482 3769 573 3826 quoa
592 3753 676 3809 nobis
690 3754 857 3822 recessistis,
873 3770 938 3809 cum
961 3754 993 3809 in
1047 3757 1118 3813 dens
1130 3755 1206 3810 vires
1216 3755 1277 3826 ejus
1289 3754 1320 3810 in
1335 3754 1468 3810 tenebrae
1482 3753 1596 3824 dejecit,
1611 3753 1726 3825 quaudo
1741 3751 1787 3806 isti
1809 3766 1893 3805 mun·

139 3843 247 3898 diebus
270 3842 451 3897 Pentecostes
477 3857 570 3914 nuper
597 3841 633 3897 ad
655 3858 709 3897 nos
728 3857 854 3914 superna
867 3841 993 3913 disposi-
1032 3846 1114 3901 dnm
1138 3849 1168 3900 et
1196 3844 1317 3916 seipsos,
1350 3845 1466 3915 agnum
1494 3847 1655 3914 sequentes,
1678 3840 1892 3912 relinquebant.

138 3933 221 3987 tione
257 3929 417 3996 venissetis,
453 3928 503 3985 ubi
535 3929 791 3985 comminationem
825 3928 874 3986 oei
909 3929 993 3986 nobis
1047 3935 1127 3990 Nunc
1150 3936 1247 3988 autem
1278 3931 1320 3992 vis
1349 3931 1439 3987 virilis
1464 3930 1641 3987 fortitudinis
1667 3929 1698 3984 in
1724 3928 1893 3984 muliebrem

138 4018 298 4074 imminere
319 4014 502 4089 praedixistis,
517 4017 610 4072 multa
624 4017 776 4089 dispendia
789 4018 991 4082 llcclesierum,
1046 4021 1222 4078 debilitatem
1237 4021 1374 4076 inclinata
1389 4024 1442 4088 est,
1463 4035 1528 4092 que
1553 4035 1618 4074 cum
1634 4017 1710 4074 virili
1727 4015 1894 4072 fortitudine

139 4113 171 4164 et
186 4107 281 4162 multa
306 4104 434 4177 pericula
447 4105 602 4161 hominum
629 4104 705 4161 circe
735 4121 788 4160 nos
803 4105 922 4175 etapnd
938 4119 990 4158 nos
1047 4125 1177 4182 pugnare
1191 4125 1248 4166 nen
1276 4110 1369 4176 debet,
1398 4109 1468 4182 quia
1492 4109 1536 4163 vir
1564 4112 1650 4179 caput
1663 4113 1705 4162 est
1719 4106 1838 4178 (Epter.
1854 4106 1892 4174 v).

138 4196 268 4252 'iditum
289 4200 318 4249 θῑ
339 4192 450 4264 uitelli
473 4208 584 4259 summ,
608 4192 678 4265 ‘1⁰5⁸
696 4192 853 4248 ³⁰011⁰d¹1ffl
879 4193 990 4247 bonum
1010 4176 1182 4256 Dlluliebre
1208 4215 1275 4254 vero
1298 4202 1412 4272 tempus
1437 4197 1524 4264 istud,
1548 4213 1613 4254 cnm
1630 4196 1754 4270 quodam
1770 4201 1893 4266 tyranno

139 4284 306 4349 eonsilium,
342 4282 421 4353 ‘1⁰0⁶
446 4280 530 4337 ¹¹⁰¹)ss
556 4280 685 4349 dedisti&
710 4281 784 4336 imm
813 4279 863 4336 ⁰⁰5
879 4279 991 4352 l>laem
1045 4289 1172 4362 incaepit,
1200 4303 1265 4342 cnm
1291 4302 1378 4342 omne
1407 4286 1516 4341 mulum
1538 4292 1669 4341 exortum
1698 4288 1750 4338 est.
1770 4284 1828 4354 Ego
1842 4298 1893 4337 au·

139 4372 378 4444 ⁰²810¹im¹18202
398 4370 453 4426 ⁰5³5
481 4386 533 4442 per
560 4369 786 4427 ml⁵0¹⁸i⁰⁰¹¹di³m
802 4370 852 4426 ⁰05
867 4369 991 4424 Vindicta
1045 4381 1105 4432 tem
1118 4375 1149 4430 in
1165 4391 1231 4430 vera
1245 4374 1356 4430 visione
1380 4373 1478 4435 didici.
1508 4374 1584 4446 qnod
1600 4373 1745 4429 multoties
1772 4370 1894 4443 quilibet
1936 4369 1942 4382 ’

140 4460 234 4532 ituit„
269 4464 390 4516 remei&
425 4458 537 4526 fuis-tei,
571 4459 690 4515 Rittium
718 4458 826 4514 eisdem
855 4457 1002 4529 perieulis,
1038 4463 1259 4535 paterfamilias,
1275 4464 1325 4535 qui
1351 4466 1454 4534 potens
1478 4463 1617 4518 Dominus
1632 4468 1685 4530 est,
1714 4461 1781 4517 liliis
1797 4465 1827 4515 et
1848 4461 1892 4516 ia·

139 4549 364 4606 imminentibus
389 4547 419 4603 in
445 4547 647 4619 desperatione
669 4548 927 4604 succubuissemus.
957 4550 992 4604 Et
1046 4553 1131 4608 molis
1152 4551 1222 4618 suis,
1251 4551 1301 4623 qui
1316 4555 1436 4622 propter
1448 4550 1713 4623 prevaricationem
1738 4552 1893 4623 precepto·

138 4637 210 4708 quie
227 4637 300 4692 Dens
314 4635 344 4691 in
363 4636 508 4704 vobissst,
527 4637 655 4693 etrerba
669 4637 762 4708 ipsius
777 4636 812 4692 ab
829 4653 880 4692 ore
896 4641 990 4692 restro
1044 4656 1109 4695 rum
1133 4655 1252 4696 suorum
1279 4639 1336 4711 ipsi
1362 4639 1524 4712 displicent,
1556 4639 1726 4711 probitatem
1743 4653 1775 4692 ec
1791 4641 1892 4709 poten·

135 4729 256 4791 eonent,
279 4739 367 4796 quam
394 4721 495 4780 intime
521 4727 711 4783 maternalem
737 4725 919 4783 dilectionem
940 4743 989 4782 ve·
1045 4729 1115 4786 tiam
1150 4734 1179 4784 et
1205 4727 1425 4800 possibilitatem
1453 4743 1535 4783 suam
1573 4727 1728 4799 proponit:
1757 4729 1786 4781 et
1813 4723 1891 4796 quod

134 4805 230 4868 strim
256 4827 417 4881 exoramus,
446 4817 479 4867 nt
503 4828 538 4868 ea
556 4828 621 4885 ane
647 4813 710 4868 vive
737 4830 806 4870 soce
820 4815 905 4871 nobis
921 4820 990 4870 tuuc
1043 4824 1141 4892 postea
1155 4831 1274 4871 manum
1289 4831 1370 4870 scam
1401 4815 1581 4872 extendendo
1609 4830 1675 4870 cnm
1701 4814 1781 4885 virga
1795 4828 1892 4868 corre·

134 4900 322 4974 propalastis,
336 4917 388 4972 per
401 4906 574 4974 presentem
601 4902 745 4974 bajulum,
772 4903 879 4975 scripte
906 4903 989 4960 nobis
1041 4904 1152 4977 ptionis
1166 4920 1216 4959 eos
1236 4903 1368 4968 inclinat,
1388 4908 1417 4960 et
1448 4904 1568 4976 dissipat
1589 4903 1746 4959 secundnm
1772 4902 1892 4973 qualita-

133 4989 353 5058 trensmittetis,
385 4995 531 5062 qnatenus
545 4991 700 5048 succedens
718 4992 870 5064 posteritas
883 4992 988 5047 etrin-
1041 4994 1255 5065 temipsorum,
1271 4991 1383 5048 dicens:
1411 4993 1491 5048 Unde
1506 4993 1618 5060 venitis,
1635 4997 1664 5048 et
1687 4991 1758 5064 quid
1782 4990 1890 5062 absque

130 5080 244 5136 dictam
261 5078 323 5145 liei,
338 5082 368 5133 et
393 5077 619 5134 misericordiam
645 5079 708 5150 ejus
723 5096 811 5152 super
842 5097 897 5136 nos
912 5080 988 5136 dire·
1043 5098 1089 5138 me
1103 5080 1192 5138 estis?
1222 5083 1256 5138 lit
1269 5081 1304 5137 de
1337 5083 1398 5138 zelo
1426 5081 1542 5137 Domini
1568 5080 1675 5148 audivi,
1703 5079 1780 5152 quod
1815 5080 1890 5135 Deus

131 5173 212 5223 ctam
227 5167 332 5234 videet,
347 5171 376 5221 et
390 5182 440 5221 vos
465 5165 610 5222 consciam
638 5172 816 5224 secretorum
831 5167 923 5242 ipsius
939 5184 986 5224 ve·
1043 5172 1150 5244 absque
1172 5171 1281 5227 ultione
1306 5169 1573 5243 praevaricationem
1597 5174 1809 5241 preceptorum
1824 5185 1889 5224 suo·

131 5272 232 5313 recem
264 5260 295 5310 et
324 5255 459 5312 dilectam
484 5271 546 5311 esse
573 5261 735 5328 cognoscat.
766 5258 909 5314 Proteerio
928 5260 988 5314 llo·
1041 5277 1105 5316 rum
1122 5259 1320 5316 nondimittit.
1348 5260 1440 5316 Adam
1455 5258 1534 5314 enim
1554 5263 1698 5331 precepta
1714 5259 1764 5315 Dei
1780 5273 1890 5328 prara-

134 5345 210 5403 mini
231 5359 383 5416 supervos
408 5359 524 5416 semper
551 5350 676 5414 maneat,
701 5352 730 5401 et
758 5347 837 5419 qnod
862 5346 988 5403 invehis
1041 5350 1156 5418 ricatus,
1188 5349 1327 5404 visionem
1365 5348 1524 5404 coelestium
1564 5353 1594 5402 et
1635 5350 1741 5403 cleram
1781 5352 1887 5402 vestem

134 5435 234 5507 caepit,
250 5434 327 5490 bono
345 5432 404 5488 fine
418 5432 537 5488 iuvobis
552 5433 691 5506 perliciet.
1041 5438 1146 5502 amisit.
1167 5440 1196 5491 et
1219 5437 1355 5492 inlocum
1384 5435 1507 5492 miseriae
1534 5437 1636 5494 missus
1662 5443 1713 5493 est.
1727 5438 1781 5493 Per
1794 5436 1889 5491 zelum
