<?xml version="1.0" encoding="UTF-8"?>
<!DOCTYPE html PUBLIC "-//W3C//DTD XHTML 1.0 Transitional//EN"
    "http://www.w3.org/TR/xhtml1/DTD/xhtml1-transitional.dtd">
<html xmlns="http://www.w3.org/1999/xhtml" xml:lang="en" lang="en">
 <head>
  <title>
</title>
<meta http-equiv="Content-Type" content="text/html;charset=utf-8" />
  <meta name='ocr-system' content='tesseract 3.04.00' />
  <meta name='ocr-capabilities' content='ocr_page ocr_carea ocr_par ocr_line ocrx_word'/>
</head>
<body>
  <div class='ocr_page' id='page_1' title='image "./patrologiaecurs125unkngoog/patrologiaecurs125unkngoog_0552.png"; bbox 0 0 3984 6034; ppageno 0'>
   <div class='ocr_carea' id='block_1_1' title="bbox 185 155 1955 217">
    <p class='ocr_par' dir='ltr' id='par_1_1' title="bbox 185 155 1955 217">
     <span class='ocr_line' id='line_1_1' title="bbox 185 155 1955 217; baseline -0.002 -1"><span class='ocrx_word' id='word_1_1' title='bbox 185 163 251 217; x_wconf 78' lang='lat' dir='ltr'><strong>tutti</strong></span> <span class='ocrx_word' id='word_1_2' title='bbox 906 157 933 212; x_wconf 89' lang='lat' dir='ltr'><strong>S.</strong></span> <span class='ocrx_word' id='word_1_3' title='bbox 953 155 1189 213; x_wconf 73' lang='lat' dir='ltr'><strong>uttuatattuis</strong></span> <span class='ocrx_word' id='word_1_4' title='bbox 1891 159 1955 212; x_wconf 74' lang='lat' dir='ltr'><strong>tutia</strong></span> 
     </span>
    </p>
   </div>
   <div class='ocr_carea' id='block_1_2' title="bbox 90 291 1974 3405">
    <p class='ocr_par' dir='ltr' id='par_1_2' title="bbox 171 291 1974 1619">
     <span class='ocr_line' id='line_1_2' title="bbox 179 291 1944 373; baseline -0.003 -21"><span class='ocrx_word' id='word_1_5' title='bbox 179 295 302 352; x_wconf 86' lang='lat' dir='ltr'><strong>cissimis</strong></span> <span class='ocrx_word' id='word_1_6' title='bbox 318 293 413 350; x_wconf 80' lang='lat' dir='ltr'><strong>verbis</strong></span> <span class='ocrx_word' id='word_1_7' title='bbox 438 291 633 349; x_wconf 86' lang='lat' dir='ltr'><strong>circumscribi</strong></span> <span class='ocrx_word' id='word_1_8' title='bbox 663 296 760 373; x_wconf 82' lang='lat' dir='ltr'><strong>queat,</strong></span> <span class='ocrx_word' id='word_1_9' title='bbox 784 291 886 346; x_wconf 89' lang='lat' dir='ltr'><strong>saltem</strong></span> <span class='ocrx_word' id='word_1_10' title='bbox 912 306 971 363; x_wconf 88' lang='lat' dir='ltr'><strong>qua</strong></span> <span class='ocrx_word' id='word_1_11' title='bbox 991 295 1072 362; x_wconf 90' lang='lat' dir='ltr'><strong>parte</strong></span> <span class='ocrx_word' id='word_1_12' title='bbox 1095 291 1191 348; x_wconf 88' lang='lat' dir='ltr'><strong>Sancti</strong></span> <span class='ocrx_word' id='word_1_13' title='bbox 1212 291 1302 364; x_wconf 88' lang='lat' dir='ltr'><strong>ipsius</strong></span> <span class='ocrx_word' id='word_1_14' title='bbox 1329 296 1408 362; x_wconf 88' lang='lat' dir='ltr'><strong>gesta</strong></span> <span class='ocrx_word' id='word_1_15' title='bbox 1431 296 1613 358; x_wconf 74' lang='lat' dir='ltr'><strong>enarrantur.</strong></span> <span class='ocrx_word' id='word_1_16' title='bbox 1650 294 1763 362; x_wconf 82' lang='lat' dir='ltr'><strong>lixcute,</strong></span> <span class='ocrx_word' id='word_1_17' title='bbox 1793 294 1944 359; x_wconf 86' lang='lat' dir='ltr'><strong>obsecro,</strong></span> 
     </span>
     <span class='ocr_line' id='line_1_3' title="bbox 180 361 1945 437; baseline -0.004 -13"><span class='ocrx_word' id='word_1_18' title='bbox 180 368 335 437; x_wconf 74' lang='lat' dir='ltr'><strong>diligenter</strong></span> <span class='ocrx_word' id='word_1_19' title='bbox 348 367 464 436; x_wconf 81' lang='lat' dir='ltr'><strong>longam</strong></span> <span class='ocrx_word' id='word_1_20' title='bbox 479 363 562 418; x_wconf 90' lang='lat' dir='ltr'><strong>istam</strong></span> <span class='ocrx_word' id='word_1_21' title='bbox 578 369 607 418; x_wconf 92' lang='lat' dir='ltr'><strong>et</strong></span> <span class='ocrx_word' id='word_1_22' title='bbox 634 368 704 417; x_wconf 87' lang='lat' dir='ltr'><strong>satis</strong></span> <span class='ocrx_word' id='word_1_23' title='bbox 720 363 851 419; x_wconf 88' lang='lat' dir='ltr'><strong>tetricam</strong></span> <span class='ocrx_word' id='word_1_24' title='bbox 883 363 1058 430; x_wconf 68' lang='lat' dir='ltr'><strong>orationem</strong></span> <span class='ocrx_word' id='word_1_25' title='bbox 1083 363 1210 433; x_wconf 85' lang='lat' dir='ltr'><strong>expcnde</strong></span> <span class='ocrx_word' id='word_1_26' title='bbox 1232 361 1324 431; x_wconf 90' lang='lat' dir='ltr'><strong>capite</strong></span> <span class='ocrx_word' id='word_1_27' title='bbox 1354 363 1476 434; x_wconf 89' lang='lat' dir='ltr'><strong>singula,</strong></span> <span class='ocrx_word' id='word_1_28' title='bbox 1510 363 1597 419; x_wconf 86' lang='lat' dir='ltr'><strong>etiam</strong></span> <span class='ocrx_word' id='word_1_29' title='bbox 1630 364 1766 433; x_wconf 88' lang='lat' dir='ltr'><strong>moralia;</strong></span> <span class='ocrx_word' id='word_1_30' title='bbox 1806 364 1945 419; x_wconf 80' lang='lat' dir='ltr'><strong>fallorsi</strong></span> 
     </span>
     <span class='ocr_line' id='line_1_4' title="bbox 178 433 1944 509; baseline -0.001 -17"><span class='ocrx_word' id='word_1_31' title='bbox 178 435 578 509; x_wconf 87' lang='lat' dir='ltr'><strong>usquamiuveniasatiquid,</strong></span> <span class='ocrx_word' id='word_1_32' title='bbox 600 435 647 489; x_wconf 93' lang='lat' dir='ltr'><strong>cui</strong></span> <span class='ocrx_word' id='word_1_33' title='bbox 669 435 820 489; x_wconf 84' lang='lat' dir='ltr'><strong>conveniat</strong></span> <span class='ocrx_word' id='word_1_34' title='bbox 846 434 1028 488; x_wconf 74' lang='lat' dir='ltr'><strong>aevatanonis</strong></span> <span class='ocrx_word' id='word_1_35' title='bbox 1053 433 1220 504; x_wconf 82' lang='lat' dir='ltr'><strong>appellatio.</strong></span> <span class='ocrx_word' id='word_1_36' title='bbox 1251 434 1362 490; x_wconf 83' lang='lat' dir='ltr'><strong>Etenim</strong></span> <span class='ocrx_word' id='word_1_37' title='bbox 1392 450 1457 506; x_wconf 89' lang='lat' dir='ltr'><strong>quie</strong></span> <span class='ocrx_word' id='word_1_38' title='bbox 1481 433 1544 506; x_wconf 86' lang='lat' dir='ltr'><strong>ipsa</strong></span> <span class='ocrx_word' id='word_1_39' title='bbox 1569 435 1641 490; x_wconf 88' lang='lat' dir='ltr'><strong>scire</strong></span> <span class='ocrx_word' id='word_1_40' title='bbox 1661 436 1802 506; x_wconf 87' lang='lat' dir='ltr'><strong>potnitet</strong></span> <span class='ocrx_word' id='word_1_41' title='bbox 1834 435 1944 490; x_wconf 83' lang='lat' dir='ltr'><strong>debuit</strong></span> 
     </span>
     <span class='ocr_line' id='line_1_5' title="bbox 177 503 1944 576; baseline -0.003 -11"><span class='ocrx_word' id='word_1_42' title='bbox 177 509 213 565; x_wconf 90' lang='lat' dir='ltr'><strong>de</strong></span> <span class='ocrx_word' id='word_1_43' title='bbox 239 508 340 564; x_wconf 88' lang='lat' dir='ltr'><strong>lloutis</strong></span> <span class='ocrx_word' id='word_1_44' title='bbox 362 507 390 563; x_wconf 88' lang='lat' dir='ltr'><strong>S.</strong></span> <span class='ocrx_word' id='word_1_45' title='bbox 416 504 555 573; x_wconf 81' lang='lat' dir='ltr'><strong>llisibodi,</strong></span> <span class='ocrx_word' id='word_1_46' title='bbox 585 505 615 560; x_wconf 89' lang='lat' dir='ltr'><strong>in</strong></span> <span class='ocrx_word' id='word_1_47' title='bbox 644 521 701 576; x_wconf 92' lang='lat' dir='ltr'><strong>quo</strong></span> <span class='ocrx_word' id='word_1_48' title='bbox 730 504 811 576; x_wconf 90' lang='lat' dir='ltr'><strong>prins</strong></span> <span class='ocrx_word' id='word_1_49' title='bbox 852 504 1039 572; x_wconf 85' lang='lat' dir='ltr'><strong>habitaverat,</strong></span> <span class='ocrx_word' id='word_1_50' title='bbox 1064 503 1224 572; x_wconf 79' lang='lat' dir='ltr'><strong>existentia,</strong></span> <span class='ocrx_word' id='word_1_51' title='bbox 1248 503 1341 576; x_wconf 90' lang='lat' dir='ltr'><strong>deque</strong></span> <span class='ocrx_word' id='word_1_52' title='bbox 1367 505 1452 560; x_wconf 79' lang='lat' dir='ltr'><strong>variis</strong></span> <span class='ocrx_word' id='word_1_53' title='bbox 1474 507 1535 576; x_wconf 87' lang='lat' dir='ltr'><strong>ejus</strong></span> <span class='ocrx_word' id='word_1_54' title='bbox 1558 505 1669 562; x_wconf 86' lang='lat' dir='ltr'><strong>casibus</strong></span> <span class='ocrx_word' id='word_1_55' title='bbox 1706 512 1735 561; x_wconf 91' lang='lat' dir='ltr'><strong>et</strong></span> <span class='ocrx_word' id='word_1_56' title='bbox 1750 505 1944 562; x_wconf 67' lang='lat' dir='ltr'><strong>vicissitude</strong></span> 
     </span>
     <span class='ocr_line' id='line_1_6' title="bbox 178 574 1944 650; baseline -0.002 -16"><span class='ocrx_word' id='word_1_57' title='bbox 178 579 264 634; x_wconf 92' lang='lat' dir='ltr'><strong>uibus</strong></span> <span class='ocrx_word' id='word_1_58' title='bbox 277 578 546 650; x_wconf 83' lang='lat' dir='ltr'><strong>perrerelationcm</strong></span> <span class='ocrx_word' id='word_1_59' title='bbox 560 575 694 630; x_wconf 88' lang='lat' dir='ltr'><strong>discenda</strong></span> <span class='ocrx_word' id='word_1_60' title='bbox 709 591 767 630; x_wconf 93' lang='lat' dir='ltr'><strong>non</strong></span> <span class='ocrx_word' id='word_1_61' title='bbox 788 576 915 644; x_wconf 82' lang='lat' dir='ltr'><strong>fuerunt,</strong></span> <span class='ocrx_word' id='word_1_62' title='bbox 936 574 964 631; x_wconf 89' lang='lat' dir='ltr'><strong>S.</strong></span> <span class='ocrx_word' id='word_1_63' title='bbox 994 574 1175 646; x_wconf 84' lang='lat' dir='ltr'><strong>llildegardis</strong></span> <span class='ocrx_word' id='word_1_64' title='bbox 1201 590 1262 629; x_wconf 77' lang='lat' dir='ltr'><strong>asro</strong></span> <span class='ocrx_word' id='word_1_65' title='bbox 1283 575 1351 630; x_wconf 85' lang='lat' dir='ltr'><strong>satis</strong></span> <span class='ocrx_word' id='word_1_66' title='bbox 1375 579 1488 630; x_wconf 89' lang='lat' dir='ltr'><strong>notaea</strong></span> <span class='ocrx_word' id='word_1_67' title='bbox 1513 577 1611 631; x_wconf 90' lang='lat' dir='ltr'><strong>omnia</strong></span> <span class='ocrx_word' id='word_1_68' title='bbox 1633 577 1781 633; x_wconf 89' lang='lat' dir='ltr'><strong>monacbis</strong></span> <span class='ocrx_word' id='word_1_69' title='bbox 1804 583 1845 632; x_wconf 87' lang='lat' dir='ltr'><strong>et</strong></span> <span class='ocrx_word' id='word_1_70' title='bbox 1881 594 1944 648; x_wconf 86' lang='lat' dir='ltr'><strong>per·</strong></span> 
     </span>
     <span class='ocr_line' id='line_1_7' title="bbox 352 653 1666 702; baseline -0.003 0"><span class='ocrx_word' id='word_1_71' title='bbox 352 653 411 702; x_wconf 92' lang='lat' dir='ltr'><strong>ent.</strong></span> <span class='ocrx_word' id='word_1_72' title='bbox 1663 693 1666 698; x_wconf 83' lang='grc'>.</span> 
     </span>
     <span class='ocr_line' id='line_1_8' title="bbox 177 653 1942 791; baseline 0 -17"><span class='ocrx_word' id='word_1_73' title='bbox 177 653 484 791; x_wconf 52' lang='lat' dir='ltr'><strong>vuigeiignisiiquidem,</strong></span> <span class='ocrx_word' id='word_1_74' title='bbox 498 718 527 774; x_wconf 90' lang='lat' dir='ltr'><strong>in</strong></span> <span class='ocrx_word' id='word_1_75' title='bbox 541 733 576 772; x_wconf 89' lang='lat' dir='ltr'><strong>ea</strong></span> <span class='ocrx_word' id='word_1_76' title='bbox 603 716 798 788; x_wconf 75' lang='lat' dir='ltr'><strong>qualicunque</strong></span> <span class='ocrx_word' id='word_1_77' title='bbox 821 715 941 782; x_wconf 80' lang='lat' dir='ltr'><strong>visione,</strong></span> <span class='ocrx_word' id='word_1_78' title='bbox 966 715 1094 771; x_wconf 84' lang='lat' dir='ltr'><strong>exhibita</strong></span> <span class='ocrx_word' id='word_1_79' title='bbox 1117 715 1172 787; x_wconf 89' lang='lat' dir='ltr'><strong>ipsi</strong></span> <span class='ocrx_word' id='word_1_80' title='bbox 1187 715 1308 772; x_wconf 85' lang='lat' dir='ltr'><strong>luissent</strong></span> <span class='ocrx_word' id='word_1_81' title='bbox 1333 715 1511 772; x_wconf 79' lang='lat' dir='ltr'><strong>distinctiora</strong></span> <span class='ocrx_word' id='word_1_82' title='bbox 1535 717 1713 785; x_wconf 88' lang='lat' dir='ltr'><strong>singularum</strong></span> <span class='ocrx_word' id='word_1_83' title='bbox 1741 717 1942 790; x_wconf 85' lang='lat' dir='ltr'><strong>persecutio-</strong></span> 
     </span>
     <span class='ocr_line' id='line_1_9' title="bbox 178 786 1941 870; baseline -0.002 -24"><span class='ocrx_word' id='word_1_84' title='bbox 178 808 247 846; x_wconf 89' lang='lat' dir='ltr'><strong>nuin</strong></span> <span class='ocrx_word' id='word_1_85' title='bbox 263 797 293 846; x_wconf 92' lang='lat' dir='ltr'><strong>et</strong></span> <span class='ocrx_word' id='word_1_86' title='bbox 301 791 496 845; x_wconf 87' lang='lat' dir='ltr'><strong>calamitatum</strong></span> <span class='ocrx_word' id='word_1_87' title='bbox 510 795 642 870; x_wconf 86' lang='lat' dir='ltr'><strong>tempora</strong></span> <span class='ocrx_word' id='word_1_88' title='bbox 658 788 745 854; x_wconf 74' lang='lat' dir='ltr'><strong>,iterii</strong></span> <span class='ocrx_word' id='word_1_89' title='bbox 761 803 826 859; x_wconf 76' lang='lat' dir='ltr'><strong>quas</strong></span> <span class='ocrx_word' id='word_1_90' title='bbox 846 788 874 843; x_wconf 90' lang='lat' dir='ltr'><strong>S.</strong></span> <span class='ocrx_word' id='word_1_91' title='bbox 900 786 1029 843; x_wconf 87' lang='lat' dir='ltr'><strong>llisibodi</strong></span> <span class='ocrx_word' id='word_1_92' title='bbox 1054 786 1238 853; x_wconf 88' lang='lat' dir='ltr'><strong>incunabula,</strong></span> <span class='ocrx_word' id='word_1_93' title='bbox 1266 794 1409 858; x_wconf 86' lang='lat' dir='ltr'><strong>parentes,</strong></span> <span class='ocrx_word' id='word_1_94' title='bbox 1436 788 1602 844; x_wconf 82' lang='lat' dir='ltr'><strong>cathedram</strong></span> <span class='ocrx_word' id='word_1_95' title='bbox 1626 789 1846 860; x_wconf 84' lang='lat' dir='ltr'><strong>episcopalem,</strong></span> <span class='ocrx_word' id='word_1_96' title='bbox 1878 795 1941 843; x_wconf 90' lang='lat' dir='ltr'><strong>tuin</strong></span> 
     </span>
     <span class='ocr_line' id='line_1_10' title="bbox 176 856 1974 930; baseline -0.001 -15"><span class='ocrx_word' id='word_1_97' title='bbox 176 877 244 917; x_wconf 81' lang='lat' dir='ltr'><strong>iero</strong></span> <span class='ocrx_word' id='word_1_98' title='bbox 258 860 420 916; x_wconf 90' lang='lat' dir='ltr'><strong>ordinatam</strong></span> <span class='ocrx_word' id='word_1_99' title='bbox 447 860 536 914; x_wconf 87' lang='lat' dir='ltr'><strong>totius</strong></span> <span class='ocrx_word' id='word_1_100' title='bbox 555 873 618 928; x_wconf 74' lang='lat' dir='ltr'><strong>ejus</strong></span> <span class='ocrx_word' id='word_1_101' title='bbox 639 859 730 914; x_wconf 87' lang='lat' dir='ltr'><strong>ietatis</strong></span> <span class='ocrx_word' id='word_1_102' title='bbox 755 867 783 911; x_wconf 90' lang='lat' dir='ltr'><strong>et</strong></span> <span class='ocrx_word' id='word_1_103' title='bbox 807 863 953 928; x_wconf 87' lang='lat' dir='ltr'><strong>gesturum</strong></span> <span class='ocrx_word' id='word_1_104' title='bbox 983 857 1087 912; x_wconf 89' lang='lat' dir='ltr'><strong>seriem</strong></span> <span class='ocrx_word' id='word_1_105' title='bbox 1112 856 1193 913; x_wconf 88' lang='lat' dir='ltr'><strong>nubis</strong></span> <span class='ocrx_word' id='word_1_106' title='bbox 1221 857 1440 930; x_wconf 77' lang='lat' dir='ltr'><strong>expandissent3</strong></span> <span class='ocrx_word' id='word_1_107' title='bbox 1468 857 1623 930; x_wconf 80' lang='lat' dir='ltr'><strong>dequibus</strong></span> <span class='ocrx_word' id='word_1_108' title='bbox 1648 858 1768 914; x_wconf 89' lang='lat' dir='ltr'><strong>minime</strong></span> <span class='ocrx_word' id='word_1_109' title='bbox 1795 861 1941 915; x_wconf 86' lang='lat' dir='ltr'><strong>sollicita</strong></span> <span class='ocrx_word' id='word_1_110' title='bbox 1973 917 1974 920; x_wconf 60' lang='grc'>,</span> 
     </span>
     <span class='ocr_line' id='line_1_11' title="bbox 176 927 1974 1004; baseline 0 -18"><span class='ocrx_word' id='word_1_111' title='bbox 176 934 263 988; x_wconf 85' lang='lat' dir='ltr'><strong>tuisse</strong></span> <span class='ocrx_word' id='word_1_112' title='bbox 285 932 408 999; x_wconf 88' lang='lat' dir='ltr'><strong>ridetur,</strong></span> <span class='ocrx_word' id='word_1_113' title='bbox 439 935 471 984; x_wconf 93' lang='lat' dir='ltr'><strong>ut</strong></span> <span class='ocrx_word' id='word_1_114' title='bbox 495 935 553 984; x_wconf 87' lang='lat' dir='ltr'><strong>tota</strong></span> <span class='ocrx_word' id='word_1_115' title='bbox 578 930 695 984; x_wconf 90' lang='lat' dir='ltr'><strong>denium</strong></span> <span class='ocrx_word' id='word_1_116' title='bbox 723 928 857 983; x_wconf 85' lang='lat' dir='ltr'><strong>revelatio</strong></span> <span class='ocrx_word' id='word_1_117' title='bbox 886 928 923 982; x_wconf 92' lang='lat' dir='ltr'><strong>ad</strong></span> <span class='ocrx_word' id='word_1_118' title='bbox 945 943 979 982; x_wconf 89' lang='lat' dir='ltr'><strong>ee</strong></span> <span class='ocrx_word' id='word_1_119' title='bbox 1005 929 1100 982; x_wconf 92' lang='lat' dir='ltr'><strong>solum</strong></span> <span class='ocrx_word' id='word_1_120' title='bbox 1123 928 1229 993; x_wconf 84' lang='lat' dir='ltr'><strong>redeat,</strong></span> <span class='ocrx_word' id='word_1_121' title='bbox 1259 943 1324 1000; x_wconf 87' lang='lat' dir='ltr'><strong>qnae</strong></span> <span class='ocrx_word' id='word_1_122' title='bbox 1347 929 1408 1000; x_wconf 91' lang='lat' dir='ltr'><strong>ipsa</strong></span> <span class='ocrx_word' id='word_1_123' title='bbox 1433 945 1466 983; x_wconf 85' lang='lat' dir='ltr'><strong>er</strong></span> <span class='ocrx_word' id='word_1_124' title='bbox 1490 927 1596 1001; x_wconf 76' lang='lat' dir='ltr'><strong>saepius</strong></span> <span class='ocrx_word' id='word_1_125' title='bbox 1621 931 1724 985; x_wconf 86' lang='lat' dir='ltr'><strong>auditis</strong></span> <span class='ocrx_word' id='word_1_126' title='bbox 1759 947 1940 1004; x_wconf 71' lang='lat' dir='ltr'><strong>praeconce</strong></span> <span class='ocrx_word' id='word_1_127' title='bbox 1973 955 1974 978; x_wconf 76' lang='lat' dir='ltr'><strong>i</strong></span> 
     </span>
     <span class='ocr_line' id='line_1_12' title="bbox 176 999 1938 1075; baseline 0 -18"><span class='ocrx_word' id='word_1_128' title='bbox 176 1009 267 1075; x_wconf 89' lang='lat' dir='ltr'><strong>perat,</strong></span> <span class='ocrx_word' id='word_1_129' title='bbox 297 1016 450 1074; x_wconf 78' lang='lat' dir='ltr'><strong>quiaque«</strong></span> <span class='ocrx_word' id='word_1_130' title='bbox 473 1000 542 1054; x_wconf 86' lang='lat' dir='ltr'><strong>locis</strong></span> <span class='ocrx_word' id='word_1_131' title='bbox 568 999 627 1055; x_wconf 87' lang='lat' dir='ltr'><strong>lere</strong></span> <span class='ocrx_word' id='word_1_132' title='bbox 653 999 856 1054; x_wconf 88' lang='lat' dir='ltr'><strong>communibus</strong></span> <span class='ocrx_word' id='word_1_133' title='bbox 879 999 1107 1070; x_wconf 70' lang='lat' dir='ltr'><strong>amplificavit.»</strong></span> <span class='ocrx_word' id='word_1_134' title='bbox 1132 1000 1172 1053; x_wconf 86' lang='lat' dir='ltr'><strong>Ne</strong></span> <span class='ocrx_word' id='word_1_135' title='bbox 1193 999 1239 1053; x_wconf 88' lang='lat' dir='ltr'><strong>liic</strong></span> <span class='ocrx_word' id='word_1_136' title='bbox 1255 1005 1350 1052; x_wconf 91' lang='lat' dir='ltr'><strong>actum</strong></span> <span class='ocrx_word' id='word_1_137' title='bbox 1372 1015 1467 1071; x_wconf 87' lang='lat' dir='ltr'><strong>again,</strong></span> <span class='ocrx_word' id='word_1_138' title='bbox 1483 1005 1533 1054; x_wconf 88' lang='lat' dir='ltr'><strong>eut</strong></span> <span class='ocrx_word' id='word_1_139' title='bbox 1559 1001 1669 1071; x_wconf 88' lang='lat' dir='ltr'><strong>pridem</strong></span> <span class='ocrx_word' id='word_1_140' title='bbox 1698 1001 1828 1072; x_wconf 81' lang='lat' dir='ltr'><strong>agitatas</strong></span> <span class='ocrx_word' id='word_1_141' title='bbox 1866 1019 1938 1057; x_wconf 89' lang='lat' dir='ltr'><strong>oon-</strong></span> 
     </span>
     <span class='ocr_line' id='line_1_13' title="bbox 174 1069 1940 1144; baseline -0.001 -16"><span class='ocrx_word' id='word_1_142' title='bbox 174 1073 328 1130; x_wconf 82' lang='lat' dir='ltr'><strong>trorersias</strong></span> <span class='ocrx_word' id='word_1_143' title='bbox 355 1073 450 1129; x_wconf 87' lang='lat' dir='ltr'><strong>denuo</strong></span> <span class='ocrx_word' id='word_1_144' title='bbox 475 1073 620 1134; x_wconf 82' lang='lat' dir='ltr'><strong>suscitem,</strong></span> <span class='ocrx_word' id='word_1_145' title='bbox 643 1071 739 1125; x_wconf 83' lang='lat' dir='ltr'><strong>rideat</strong></span> <span class='ocrx_word' id='word_1_146' title='bbox 761 1072 860 1137; x_wconf 89' lang='lat' dir='ltr'><strong>lector,</strong></span> <span class='ocrx_word' id='word_1_147' title='bbox 893 1085 959 1141; x_wconf 84' lang='lat' dir='ltr'><strong>quie</strong></span> <span class='ocrx_word' id='word_1_148' title='bbox 982 1071 1018 1124; x_wconf 90' lang='lat' dir='ltr'><strong>de</strong></span> <span class='ocrx_word' id='word_1_149' title='bbox 1042 1069 1208 1141; x_wconf 88' lang='lat' dir='ltr'><strong>hujusmodi</strong></span> <span class='ocrx_word' id='word_1_150' title='bbox 1237 1069 1394 1124; x_wconf 84' lang='lat' dir='ltr'><strong>visionibus</strong></span> <span class='ocrx_word' id='word_1_151' title='bbox 1416 1076 1446 1125; x_wconf 91' lang='lat' dir='ltr'><strong>et</strong></span> <span class='ocrx_word' id='word_1_152' title='bbox 1472 1070 1695 1126; x_wconf 78' lang='lat' dir='ltr'><strong>revelationibus</strong></span> <span class='ocrx_word' id='word_1_153' title='bbox 1722 1073 1849 1144; x_wconf 82' lang='lat' dir='ltr'><strong>pridem</strong></span> <span class='ocrx_word' id='word_1_154' title='bbox 1882 1073 1940 1128; x_wconf 74' lang='lat' dir='ltr'><strong>dis</strong></span> 
     </span>
     <span class='ocr_line' id='line_1_14' title="bbox 175 1139 1938 1218; baseline -0.001 -18"><span class='ocrx_word' id='word_1_155' title='bbox 175 1146 286 1218; x_wconf 88' lang='lat' dir='ltr'><strong>putarit</strong></span> <span class='ocrx_word' id='word_1_156' title='bbox 309 1141 531 1215; x_wconf 71' lang='lat' dir='ltr'><strong>papebrochius,</strong></span> <span class='ocrx_word' id='word_1_157' title='bbox 560 1141 591 1196; x_wconf 91' lang='lat' dir='ltr'><strong>in</strong></span> <span class='ocrx_word' id='word_1_158' title='bbox 615 1141 861 1212; x_wconf 86' lang='lat' dir='ltr'><strong>Responsionibiis</strong></span> <span class='ocrx_word' id='word_1_159' title='bbox 893 1142 927 1196; x_wconf 92' lang='lat' dir='ltr'><strong>ad</strong></span> <span class='ocrx_word' id='word_1_160' title='bbox 959 1140 1112 1195; x_wconf 87' lang='lat' dir='ltr'><strong>articulum</strong></span> <span class='ocrx_word' id='word_1_161' title='bbox 1135 1156 1171 1196; x_wconf 87' lang='grc' dir='ltr'><strong>ιι</strong></span> <span class='ocrx_word' id='word_1_162' title='bbox 1201 1139 1391 1196; x_wconf 79' lang='lat' dir='ltr'><strong>Exhibitiouis</strong></span> <span class='ocrx_word' id='word_1_163' title='bbox 1417 1155 1560 1210; x_wconf 87' lang='lat' dir='ltr'><strong>errorum,</strong></span> <span class='ocrx_word' id='word_1_164' title='bbox 1592 1141 1648 1213; x_wconf 87' lang='lat' dir='ltr'><strong>ipsi</strong></span> <span class='ocrx_word' id='word_1_165' title='bbox 1681 1157 1843 1214; x_wconf 88' lang='lat' dir='ltr'><strong>perperam</strong></span> <span class='ocrx_word' id='word_1_166' title='bbox 1883 1144 1938 1198; x_wconf 88' lang='lat' dir='ltr'><strong>iiu-</strong></span> 
     </span>
     <span class='ocr_line' id='line_1_15' title="bbox 175 1209 1936 1286; baseline -0.001 -16"><span class='ocrx_word' id='word_1_167' title='bbox 175 1215 409 1286; x_wconf 79' lang='lat' dir='ltr'><strong>pectoruin3nisi</strong></span> <span class='ocrx_word' id='word_1_168' title='bbox 424 1213 489 1285; x_wconf 89' lang='lat' dir='ltr'><strong>quis</strong></span> <span class='ocrx_word' id='word_1_169' title='bbox 511 1211 753 1284; x_wconf 82' lang='lat' dir='ltr'><strong>compendiosiori</strong></span> <span class='ocrx_word' id='word_1_170' title='bbox 774 1213 819 1266; x_wconf 88' lang='lat' dir='ltr'><strong>via</strong></span> <span class='ocrx_word' id='word_1_171' title='bbox 843 1227 905 1266; x_wconf 90' lang='lat' dir='ltr'><strong>rem</strong></span> <span class='ocrx_word' id='word_1_172' title='bbox 928 1216 1019 1266; x_wconf 90' lang='lat' dir='ltr'><strong>totam</strong></span> <span class='ocrx_word' id='word_1_173' title='bbox 1047 1209 1254 1282; x_wconf 81' lang='lat' dir='ltr'><strong>expediendam</strong></span> <span class='ocrx_word' id='word_1_174' title='bbox 1274 1217 1399 1280; x_wconf 88' lang='lat' dir='ltr'><strong>censeat,</strong></span> <span class='ocrx_word' id='word_1_175' title='bbox 1423 1216 1452 1267; x_wconf 90' lang='lat' dir='ltr'><strong>et</strong></span> <span class='ocrx_word' id='word_1_176' title='bbox 1475 1212 1578 1267; x_wconf 88' lang='lat' dir='ltr'><strong>meritc</strong></span> <span class='ocrx_word' id='word_1_177' title='bbox 1613 1211 1733 1282; x_wconf 87' lang='lat' dir='ltr'><strong>dubitat,</strong></span> <span class='ocrx_word' id='word_1_178' title='bbox 1760 1220 1875 1268; x_wconf 86' lang='lat' dir='ltr'><strong>utrum</strong></span> <span class='ocrx_word' id='word_1_179' title='bbox 1904 1231 1936 1268; x_wconf 88' lang='lat' dir='ltr'><strong>ei</strong></span> 
     </span>
     <span class='ocr_line' id='line_1_16' title="bbox 173 1281 1935 1356; baseline -0.001 -15"><span class='ocrx_word' id='word_1_180' title='bbox 173 1302 270 1341; x_wconf 89' lang='lat' dir='ltr'><strong>rerum</strong></span> <span class='ocrx_word' id='word_1_181' title='bbox 291 1285 449 1354; x_wconf 84' lang='lat' dir='ltr'><strong>congeries,</strong></span> <span class='ocrx_word' id='word_1_182' title='bbox 465 1285 566 1337; x_wconf 89' lang='lat' dir='ltr'><strong>saltem</strong></span> <span class='ocrx_word' id='word_1_183' title='bbox 583 1283 664 1337; x_wconf 86' lang='lat' dir='ltr'><strong>sicuti</strong></span> <span class='ocrx_word' id='word_1_184' title='bbox 684 1281 719 1336; x_wconf 90' lang='lat' dir='ltr'><strong>ad</strong></span> <span class='ocrx_word' id='word_1_185' title='bbox 748 1298 800 1336; x_wconf 90' lang='lat' dir='ltr'><strong>nos</strong></span> <span class='ocrx_word' id='word_1_186' title='bbox 822 1282 960 1353; x_wconf 85' lang='lat' dir='ltr'><strong>pervenit,</strong></span> <span class='ocrx_word' id='word_1_187' title='bbox 981 1281 1162 1352; x_wconf 82' lang='lat' dir='ltr'><strong>ilildegardis</strong></span> <span class='ocrx_word' id='word_1_188' title='bbox 1189 1282 1307 1353; x_wconf 88' lang='lat' dir='ltr'><strong>propria</strong></span> <span class='ocrx_word' id='word_1_189' title='bbox 1330 1287 1358 1335; x_wconf 91' lang='lat' dir='ltr'><strong>et</strong></span> <span class='ocrx_word' id='word_1_190' title='bbox 1386 1282 1512 1353; x_wconf 91' lang='lat' dir='ltr'><strong>genuina</strong></span> <span class='ocrx_word' id='word_1_191' title='bbox 1539 1283 1586 1352; x_wconf 91' lang='lat' dir='ltr'><strong>sit,</strong></span> <span class='ocrx_word' id='word_1_192' title='bbox 1618 1287 1646 1337; x_wconf 90' lang='lat' dir='ltr'><strong>et</strong></span> <span class='ocrx_word' id='word_1_193' title='bbox 1675 1300 1730 1338; x_wconf 91' lang='lat' dir='ltr'><strong>non</strong></span> <span class='ocrx_word' id='word_1_194' title='bbox 1755 1287 1869 1356; x_wconf 87' lang='lat' dir='ltr'><strong>potius</strong></span> <span class='ocrx_word' id='word_1_195' title='bbox 1898 1287 1935 1340; x_wconf 88' lang='lat' dir='ltr'><strong>ab</strong></span> 
     </span>
     <span class='ocr_line' id='line_1_17' title="bbox 174 1352 1932 1427; baseline -0.002 -16"><span class='ocrx_word' id='word_1_196' title='bbox 174 1358 272 1427; x_wconf 88' lang='lat' dir='ltr'><strong>aliquo</strong></span> <span class='ocrx_word' id='word_1_197' title='bbox 305 1357 511 1427; x_wconf 83' lang='lat' dir='ltr'><strong>interpolatore</strong></span> <span class='ocrx_word' id='word_1_198' title='bbox 534 1361 618 1407; x_wconf 89' lang='lat' dir='ltr'><strong>aucta</strong></span> <span class='ocrx_word' id='word_1_199' title='bbox 652 1353 837 1424; x_wconf 88' lang='lat' dir='ltr'><strong>postmodum</strong></span> <span class='ocrx_word' id='word_1_200' title='bbox 873 1360 902 1406; x_wconf 88' lang='lat' dir='ltr'><strong>et</strong></span> <span class='ocrx_word' id='word_1_201' title='bbox 924 1353 1109 1423; x_wconf 83' lang='lat' dir='ltr'><strong>amplificata,</strong></span> <span class='ocrx_word' id='word_1_202' title='bbox 1137 1358 1223 1424; x_wconf 89' lang='lat' dir='ltr'><strong>atque</strong></span> <span class='ocrx_word' id='word_1_203' title='bbox 1248 1353 1324 1408; x_wconf 89' lang='lat' dir='ltr'><strong>iuter</strong></span> <span class='ocrx_word' id='word_1_204' title='bbox 1349 1352 1420 1407; x_wconf 86' lang='lat' dir='ltr'><strong>elias</strong></span> <span class='ocrx_word' id='word_1_205' title='bbox 1456 1353 1566 1408; x_wconf 77' lang='lat' dir='ltr'><strong>Sanctae</strong></span> <span class='ocrx_word' id='word_1_206' title='bbox 1604 1354 1685 1408; x_wconf 88' lang='lat' dir='ltr'><strong>istius</strong></span> <span class='ocrx_word' id='word_1_207' title='bbox 1710 1356 1932 1422; x_wconf 83' lang='lat' dir='ltr'><strong>revelationes,</strong></span> 
     </span>
     <span class='ocr_line' id='line_1_18' title="bbox 171 1423 1930 1495; baseline -0.001 -12"><span class='ocrx_word' id='word_1_208' title='bbox 171 1428 289 1484; x_wconf 83' lang='lat' dir='ltr'><strong>aliunde</strong></span> <span class='ocrx_word' id='word_1_209' title='bbox 310 1433 390 1481; x_wconf 85' lang='lat' dir='ltr'><strong>notas</strong></span> <span class='ocrx_word' id='word_1_210' title='bbox 413 1432 444 1480; x_wconf 89' lang='lat' dir='ltr'><strong>et</strong></span> <span class='ocrx_word' id='word_1_211' title='bbox 462 1431 608 1495; x_wconf 77' lang='lat' dir='ltr'><strong>utcunque</strong></span> <span class='ocrx_word' id='word_1_212' title='bbox 631 1423 813 1495; x_wconf 87' lang='lat' dir='ltr'><strong>approbatas,</strong></span> <span class='ocrx_word' id='word_1_213' title='bbox 849 1429 1027 1494; x_wconf 87' lang='lat' dir='ltr'><strong>computat-a,</strong></span> <span class='ocrx_word' id='word_1_214' title='bbox 1058 1424 1094 1478; x_wconf 88' lang='lat' dir='ltr'><strong>de</strong></span> <span class='ocrx_word' id='word_1_215' title='bbox 1135 1425 1241 1495; x_wconf 92' lang='lat' dir='ltr'><strong>quibua</strong></span> <span class='ocrx_word' id='word_1_216' title='bbox 1265 1425 1347 1495; x_wconf 86' lang='lat' dir='ltr'><strong>plura</strong></span> <span class='ocrx_word' id='word_1_217' title='bbox 1382 1423 1545 1494; x_wconf 89' lang='lat' dir='ltr'><strong>disquirere</strong></span> <span class='ocrx_word' id='word_1_218' title='bbox 1559 1424 1613 1479; x_wconf 90' lang='lat' dir='ltr'><strong>boe</strong></span> <span class='ocrx_word' id='word_1_219' title='bbox 1636 1427 1698 1480; x_wconf 88' lang='lat' dir='ltr'><strong>loco</strong></span> <span class='ocrx_word' id='word_1_220' title='bbox 1733 1441 1792 1482; x_wconf 91' lang='lat' dir='ltr'><strong>nou</strong></span> <span class='ocrx_word' id='word_1_221' title='bbox 1823 1427 1930 1493; x_wconf 85' lang='lat' dir='ltr'><strong>lubet,</strong></span> 
     </span>
     <span class='ocr_line' id='line_1_19' title="bbox 173 1495 728 1619; baseline -0.007 -66"><span class='ocrx_word' id='word_1_222' title='bbox 173 1512 268 1568; x_wconf 88' lang='lat' dir='ltr'><strong>neque</strong></span> <span class='ocrx_word' id='word_1_223' title='bbox 283 1513 351 1552; x_wconf 81' lang='lat' dir='ltr'><strong>vero</strong></span> <span class='ocrx_word' id='word_1_224' title='bbox 361 1511 457 1567; x_wconf 83' lang='lat' dir='ltr'><strong>operia</strong></span> <span class='ocrx_word' id='word_1_225' title='bbox 470 1497 596 1619; x_wconf 69' lang='lat' dir='ltr'><strong>pretium</strong></span> <span class='ocrx_word' id='word_1_226' title='bbox 608 1495 728 1550; x_wconf 83' lang='lat' dir='ltr'><strong>uidetur.</strong></span> 
     </span>
    </p>

    <p class='ocr_par' dir='ltr' id='par_1_3' title="bbox 90 1563 1924 3265">
     <span class='ocr_line' id='line_1_20' title="bbox 205 1563 1923 1638; baseline -0.001 -14"><span class='ocrx_word' id='word_1_227' title='bbox 205 1569 312 1624; x_wconf 79' lang='lat' dir='ltr'><strong>Praeter</strong></span> <span class='ocrx_word' id='word_1_228' title='bbox 338 1569 413 1623; x_wconf 89' lang='lat' dir='ltr'><strong>lianc</strong></span> <span class='ocrx_word' id='word_1_229' title='bbox 434 1583 471 1620; x_wconf 84' lang='lat' dir='ltr'><strong>ru</strong></span> <span class='ocrx_word' id='word_1_230' title='bbox 504 1566 659 1620; x_wconf 88' lang='lat' dir='ltr'><strong>atissimam</strong></span> <span class='ocrx_word' id='word_1_231' title='bbox 694 1565 824 1623; x_wconf 77' lang='lat' dir='ltr'><strong>vitame</strong></span> <span class='ocrx_word' id='word_1_232' title='bbox 855 1563 883 1620; x_wconf 90' lang='lat' dir='ltr'><strong>S.</strong></span> <span class='ocrx_word' id='word_1_233' title='bbox 916 1563 1087 1637; x_wconf 87' lang='lat' dir='ltr'><strong>ilildegarde</strong></span> <span class='ocrx_word' id='word_1_234' title='bbox 1117 1563 1264 1634; x_wconf 86' lang='lat' dir='ltr'><strong>scriptam,</strong></span> <span class='ocrx_word' id='word_1_235' title='bbox 1291 1563 1378 1619; x_wconf 89' lang='lat' dir='ltr'><strong>aliani</strong></span> <span class='ocrx_word' id='word_1_236' title='bbox 1405 1564 1482 1620; x_wconf 90' lang='lat' dir='ltr'><strong>iuter</strong></span> <span class='ocrx_word' id='word_1_237' title='bbox 1518 1563 1637 1620; x_wconf 84' lang='lat' dir='ltr'><strong>schedas</strong></span> <span class='ocrx_word' id='word_1_238' title='bbox 1666 1570 1777 1621; x_wconf 86' lang='lat' dir='ltr'><strong>nostras</strong></span> <span class='ocrx_word' id='word_1_239' title='bbox 1801 1567 1923 1638; x_wconf 87' lang='lat' dir='ltr'><strong>reperi,</strong></span> 
     </span>
     <span class='ocr_line' id='line_1_21' title="bbox 169 1582 1924 1762; baseline -0.003 -67"><span class='ocrx_word' id='word_1_240' title='bbox 169 1640 251 1710; x_wconf 87' lang='lat' dir='ltr'><strong>cnjus</strong></span> <span class='ocrx_word' id='word_1_241' title='bbox 265 1636 463 1762; x_wconf 60' lang='lat' dir='ltr'><strong>nemoestqui</strong></span> <span class='ocrx_word' id='word_1_242' title='bbox 483 1582 627 1691; x_wconf 48' lang='lat' dir='ltr'><strong>{actenus</strong></span> <span class='ocrx_word' id='word_1_243' title='bbox 648 1651 787 1717; x_wconf 85' lang='lat' dir='ltr'><strong>umquam</strong></span> <span class='ocrx_word' id='word_1_244' title='bbox 817 1635 1003 1691; x_wconf 85' lang='lat' dir='ltr'><strong>meminerit:</strong></span> <span class='ocrx_word' id='word_1_245' title='bbox 1029 1650 1097 1691; x_wconf 86' lang='lat' dir='ltr'><strong>uana</strong></span> <span class='ocrx_word' id='word_1_246' title='bbox 1121 1640 1152 1689; x_wconf 90' lang='lat' dir='ltr'><strong>ut</strong></span> <span class='ocrx_word' id='word_1_247' title='bbox 1179 1635 1289 1689; x_wconf 84' lang='lat' dir='ltr'><strong>notavit</strong></span> <span class='ocrx_word' id='word_1_248' title='bbox 1313 1634 1444 1690; x_wconf 87' lang='lat' dir='ltr'><strong>laudatus</strong></span> <span class='ocrx_word' id='word_1_249' title='bbox 1471 1635 1595 1704; x_wconf 83' lang='lat' dir='ltr'><strong>ldebilio,</strong></span> <span class='ocrx_word' id='word_1_250' title='bbox 1613 1651 1677 1690; x_wconf 78' lang='lat' dir='ltr'><strong>seso.</strong></span> <span class='ocrx_word' id='word_1_251' title='bbox 1705 1651 1740 1692; x_wconf 90' lang='lat' dir='ltr'><strong>iii</strong></span> <span class='ocrx_word' id='word_1_252' title='bbox 1764 1637 1924 1693; x_wconf 76' lang='lat' dir='ltr'><strong>benedict.</strong></span> 
     </span>
     <span class='ocr_line' id='line_1_22' title="bbox 170 1705 1924 1781; baseline -0.001 -16"><span class='ocrx_word' id='word_1_253' title='bbox 170 1716 250 1781; x_wconf 90' lang='lat' dir='ltr'><strong>parte</strong></span> <span class='ocrx_word' id='word_1_254' title='bbox 269 1727 300 1775; x_wconf 92' lang='grc' dir='ltr'><strong>ιι,</strong></span> <span class='ocrx_word' id='word_1_255' title='bbox 349 1724 394 1780; x_wconf 88' lang='lat' dir='ltr'><strong>ag.</strong></span> <span class='ocrx_word' id='word_1_256' title='bbox 435 1709 529 1762; x_wconf 74' lang='lat' dir='ltr'><strong>aaz«</strong></span> <span class='ocrx_word' id='word_1_257' title='bbox 559 1708 665 1763; x_wconf 77' lang='lat' dir='ltr'><strong>Praeter</strong></span> <span class='ocrx_word' id='word_1_258' title='bbox 685 1707 920 1777; x_wconf 87' lang='lat' dir='ltr'><strong>llildegardem...</strong></span> <span class='ocrx_word' id='word_1_259' title='bbox 951 1721 1036 1760; x_wconf 92' lang='lat' dir='ltr'><strong>nenio</strong></span> <span class='ocrx_word' id='word_1_260' title='bbox 1065 1711 1202 1772; x_wconf 87' lang='lat' dir='ltr'><strong>veterum,</strong></span> <span class='ocrx_word' id='word_1_261' title='bbox 1225 1721 1298 1777; x_wconf 85' lang='lat' dir='ltr'><strong>quos</strong></span> <span class='ocrx_word' id='word_1_262' title='bbox 1324 1705 1454 1776; x_wconf 88' lang='lat' dir='ltr'><strong>legerim,</strong></span> <span class='ocrx_word' id='word_1_263' title='bbox 1481 1705 1609 1762; x_wconf 88' lang='lat' dir='ltr'><strong>[tisibodi</strong></span> <span class='ocrx_word' id='word_1_264' title='bbox 1633 1707 1810 1763; x_wconf 86' lang='lat' dir='ltr'><strong>mentionem</strong></span> <span class='ocrx_word' id='word_1_265' title='bbox 1848 1709 1924 1763; x_wconf 84' lang='lat' dir='ltr'><strong>facit</strong></span> 
     </span>
     <span class='ocr_line' id='line_1_23' title="bbox 170 1727 1924 1851; baseline 0 -17"><span class='ocrx_word' id='word_1_266' title='bbox 170 1786 275 1851; x_wconf 82' lang='lat' dir='ltr'><strong>praeter</strong></span> <span class='ocrx_word' id='word_1_267' title='bbox 293 1727 442 1836; x_wconf 60' lang='lat' dir='ltr'><strong>naitanum</strong></span> <span class='ocrx_word' id='word_1_268' title='bbox 457 1778 586 1833; x_wconf 63' lang='lat' dir='ltr'><strong>Maurum</strong></span> <span class='ocrx_word' id='word_1_269' title='bbox 606 1784 635 1832; x_wconf 92' lang='lat' dir='ltr'><strong>et</strong></span> <span class='ocrx_word' id='word_1_270' title='bbox 662 1777 818 1832; x_wconf 75' lang='lat' dir='ltr'><strong>Marianum</strong></span> <span class='ocrx_word' id='word_1_271' title='bbox 841 1777 968 1832; x_wconf 87' lang='lat' dir='ltr'><strong>Scotum.</strong></span> <span class='ocrx_word' id='word_1_272' title='bbox 986 1797 1000 1826; x_wconf 75' lang='lat' dir='ltr'><strong>a</strong></span> <span class='ocrx_word' id='word_1_273' title='bbox 1024 1777 1058 1830; x_wconf 78' lang='lat' dir='ltr'><strong>Et</strong></span> <span class='ocrx_word' id='word_1_274' title='bbox 1081 1781 1158 1831; x_wconf 88' lang='lat' dir='ltr'><strong>certe</strong></span> <span class='ocrx_word' id='word_1_275' title='bbox 1187 1777 1258 1831; x_wconf 90' lang='lat' dir='ltr'><strong>tanti</strong></span> <span class='ocrx_word' id='word_1_276' title='bbox 1279 1791 1337 1831; x_wconf 92' lang='lat' dir='ltr'><strong>uon</strong></span> <span class='ocrx_word' id='word_1_277' title='bbox 1370 1781 1414 1832; x_wconf 92' lang='lat' dir='ltr'><strong>cst</strong></span> <span class='ocrx_word' id='word_1_278' title='bbox 1437 1776 1494 1831; x_wconf 83' lang='lat' dir='ltr'><strong>vite</strong></span> <span class='ocrx_word' id='word_1_279' title='bbox 1515 1776 1570 1832; x_wconf 88' lang='lat' dir='ltr'><strong>ista</strong></span> <span class='ocrx_word' id='word_1_280' title='bbox 1601 1777 1701 1845; x_wconf 90' lang='lat' dir='ltr'><strong>altera,</strong></span> <span class='ocrx_word' id='word_1_281' title='bbox 1729 1793 1763 1834; x_wconf 83' lang='lat' dir='ltr'><strong>er</strong></span> <span class='ocrx_word' id='word_1_282' title='bbox 1796 1779 1924 1834; x_wconf 84' lang='lat' dir='ltr'><strong>Passio-</strong></span> 
     </span>
     <span class='ocr_line' id='line_1_24' title="bbox 169 1847 1922 1918; baseline -0.001 -12"><span class='ocrx_word' id='word_1_283' title='bbox 169 1853 229 1906; x_wconf 88' lang='lat' dir='ltr'><strong>nali</strong></span> <span class='ocrx_word' id='word_1_284' title='bbox 245 1851 430 1906; x_wconf 85' lang='lat' dir='ltr'><strong>membraneo</strong></span> <span class='ocrx_word' id='word_1_285' title='bbox 456 1849 579 1904; x_wconf 79' lang='lat' dir='ltr'><strong>cenobii</strong></span> <span class='ocrx_word' id='word_1_286' title='bbox 603 1848 805 1905; x_wconf 77' lang='lat' dir='ltr'><strong>bodecensisa</strong></span> <span class='ocrx_word' id='word_1_287' title='bbox 833 1853 930 1904; x_wconf 89' lang='lat' dir='ltr'><strong>nostro</strong></span> <span class='ocrx_word' id='word_1_288' title='bbox 957 1849 987 1903; x_wconf 86' lang='lat' dir='ltr'><strong>P.</strong></span> <span class='ocrx_word' id='word_1_289' title='bbox 1005 1849 1129 1902; x_wconf 86' lang='lat' dir='ltr'><strong>loannes</strong></span> <span class='ocrx_word' id='word_1_290' title='bbox 1151 1847 1274 1902; x_wconf 89' lang='lat' dir='ltr'><strong>Gamans</strong></span> <span class='ocrx_word' id='word_1_291' title='bbox 1304 1853 1330 1901; x_wconf 93' lang='lat' dir='ltr'><strong>tr</strong></span> <span class='ocrx_word' id='word_1_292' title='bbox 1369 1852 1493 1918; x_wconf 89' lang='lat' dir='ltr'><strong>sumpta,</strong></span> <span class='ocrx_word' id='word_1_293' title='bbox 1523 1854 1555 1902; x_wconf 92' lang='lat' dir='ltr'><strong>ut</strong></span> <span class='ocrx_word' id='word_1_294' title='bbox 1579 1850 1735 1903; x_wconf 88' lang='lat' dir='ltr'><strong>memorari</strong></span> <span class='ocrx_word' id='word_1_295' title='bbox 1758 1854 1807 1904; x_wconf 89' lang='lat' dir='ltr'><strong>aut</strong></span> <span class='ocrx_word' id='word_1_296' title='bbox 1840 1852 1922 1904; x_wconf 89' lang='lat' dir='ltr'><strong>inul-</strong></span> 
     </span>
     <span class='ocr_line' id='line_1_25' title="bbox 169 1862 1920 1998; baseline -0.001 -22"><span class='ocrx_word' id='word_1_297' title='bbox 169 1928 231 1976; x_wconf 89' lang='lat' dir='ltr'><strong>tum</strong></span> <span class='ocrx_word' id='word_1_298' title='bbox 247 1921 397 1995; x_wconf 71' lang='lat' dir='ltr'><strong>predicari</strong></span> <span class='ocrx_word' id='word_1_299' title='bbox 425 1923 578 1975; x_wconf 88' lang='lat' dir='ltr'><strong>mereatur.</strong></span> <span class='ocrx_word' id='word_1_300' title='bbox 597 1923 756 1977; x_wconf 85' lang='lat' dir='ltr'><strong>Centonem</strong></span> <span class='ocrx_word' id='word_1_301' title='bbox 784 1919 909 1990; x_wconf 84' lang='lat' dir='ltr'><strong>appello,</strong></span> <span class='ocrx_word' id='word_1_302' title='bbox 928 1917 964 1972; x_wconf 89' lang='lat' dir='ltr'><strong>ab</strong></span> <span class='ocrx_word' id='word_1_303' title='bbox 994 1917 1091 1989; x_wconf 89' lang='lat' dir='ltr'><strong>aliquo</strong></span> <span class='ocrx_word' id='word_1_304' title='bbox 1107 1917 1181 1972; x_wconf 84' lang='lat' dir='ltr'><strong>torte</strong></span> <span class='ocrx_word' id='word_1_305' title='bbox 1211 1862 1368 1998; x_wconf 47' lang='lat' dir='ltr'><strong>MontisflS}</strong></span> <span class='ocrx_word' id='word_1_306' title='bbox 1392 1915 1519 1998; x_wconf 77' lang='lat' dir='ltr'><strong>Disibodi</strong></span> <span class='ocrx_word' id='word_1_307' title='bbox 1543 1920 1685 1974; x_wconf 90' lang='lat' dir='ltr'><strong>monachu</strong></span> <span class='ocrx_word' id='word_1_308' title='bbox 1714 1925 1920 1975; x_wconf 82' lang='lat' dir='ltr'><strong>exornatum:</strong></span> 
     </span>
     <span class='ocr_line' id='line_1_26' title="bbox 169 1987 1920 2064; baseline -0.002 -17"><span class='ocrx_word' id='word_1_309' title='bbox 169 1993 299 2048; x_wconf 90' lang='lat' dir='ltr'><strong>dicamus</strong></span> <span class='ocrx_word' id='word_1_310' title='bbox 323 1992 429 2064; x_wconf 91' lang='lat' dir='ltr'><strong>potius,</strong></span> <span class='ocrx_word' id='word_1_311' title='bbox 454 2006 488 2044; x_wconf 88' lang='lat' dir='ltr'><strong>er</strong></span> <span class='ocrx_word' id='word_1_312' title='bbox 516 1991 579 2044; x_wconf 87' lang='lat' dir='ltr'><strong>aliis</strong></span> <span class='ocrx_word' id='word_1_313' title='bbox 597 1989 766 2044; x_wconf 87' lang='lat' dir='ltr'><strong>Sanctorum</strong></span> <span class='ocrx_word' id='word_1_314' title='bbox 792 1989 868 2043; x_wconf 83' lang='lat' dir='ltr'><strong>itctis</strong></span> <span class='ocrx_word' id='word_1_315' title='bbox 904 1988 1004 2059; x_wconf 90' lang='lat' dir='ltr'><strong>putide</strong></span> <span class='ocrx_word' id='word_1_316' title='bbox 1036 1987 1234 2059; x_wconf 88' lang='lat' dir='ltr'><strong>compilatum,</strong></span> <span class='ocrx_word' id='word_1_317' title='bbox 1265 1987 1380 2043; x_wconf 86' lang='lat' dir='ltr'><strong>exordio</strong></span> <span class='ocrx_word' id='word_1_318' title='bbox 1399 2003 1432 2042; x_wconf 85' lang='lat' dir='ltr'><strong>ex</strong></span> <span class='ocrx_word' id='word_1_319' title='bbox 1459 1991 1536 2043; x_wconf 75' lang='lat' dir='ltr'><strong>Actis</strong></span> <span class='ocrx_word' id='word_1_320' title='bbox 1561 1987 1589 2045; x_wconf 88' lang='lat' dir='ltr'><strong>S.</strong></span> <span class='ocrx_word' id='word_1_321' title='bbox 1615 1989 1723 2044; x_wconf 87' lang='lat' dir='ltr'><strong>lliliaui</strong></span> <span class='ocrx_word' id='word_1_322' title='bbox 1745 1990 1840 2046; x_wconf 78' lang='lat' dir='ltr'><strong>ferme</strong></span> <span class='ocrx_word' id='word_1_323' title='bbox 1868 1992 1920 2045; x_wconf 75' lang='lat' dir='ltr'><strong>de</strong></span> 
     </span>
     <span class='ocr_line' id='line_1_27' title="bbox 170 2058 1922 2188; baseline -0.001 -71"><span class='ocrx_word' id='word_1_324' title='bbox 170 2069 297 2188; x_wconf 64' lang='lat' dir='ltr'><strong>snmssto,</strong></span> <span class='ocrx_word' id='word_1_325' title='bbox 314 2063 437 2143; x_wconf 81' lang='lat' dir='ltr'><strong>aliisque</strong></span> <span class='ocrx_word' id='word_1_326' title='bbox 455 2059 572 2115; x_wconf 89' lang='lat' dir='ltr'><strong>aliunde</strong></span> <span class='ocrx_word' id='word_1_327' title='bbox 594 2060 715 2114; x_wconf 90' lang='lat' dir='ltr'><strong>corrasis</strong></span> <span class='ocrx_word' id='word_1_328' title='bbox 751 2059 926 2140; x_wconf 80' lang='lat' dir='ltr'><strong>Narrationis</strong></span> <span class='ocrx_word' id='word_1_329' title='bbox 948 2059 1040 2140; x_wconf 33' lang='lat' dir='ltr'><strong>totius·</strong></span> <span class='ocrx_word' id='word_1_330' title='bbox 1068 2075 1132 2140; x_wconf 75' lang='lat' dir='ltr'><strong>pars</strong></span> <span class='ocrx_word' id='word_1_331' title='bbox 1154 2058 1304 2129; x_wconf 90' lang='lat' dir='ltr'><strong>potissima</strong></span> <span class='ocrx_word' id='word_1_332' title='bbox 1324 2058 1414 2113; x_wconf 83' lang='lat' dir='ltr'><strong>bieret</strong></span> <span class='ocrx_word' id='word_1_333' title='bbox 1436 2059 1467 2112; x_wconf 90' lang='lat' dir='ltr'><strong>in</strong></span> <span class='ocrx_word' id='word_1_334' title='bbox 1485 2059 1673 2141; x_wconf 77' lang='lat' dir='ltr'><strong>describenda</strong></span> <span class='ocrx_word' id='word_1_335' title='bbox 1691 2061 1847 2142; x_wconf 67' lang='lat' dir='ltr'><strong>uenatione</strong></span> <span class='ocrx_word' id='word_1_336' title='bbox 1876 2078 1922 2116; x_wconf 80' lang='lat' dir='ltr'><strong>re·</strong></span> 
     </span>
     <span class='ocr_line' id='line_1_28' title="bbox 170 2130 1919 2274; baseline -0.001 -16"><span class='ocrx_word' id='word_1_337' title='bbox 170 2132 859 2270; x_wconf 59' lang='lat' dir='ltr'><strong>institituit?intinniit.</strong></span> <span class='ocrx_word' id='word_1_338' title='bbox 879 2130 1293 2255; x_wconf 65' lang='lat' dir='ltr'><strong>ttitnitltliiiin</strong></span> <span class='ocrx_word' id='word_1_339' title='bbox 1314 2132 1919 2274; x_wconf 56' lang='lat' dir='ltr'><strong>stitia.itintiitaittttiaz</strong></span> 
     </span>
     <span class='ocr_line' id='line_1_29' title="bbox 170 2217 1918 2354; baseline 0 -26"><span class='ocrx_word' id='word_1_340' title='bbox 170 2273 218 2341; x_wconf 89' lang='lat' dir='ltr'><strong>sit,</strong></span> <span class='ocrx_word' id='word_1_341' title='bbox 237 2217 566 2352; x_wconf 50' lang='lat' dir='ltr'><strong>cujus’temporeicra,</strong></span> <span class='ocrx_word' id='word_1_342' title='bbox 591 2289 616 2352; x_wconf 41' lang='lat' dir='ltr'><strong>a·</strong></span> <span class='ocrx_word' id='word_1_343' title='bbox 637 2272 820 2352; x_wconf 30' lang='lat' dir='ltr'><strong>rena-toribus</strong></span> <span class='ocrx_word' id='word_1_344' title='bbox 844 2286 954 2342; x_wconf 40' lang='lat' dir='ltr'><strong>pressa*</strong></span> <span class='ocrx_word' id='word_1_345' title='bbox 970 2275 1000 2326; x_wconf 92' lang='lat' dir='ltr'><strong>et</strong></span> <span class='ocrx_word' id='word_1_346' title='bbox 1020 2271 1146 2353; x_wconf 79' lang='lat' dir='ltr'><strong>fatigata,</strong></span> <span class='ocrx_word' id='word_1_347' title='bbox 1186 2271 1222 2325; x_wconf 91' lang='lat' dir='ltr'><strong>ad</strong></span> <span class='ocrx_word' id='word_1_348' title='bbox 1256 2241 1392 2352; x_wconf 32' lang='lat' dir='ltr'><strong>S&#39;a&#39;uctum</strong></span> <span class='ocrx_word' id='word_1_349' title='bbox 1418 2286 1448 2352; x_wconf 77' lang='lat' dir='ltr'><strong>ae</strong></span> <span class='ocrx_word' id='word_1_350' title='bbox 1480 2241 1777 2354; x_wconf 63' lang='lat' dir='ltr'><strong>imminutioni*</strong></span> <span class='ocrx_word' id='word_1_351' title='bbox 1796 2273 1918 2354; x_wconf 69' lang='lat' dir='ltr'><strong>deinde,</strong></span> 
     </span>
     <span class='ocr_line' id='line_1_30' title="bbox 171 2340 1918 2415; baseline 0 -17"><span class='ocrx_word' id='word_1_352' title='bbox 171 2345 438 2415; x_wconf 83' lang='lat' dir='ltr'><strong>quomodocervam</strong></span> <span class='ocrx_word' id='word_1_353' title='bbox 461 2347 631 2397; x_wconf 85' lang='lat' dir='ltr'><strong>cicuraverit</strong></span> <span class='ocrx_word' id='word_1_354' title='bbox 656 2342 817 2409; x_wconf 86' lang='lat' dir='ltr'><strong>llisibodus,</strong></span> <span class='ocrx_word' id='word_1_355' title='bbox 842 2357 964 2414; x_wconf 87' lang='lat' dir='ltr'><strong>eamque</strong></span> <span class='ocrx_word' id='word_1_356' title='bbox 989 2357 1050 2412; x_wconf 90' lang='lat' dir='ltr'><strong>regi</strong></span> <span class='ocrx_word' id='word_1_357' title='bbox 1084 2341 1161 2397; x_wconf 91' lang='lat' dir='ltr'><strong>dono</strong></span> <span class='ocrx_word' id='word_1_358' title='bbox 1182 2340 1302 2405; x_wconf 87' lang='lat' dir='ltr'><strong>dederit,</strong></span> <span class='ocrx_word' id='word_1_359' title='bbox 1333 2355 1397 2412; x_wconf 76' lang='lat' dir='ltr'><strong>quae</strong></span> <span class='ocrx_word' id='word_1_360' title='bbox 1425 2357 1521 2414; x_wconf 90' lang='lat' dir='ltr'><strong>ipsum</strong></span> <span class='ocrx_word' id='word_1_361' title='bbox 1544 2358 1623 2397; x_wconf 87' lang='lat' dir='ltr'><strong>oanis</strong></span> <span class='ocrx_word' id='word_1_362' title='bbox 1643 2347 1734 2399; x_wconf 89' lang='lat' dir='ltr'><strong>instar</strong></span> <span class='ocrx_word' id='word_1_363' title='bbox 1760 2343 1918 2399; x_wconf 86' lang='lat' dir='ltr'><strong>domestici</strong></span> 
     </span>
     <span class='ocr_line' id='line_1_31' title="bbox 171 2418 1917 2566; baseline 0 -26"><span class='ocrx_word' id='word_1_364' title='bbox 171 2430 405 2551; x_wconf 48' lang='lat' dir='ltr'><strong>qudgdiriiezseliff,</strong></span> <span class='ocrx_word' id='word_1_365' title='bbox 415 2418 595 2566; x_wconf 37' lang='lat' dir='ltr'><strong>affigit&amp;</strong></span> <span class='ocrx_word' id='word_1_366' title='bbox 625 2483 771 2566; x_wconf 79' lang='lat' dir='ltr'><strong>admirans</strong></span> <span class='ocrx_word' id='word_1_367' title='bbox 791 2498 850 2566; x_wconf 71' lang='lat' dir='ltr'><strong>⁸rex</strong></span> <span class='ocrx_word' id='word_1_368' title='bbox 871 2499 930 2566; x_wconf 83' lang='lat' dir='ltr'><strong>nou</strong></span> <span class='ocrx_word' id='word_1_369' title='bbox 955 2482 1097 2554; x_wconf 89' lang='lat' dir='ltr'><strong>ingratus,</strong></span> <span class='ocrx_word' id='word_1_370' title='bbox 1120 2482 1276 2563; x_wconf 79' lang='lat' dir='ltr'><strong>postulanti</strong></span> <span class='ocrx_word' id='word_1_371' title='bbox 1303 2483 1406 2540; x_wconf 90' lang='lat' dir='ltr'><strong>Sancto</strong></span> <span class='ocrx_word' id='word_1_372' title='bbox 1426 2487 1540 2540; x_wconf 90' lang='lat' dir='ltr'><strong>tautum</strong></span> <span class='ocrx_word' id='word_1_373' title='bbox 1566 2488 1652 2539; x_wconf 88' lang='lat' dir='ltr'><strong>terrie</strong></span> <span class='ocrx_word' id='word_1_374' title='bbox 1681 2483 1848 2556; x_wconf 69' lang='lat' dir='ltr'><strong>spatium«</strong></span> <span class='ocrx_word' id='word_1_375' title='bbox 1880 2485 1917 2566; x_wconf 72' lang='lat' dir='ltr'><strong>ed</strong></span> 
     </span>
     <span class='ocr_line' id='line_1_32' title="bbox 111 2552 1918 2628; baseline -0.001 -18"><span class='ocrx_word' id='word_1_376' title='bbox 111 2615 114 2619; x_wconf 10' lang='grc' dir='ltr'><em>φ</em></span> <span class='ocrx_word' id='word_1_377' title='bbox 170 2571 252 2611; x_wconf 89' lang='lat' dir='ltr'><strong>suam</strong></span> <span class='ocrx_word' id='word_1_378' title='bbox 267 2560 508 2628; x_wconf 86' lang='lat' dir='ltr'><strong>posterorumque</strong></span> <span class='ocrx_word' id='word_1_379' title='bbox 524 2556 677 2610; x_wconf 88' lang='lat' dir='ltr'><strong>utilitatem</strong></span> <span class='ocrx_word' id='word_1_380' title='bbox 692 2555 844 2610; x_wconf 83' lang='lat' dir='ltr'><strong>indulsisse</strong></span> <span class='ocrx_word' id='word_1_381' title='bbox 861 2554 975 2620; x_wconf 82' lang='lat' dir='ltr'><strong>dautur,</strong></span> <span class='ocrx_word' id='word_1_382' title='bbox 1001 2559 1142 2625; x_wconf 88' lang='lat' dir='ltr'><strong>quantum</strong></span> <span class='ocrx_word' id='word_1_383' title='bbox 1166 2552 1202 2609; x_wconf 88' lang='lat' dir='ltr'><strong>ab</strong></span> <span class='ocrx_word' id='word_1_384' title='bbox 1219 2553 1403 2609; x_wconf 79' lang='lat' dir='ltr'><strong>illucescente</strong></span> <span class='ocrx_word' id='word_1_385' title='bbox 1427 2569 1547 2621; x_wconf 86' lang='lat' dir='ltr'><strong>aururs;</strong></span> <span class='ocrx_word' id='word_1_386' title='bbox 1579 2555 1674 2627; x_wconf 86' lang='lat' dir='ltr'><strong>quoad</strong></span> <span class='ocrx_word' id='word_1_387' title='bbox 1710 2555 1918 2627; x_wconf 81' lang='lat' dir='ltr'><strong>vespertinalis</strong></span> 
     </span>
     <span class='ocr_line' id='line_1_33' title="bbox 168 2623 1917 2697; baseline -0.002 -14"><span class='ocrx_word' id='word_1_388' title='bbox 168 2627 331 2692; x_wconf 78' lang='lat' dir='ltr'><strong>advenisset</strong></span> <span class='ocrx_word' id='word_1_389' title='bbox 345 2627 426 2693; x_wconf 89' lang='lat' dir='ltr'><strong>liora,</strong></span> <span class='ocrx_word' id='word_1_390' title='bbox 442 2625 495 2680; x_wconf 92' lang='lat' dir='ltr'><strong>sub</strong></span> <span class='ocrx_word' id='word_1_391' title='bbox 516 2632 629 2681; x_wconf 84' lang='lat' dir='ltr'><strong>rectore</strong></span> <span class='ocrx_word' id='word_1_392' title='bbox 653 2625 732 2680; x_wconf 91' lang='lat' dir='ltr'><strong>esino</strong></span> <span class='ocrx_word' id='word_1_393' title='bbox 798 2641 862 2680; x_wconf 91' lang='lat' dir='ltr'><strong>rare</strong></span> <span class='ocrx_word' id='word_1_394' title='bbox 885 2629 1004 2695; x_wconf 85' lang='lat' dir='ltr'><strong>posset:</strong></span> <span class='ocrx_word' id='word_1_395' title='bbox 1037 2642 1051 2677; x_wconf 80' lang='lat' dir='ltr'><strong>i</strong></span> <span class='ocrx_word' id='word_1_396' title='bbox 1077 2639 1142 2695; x_wconf 77' lang='lat' dir='ltr'><strong>qna</strong></span> <span class='ocrx_word' id='word_1_397' title='bbox 1171 2623 1270 2678; x_wconf 90' lang='lat' dir='ltr'><strong>omnia</strong></span> <span class='ocrx_word' id='word_1_398' title='bbox 1287 2645 1301 2674; x_wconf 81' lang='lat' dir='ltr'><strong>ii</strong></span> <span class='ocrx_word' id='word_1_399' title='bbox 1329 2623 1491 2696; x_wconf 88' lang='lat' dir='ltr'><strong>perpetuali</strong></span> <span class='ocrx_word' id='word_1_400' title='bbox 1518 2639 1606 2680; x_wconf 89' lang='lat' dir='ltr'><strong>mauu</strong></span> <span class='ocrx_word' id='word_1_401' title='bbox 1621 2625 1728 2697; x_wconf 90' lang='lat' dir='ltr'><strong>scripta</strong></span> <span class='ocrx_word' id='word_1_402' title='bbox 1742 2641 1792 2680; x_wconf 84' lang='lat' dir='ltr'><strong>rex</strong></span> <span class='ocrx_word' id='word_1_403' title='bbox 1809 2626 1917 2680; x_wconf 88' lang='lat' dir='ltr'><strong>contir-</strong></span> 
     </span>
     <span class='ocr_line' id='line_1_34' title="bbox 170 2694 1917 2769; baseline -0.001 -15"><span class='ocrx_word' id='word_1_404' title='bbox 170 2698 337 2764; x_wconf 79' lang='lat' dir='ltr'><strong>marerit;i</strong></span> <span class='ocrx_word' id='word_1_405' title='bbox 366 2695 425 2752; x_wconf 91' lang='lat' dir='ltr'><strong>imo</strong></span> <span class='ocrx_word' id='word_1_406' title='bbox 441 2711 506 2768; x_wconf 81' lang='lat' dir='ltr'><strong>quas</strong></span> <span class='ocrx_word' id='word_1_407' title='bbox 525 2694 636 2751; x_wconf 85' lang='lat' dir='ltr'><strong>caaliis</strong></span> <span class='ocrx_word' id='word_1_408' title='bbox 660 2696 753 2767; x_wconf 89' lang='lat' dir='ltr'><strong>Lagea</strong></span> <span class='ocrx_word' id='word_1_409' title='bbox 775 2712 808 2763; x_wconf 91' lang='lat' dir='ltr'><strong>is,</strong></span> <span class='ocrx_word' id='word_1_410' title='bbox 839 2711 911 2767; x_wconf 87' lang='lat' dir='ltr'><strong>quas</strong></span> <span class='ocrx_word' id='word_1_411' title='bbox 939 2694 985 2750; x_wconf 91' lang='lat' dir='ltr'><strong>bic</strong></span> <span class='ocrx_word' id='word_1_412' title='bbox 1006 2709 1175 2750; x_wconf 88' lang='lat' dir='ltr'><strong>enumerare</strong></span> <span class='ocrx_word' id='word_1_413' title='bbox 1197 2694 1326 2766; x_wconf 91' lang='lat' dir='ltr'><strong>nilopus</strong></span> <span class='ocrx_word' id='word_1_414' title='bbox 1346 2699 1397 2762; x_wconf 87' lang='lat' dir='ltr'><strong>est,</strong></span> <span class='ocrx_word' id='word_1_415' title='bbox 1425 2694 1560 2751; x_wconf 81' lang='lat' dir='ltr'><strong>suliurari</strong></span> <span class='ocrx_word' id='word_1_416' title='bbox 1587 2696 1678 2750; x_wconf 79' lang='lat' dir='ltr'><strong>voluit</strong></span> <span class='ocrx_word' id='word_1_417' title='bbox 1706 2695 1832 2769; x_wconf 88' lang='lat' dir='ltr'><strong>scriptor</strong></span> <span class='ocrx_word' id='word_1_418' title='bbox 1854 2697 1917 2768; x_wconf 84' lang='lat' dir='ltr'><strong>pla-</strong></span> 
     </span>
     <span class='ocr_line' id='line_1_35' title="bbox 170 2764 1917 2841; baseline -0.001 -18"><span class='ocrx_word' id='word_1_419' title='bbox 170 2768 375 2841; x_wconf 79' lang='lat' dir='ltr'><strong>giariustditto</strong></span> <span class='ocrx_word' id='word_1_420' title='bbox 401 2774 505 2822; x_wconf 75' lang='lat' dir='ltr'><strong>cetera</strong></span> <span class='ocrx_word' id='word_1_421' title='bbox 531 2782 613 2839; x_wconf 86' lang='lat' dir='ltr'><strong>ieqne</strong></span> <span class='ocrx_word' id='word_1_422' title='bbox 637 2767 771 2838; x_wconf 90' lang='lat' dir='ltr'><strong>puerilia,</strong></span> <span class='ocrx_word' id='word_1_423' title='bbox 799 2765 872 2822; x_wconf 88' lang='lat' dir='ltr'><strong>adeo</strong></span> <span class='ocrx_word' id='word_1_424' title='bbox 896 2765 1046 2838; x_wconf 87' lang='lat' dir='ltr'><strong>pueriliter</strong></span> <span class='ocrx_word' id='word_1_425' title='bbox 1071 2769 1100 2820; x_wconf 92' lang='lat' dir='ltr'><strong>et</strong></span> <span class='ocrx_word' id='word_1_426' title='bbox 1124 2764 1243 2820; x_wconf 85' lang='lat' dir='ltr'><strong>verbose</strong></span> <span class='ocrx_word' id='word_1_427' title='bbox 1274 2769 1486 2836; x_wconf 77' lang='lat' dir='ltr'><strong>coagmentata,</strong></span> <span class='ocrx_word' id='word_1_428' title='bbox 1510 2771 1543 2821; x_wconf 91' lang='lat' dir='ltr'><strong>ut</strong></span> <span class='ocrx_word' id='word_1_429' title='bbox 1567 2766 1642 2823; x_wconf 91' lang='lat' dir='ltr'><strong>seria</strong></span> <span class='ocrx_word' id='word_1_430' title='bbox 1674 2767 1795 2822; x_wconf 89' lang='lat' dir='ltr'><strong>lectione</strong></span> <span class='ocrx_word' id='word_1_431' title='bbox 1823 2767 1917 2840; x_wconf 85' lang='lat' dir='ltr'><strong>digna</strong></span> 
     </span>
     <span class='ocr_line' id='line_1_36' title="bbox 168 2835 1917 2911; baseline -0.003 -16"><span class='ocrx_word' id='word_1_432' title='bbox 168 2840 374 2911; x_wconf 78' lang='lat' dir='ltr'><strong>conjudicem.</strong></span> <span class='ocrx_word' id='word_1_433' title='bbox 396 2837 426 2894; x_wconf 89' lang='lat' dir='ltr'><strong>Si</strong></span> <span class='ocrx_word' id='word_1_434' title='bbox 456 2842 531 2893; x_wconf 91' lang='lat' dir='ltr'><strong>recte</strong></span> <span class='ocrx_word' id='word_1_435' title='bbox 558 2837 754 2908; x_wconf 82' lang='lat' dir='ltr'><strong>conjecturam</strong></span> <span class='ocrx_word' id='word_1_436' title='bbox 785 2835 870 2902; x_wconf 82' lang='lat' dir='ltr'><strong>licio,</strong></span> <span class='ocrx_word' id='word_1_437' title='bbox 894 2838 1014 2892; x_wconf 85' lang='lat' dir='ltr'><strong>collecta</strong></span> <span class='ocrx_word' id='word_1_438' title='bbox 1034 2837 1095 2892; x_wconf 79' lang='lat' dir='ltr'><strong>bac</strong></span> <span class='ocrx_word' id='word_1_439' title='bbox 1116 2835 1233 2890; x_wconf 85' lang='lat' dir='ltr'><strong>luerunt</strong></span> <span class='ocrx_word' id='word_1_440' title='bbox 1261 2837 1366 2892; x_wconf 83' lang='lat' dir='ltr'><strong>saeonlo</strong></span> <span class='ocrx_word' id='word_1_441' title='bbox 1394 2835 1514 2892; x_wconf 84' lang='lat' dir='ltr'><strong>tortasse</strong></span> <span class='ocrx_word' id='word_1_442' title='bbox 1535 2852 1585 2893; x_wconf 84' lang='lat' dir='ltr'><strong>xiii</strong></span> <span class='ocrx_word' id='word_1_443' title='bbox 1617 2842 1726 2892; x_wconf 82' lang='lat' dir='ltr'><strong>sutrii</strong></span> <span class='ocrx_word' id='word_1_444' title='bbox 1746 2839 1782 2892; x_wconf 86' lang='lat' dir='ltr'><strong>ab</strong></span> <span class='ocrx_word' id='word_1_445' title='bbox 1811 2839 1917 2910; x_wconf 87' lang='lat' dir='ltr'><strong>aliquo</strong></span> 
     </span>
     <span class='ocr_line' id='line_1_37' title="bbox 168 2906 1914 2980; baseline -0.002 -15"><span class='ocrx_word' id='word_1_446' title='bbox 168 2912 355 2965; x_wconf 82' lang='lat' dir='ltr'><strong>vetustiorem</strong></span> <span class='ocrx_word' id='word_1_447' title='bbox 379 2908 408 2966; x_wconf 89' lang='lat' dir='ltr'><strong>S.</strong></span> <span class='ocrx_word' id='word_1_448' title='bbox 440 2908 620 2980; x_wconf 88' lang='lat' dir='ltr'><strong>llildegardis</strong></span> <span class='ocrx_word' id='word_1_449' title='bbox 639 2907 727 2963; x_wconf 84' lang='lat' dir='ltr'><strong>vitam</strong></span> <span class='ocrx_word' id='word_1_450' title='bbox 761 2909 922 2978; x_wconf 74' lang='lat' dir='ltr'><strong>ignorante,</strong></span> <span class='ocrx_word' id='word_1_451' title='bbox 951 2912 1050 2978; x_wconf 90' lang='lat' dir='ltr'><strong>utpote</strong></span> <span class='ocrx_word' id='word_1_452' title='bbox 1076 2907 1127 2979; x_wconf 90' lang='lat' dir='ltr'><strong>qui</strong></span> <span class='ocrx_word' id='word_1_453' title='bbox 1160 2906 1356 2962; x_wconf 77' lang='lat' dir='ltr'><strong>diversissima</strong></span> <span class='ocrx_word' id='word_1_454' title='bbox 1384 2912 1535 2972; x_wconf 89' lang='lat' dir='ltr'><strong>memoret,</strong></span> <span class='ocrx_word' id='word_1_455' title='bbox 1560 2913 1589 2964; x_wconf 89' lang='lat' dir='ltr'><strong>et</strong></span> <span class='ocrx_word' id='word_1_456' title='bbox 1609 2909 1646 2964; x_wconf 91' lang='lat' dir='ltr'><strong>ab</strong></span> <span class='ocrx_word' id='word_1_457' title='bbox 1669 2908 1757 2980; x_wconf 86' lang='lat' dir='ltr'><strong>hujus</strong></span> <span class='ocrx_word' id='word_1_458' title='bbox 1784 2909 1914 2963; x_wconf 83' lang='lat' dir='ltr'><strong>auctoris</strong></span> 
     </span>
     <span class='ocr_line' id='line_1_38' title="bbox 169 2977 1911 3058; baseline -0.003 -20"><span class='ocrx_word' id='word_1_459' title='bbox 169 2997 268 3038; x_wconf 82' lang='lat' dir='ltr'><strong>seuam</strong></span> <span class='ocrx_word' id='word_1_460' title='bbox 296 2995 412 3052; x_wconf 86' lang='lat' dir='ltr'><strong>prorsus</strong></span> <span class='ocrx_word' id='word_1_461' title='bbox 439 2980 542 3034; x_wconf 89' lang='lat' dir='ltr'><strong>aliena.</strong></span> <span class='ocrx_word' id='word_1_462' title='bbox 568 2979 598 3034; x_wconf 92' lang='lat' dir='ltr'><strong>ld</strong></span> <span class='ocrx_word' id='word_1_463' title='bbox 627 2979 714 3034; x_wconf 88' lang='lat' dir='ltr'><strong>etiam</strong></span> <span class='ocrx_word' id='word_1_464' title='bbox 748 2978 844 3050; x_wconf 90' lang='lat' dir='ltr'><strong>colligi</strong></span> <span class='ocrx_word' id='word_1_465' title='bbox 881 2993 962 3058; x_wconf 83' lang='lat' dir='ltr'><strong>posse</strong></span> <span class='ocrx_word' id='word_1_466' title='bbox 988 2977 1103 3034; x_wconf 84' lang='lat' dir='ltr'><strong>ridetur</strong></span> <span class='ocrx_word' id='word_1_467' title='bbox 1126 2993 1159 3032; x_wconf 85' lang='lat' dir='ltr'><strong>er</strong></span> <span class='ocrx_word' id='word_1_468' title='bbox 1182 2977 1281 3058; x_wconf 84' lang='lat' dir='ltr'><strong>paucis</strong></span> <span class='ocrx_word' id='word_1_469' title='bbox 1310 2977 1496 3039; x_wconf 86' lang='lat' dir='ltr'><strong>miraculis,a</strong></span> <span class='ocrx_word' id='word_1_470' title='bbox 1518 2979 1672 3034; x_wconf 86' lang='lat' dir='ltr'><strong>recentiori</strong></span> <span class='ocrx_word' id='word_1_471' title='bbox 1686 2979 1742 3034; x_wconf 87' lang='lat' dir='ltr'><strong>isto</strong></span> <span class='ocrx_word' id='word_1_472' title='bbox 1768 2979 1911 3051; x_wconf 74' lang='lat' dir='ltr'><strong>legende</strong></span> 
     </span>
     <span class='ocr_line' id='line_1_39' title="bbox 168 3047 1915 3122; baseline -0.001 -16"><span class='ocrx_word' id='word_1_473' title='bbox 168 3069 226 3108; x_wconf 75' lang='lat' dir='ltr'><strong>sua</strong></span> <span class='ocrx_word' id='word_1_474' title='bbox 250 3051 395 3118; x_wconf 87' lang='lat' dir='ltr'><strong>subnexis,</strong></span> <span class='ocrx_word' id='word_1_475' title='bbox 418 3066 483 3122; x_wconf 78' lang='lat' dir='ltr'><strong>ques</strong></span> <span class='ocrx_word' id='word_1_476' title='bbox 513 3067 579 3105; x_wconf 89' lang='lat' dir='ltr'><strong>cuin</strong></span> <span class='ocrx_word' id='word_1_477' title='bbox 605 3048 713 3104; x_wconf 76' lang='lat' dir='ltr'><strong>Sanctia</strong></span> <span class='ocrx_word' id='word_1_478' title='bbox 732 3048 907 3120; x_wconf 86' lang='lat' dir='ltr'><strong>liildegardi,</strong></span> <span class='ocrx_word' id='word_1_479' title='bbox 934 3047 992 3104; x_wconf 90' lang='lat' dir='ltr'><strong>elia</strong></span> <span class='ocrx_word' id='word_1_480' title='bbox 1019 3049 1104 3120; x_wconf 89' lang='lat' dir='ltr'><strong>longe</strong></span> <span class='ocrx_word' id='word_1_481' title='bbox 1130 3048 1295 3120; x_wconf 88' lang='lat' dir='ltr'><strong>antiquiora</strong></span> <span class='ocrx_word' id='word_1_482' title='bbox 1319 3048 1490 3112; x_wconf 88' lang='lat' dir='ltr'><strong>recensenti.</strong></span> <span class='ocrx_word' id='word_1_483' title='bbox 1515 3049 1615 3122; x_wconf 90' lang='lat' dir='ltr'><strong>ignota</strong></span> <span class='ocrx_word' id='word_1_484' title='bbox 1642 3049 1759 3116; x_wconf 87' lang='lat' dir='ltr'><strong>luerint,</strong></span> <span class='ocrx_word' id='word_1_485' title='bbox 1784 3056 1814 3106; x_wconf 89' lang='lat' dir='ltr'><strong>et</strong></span> <span class='ocrx_word' id='word_1_486' title='bbox 1838 3050 1915 3106; x_wconf 81' lang='lat' dir='ltr'><strong>laeta</strong></span> 
     </span>
     <span class='ocr_line' id='line_1_40' title="bbox 168 3119 1911 3195; baseline -0.002 -16"><span class='ocrx_word' id='word_1_487' title='bbox 168 3129 198 3178; x_wconf 89' lang='lat' dir='ltr'><strong>et</strong></span> <span class='ocrx_word' id='word_1_488' title='bbox 210 3123 315 3194; x_wconf 90' lang='lat' dir='ltr'><strong>scripta</strong></span> <span class='ocrx_word' id='word_1_489' title='bbox 328 3126 442 3195; x_wconf 88' lang='lat' dir='ltr'><strong>oportet</strong></span> <span class='ocrx_word' id='word_1_490' title='bbox 460 3127 525 3193; x_wconf 91' lang='lat' dir='ltr'><strong>post</strong></span> <span class='ocrx_word' id='word_1_491' title='bbox 552 3120 614 3191; x_wconf 88' lang='lat' dir='ltr'><strong>ejus</strong></span> <span class='ocrx_word' id='word_1_492' title='bbox 633 3120 761 3190; x_wconf 90' lang='lat' dir='ltr'><strong>obitum;</strong></span> <span class='ocrx_word' id='word_1_493' title='bbox 777 3121 801 3174; x_wconf 89' lang='lat' dir='ltr'><strong>is</strong></span> <span class='ocrx_word' id='word_1_494' title='bbox 825 3119 967 3175; x_wconf 86' lang='lat' dir='ltr'><strong>autemin</strong></span> <span class='ocrx_word' id='word_1_495' title='bbox 996 3135 1063 3174; x_wconf 89' lang='lat' dir='ltr'><strong>ann.</strong></span> <span class='ocrx_word' id='word_1_496' title='bbox 1089 3119 1291 3187; x_wconf 84' lang='lat' dir='ltr'><strong>lt801ncidit;</strong></span> <span class='ocrx_word' id='word_1_497' title='bbox 1321 3119 1407 3188; x_wconf 89' lang='lat' dir='ltr'><strong>unde,</strong></span> <span class='ocrx_word' id='word_1_498' title='bbox 1435 3119 1574 3188; x_wconf 82' lang='lat' dir='ltr'><strong>uit-illuc,</strong></span> <span class='ocrx_word' id='word_1_499' title='bbox 1601 3119 1786 3176; x_wconf 83' lang='lat' dir='ltr'><strong>manifestum</strong></span> <span class='ocrx_word' id='word_1_500' title='bbox 1809 3127 1862 3186; x_wconf 84' lang='lat' dir='ltr'><strong>est,</strong></span> <span class='ocrx_word' id='word_1_501' title='bbox 1881 3125 1911 3175; x_wconf 91' lang='lat' dir='ltr'><strong>et</strong></span> 
     </span>
     <span class='ocr_line' id='line_1_41' title="bbox 90 3189 1910 3265; baseline -0.002 -15"><span class='ocrx_word' id='word_1_502' title='bbox 90 3200 101 3209; x_wconf 83' lang='lat'><strong><em>&#39;</em></strong></span> <span class='ocrx_word' id='word_1_503' title='bbox 167 3193 330 3265; x_wconf 79' lang='lat' dir='ltr'><strong>legendam</strong></span> <span class='ocrx_word' id='word_1_504' title='bbox 341 3200 370 3248; x_wconf 90' lang='lat' dir='ltr'><strong>et</strong></span> <span class='ocrx_word' id='word_1_505' title='bbox 385 3191 525 3247; x_wconf 88' lang='lat' dir='ltr'><strong>miracula</strong></span> <span class='ocrx_word' id='word_1_506' title='bbox 552 3191 589 3246; x_wconf 90' lang='lat' dir='ltr'><strong>ad</strong></span> <span class='ocrx_word' id='word_1_507' title='bbox 614 3193 717 3245; x_wconf 72' lang='lat' dir='ltr'><strong>saecule</strong></span> <span class='ocrx_word' id='word_1_508' title='bbox 742 3190 825 3246; x_wconf 91' lang='lat' dir='ltr'><strong>nobis</strong></span> <span class='ocrx_word' id='word_1_509' title='bbox 851 3189 989 3245; x_wconf 81' lang='lat' dir='ltr'><strong>viciniore</strong></span> <span class='ocrx_word' id='word_1_510' title='bbox 1008 3189 1109 3245; x_wconf 81' lang='lat' dir='ltr'><strong>reterri</strong></span> <span class='ocrx_word' id='word_1_511' title='bbox 1137 3205 1154 3244; x_wconf 95' lang='lat' dir='ltr'><strong>o</strong></span> <span class='ocrx_word' id='word_1_512' title='bbox 1176 3194 1280 3245; x_wconf 85' lang='lat' dir='ltr'><strong>oriere.</strong></span> <span class='ocrx_word' id='word_1_513' title='bbox 1305 3189 1371 3245; x_wconf 87' lang='lat' dir='ltr'><strong>Sola</strong></span> <span class='ocrx_word' id='word_1_514' title='bbox 1393 3190 1481 3262; x_wconf 85' lang='lat' dir='ltr'><strong>igitur</strong></span> <span class='ocrx_word' id='word_1_515' title='bbox 1491 3191 1554 3260; x_wconf 89' lang='lat' dir='ltr'><strong>jam</strong></span> <span class='ocrx_word' id='word_1_516' title='bbox 1579 3191 1654 3247; x_wconf 90' lang='lat' dir='ltr'><strong>dicta</strong></span> <span class='ocrx_word' id='word_1_517' title='bbox 1681 3191 1820 3246; x_wconf 89' lang='lat' dir='ltr'><strong>miracula</strong></span> <span class='ocrx_word' id='word_1_518' title='bbox 1840 3191 1910 3246; x_wconf 87' lang='lat' dir='ltr'><strong>inde</strong></span> 
     </span>
    </p>

    <p class='ocr_par' dir='ltr' id='par_1_4' title="bbox 167 3205 1908 3405">
     <span class='ocr_line' id='line_1_42' title="bbox 167 3205 1908 3386; baseline -0.002 -67"><span class='ocrx_word' id='word_1_519' title='bbox 167 3264 343 3320; x_wconf 87' lang='lat' dir='ltr'><strong>desumenda</strong></span> <span class='ocrx_word' id='word_1_520' title='bbox 356 3263 529 3329; x_wconf 90' lang='lat' dir='ltr'><strong>censuimus,</strong></span> <span class='ocrx_word' id='word_1_521' title='bbox 546 3275 671 3386; x_wconf 61' lang='lat' dir='ltr'><strong>quorum</strong></span> <span class='ocrx_word' id='word_1_522' title='bbox 694 3265 798 3316; x_wconf 90' lang='lat' dir='ltr'><strong>testem</strong></span> <span class='ocrx_word' id='word_1_523' title='bbox 817 3277 848 3316; x_wconf 86' lang='lat' dir='ltr'><strong>ie</strong></span> <span class='ocrx_word' id='word_1_524' title='bbox 873 3261 975 3316; x_wconf 81' lang='lat' dir='ltr'><strong>asserit</strong></span> <span class='ocrx_word' id='word_1_525' title='bbox 1001 3260 1122 3332; x_wconf 87' lang='lat' dir='ltr'><strong>scriptor</strong></span> <span class='ocrx_word' id='word_1_526' title='bbox 1154 3205 1248 3332; x_wconf 64' lang='lat' dir='ltr'><strong>idagia</strong></span> <span class='ocrx_word' id='word_1_527' title='bbox 1274 3260 1403 3333; x_wconf 87' lang='lat' dir='ltr'><strong>parergis</strong></span> <span class='ocrx_word' id='word_1_528' title='bbox 1427 3265 1455 3316; x_wconf 93' lang='lat' dir='ltr'><strong>et</strong></span> <span class='ocrx_word' id='word_1_529' title='bbox 1482 3261 1650 3334; x_wconf 81' lang='lat' dir='ltr'><strong>ambagibus</strong></span> <span class='ocrx_word' id='word_1_530' title='bbox 1672 3277 1822 3330; x_wconf 85' lang='lat' dir='ltr'><strong>enarrans,</strong></span> <span class='ocrx_word' id='word_1_531' title='bbox 1843 3277 1908 3334; x_wconf 85' lang='lat' dir='ltr'><strong>quie</strong></span> 
     </span>
     <span class='ocr_line' id='line_1_43' title="bbox 168 3331 1475 3405; baseline -0.003 -16"><span class='ocrx_word' id='word_1_532' title='bbox 168 3335 398 3390; x_wconf 88' lang='lat' dir='ltr'><strong>commodissime</strong></span> <span class='ocrx_word' id='word_1_533' title='bbox 417 3333 453 3388; x_wconf 90' lang='lat' dir='ltr'><strong>ad</strong></span> <span class='ocrx_word' id='word_1_534' title='bbox 465 3349 556 3405; x_wconf 88' lang='lat' dir='ltr'><strong>paucu</strong></span> <span class='ocrx_word' id='word_1_535' title='bbox 570 3349 601 3388; x_wconf 90' lang='lat' dir='ltr'><strong>as</strong></span> <span class='ocrx_word' id='word_1_536' title='bbox 615 3332 706 3388; x_wconf 90' lang='lat' dir='ltr'><strong>lineas</strong></span> <span class='ocrx_word' id='word_1_537' title='bbox 721 3331 853 3388; x_wconf 89' lang='lat' dir='ltr'><strong>contrahi</strong></span> <span class='ocrx_word' id='word_1_538' title='bbox 865 3335 1008 3403; x_wconf 88' lang='lat' dir='ltr'><strong>poteraut.</strong></span> <span class='ocrx_word' id='word_1_539' title='bbox 1474 3361 1475 3364; x_wconf 61' lang='lat'><em>=</em></span> 
     </span>
    </p>
   </div>
   <div class='ocr_carea' id='block_1_3' title="bbox 169 3463 1921 3478">
    <p class='ocr_par' dir='ltr' id='par_1_5' title="bbox 169 3463 1921 3478">
     <span class='ocr_line' id='line_1_44' title="bbox 169 3463 1921 3478; baseline -0.002 -5"><span class='ocrx_word' id='word_1_540' title='bbox 169 3465 623 3478; x_wconf 66' lang='lat'><strong>,.-.-.—---.---.---.--.---—--</strong></span> <span class='ocrx_word' id='word_1_541' title='bbox 638 3463 738 3472; x_wconf 50' lang='grc' dir='ltr'><strong>...ν-.-</strong></span> <span class='ocrx_word' id='word_1_542' title='bbox 1718 3465 1921 3474; x_wconf 51' lang='grc' dir='ltr'><em>..ψ-.-</em></span> 
     </span>
    </p>
   </div>
   <div class='ocr_carea' id='block_1_4' title="bbox 746 3557 1338 3670">
    <p class='ocr_par' dir='ltr' id='par_1_6' title="bbox 746 3557 1338 3670">
     <span class='ocr_line' id='line_1_45' title="bbox 746 3557 1338 3670; baseline -0.005 -1"><span class='ocrx_word' id='word_1_543' title='bbox 746 3557 1086 3669; x_wconf 87' lang='lat' dir='ltr'>INCIPIT</span> <span class='ocrx_word' id='word_1_544' title='bbox 1128 3557 1338 3670; x_wconf 86' lang='lat' dir='ltr'><strong>VITA.</strong></span> 
     </span>
    </p>
   </div>
   <div class='ocr_carea' id='block_1_5' title="bbox 163 3801 1919 5030">
    <p class='ocr_par' dir='ltr' id='par_1_7' title="bbox 450 3801 1919 3874">
     <span class='ocr_line' id='line_1_46' title="bbox 450 3801 1919 3874; baseline -0.004 -10"><span class='ocrx_word' id='word_1_545' title='bbox 450 3806 563 3864; x_wconf 78' lang='lat' dir='ltr'>CAPUT</span> <span class='ocrx_word' id='word_1_546' title='bbox 582 3805 727 3862; x_wconf 70' lang='lat' dir='ltr'><strong>ratuni.</strong></span> <span class='ocrx_word' id='word_1_547' title='bbox 1032 3806 1168 3859; x_wconf 70' lang='lat' dir='ltr'><strong>trucem</strong></span> <span class='ocrx_word' id='word_1_548' title='bbox 1182 3803 1219 3859; x_wconf 94' lang='lat' dir='ltr'><strong>de</strong></span> <span class='ocrx_word' id='word_1_549' title='bbox 1234 3801 1316 3871; x_wconf 75' lang='lat' dir='ltr'><strong>caelo,</strong></span> <span class='ocrx_word' id='word_1_550' title='bbox 1343 3802 1464 3874; x_wconf 82' lang='lat' dir='ltr'><strong>vigilans</strong></span> <span class='ocrx_word' id='word_1_551' title='bbox 1490 3819 1611 3871; x_wconf 89' lang='lat' dir='ltr'><strong>corpore</strong></span> <span class='ocrx_word' id='word_1_552' title='bbox 1634 3808 1663 3859; x_wconf 87' lang='lat' dir='ltr'><strong>et</strong></span> <span class='ocrx_word' id='word_1_553' title='bbox 1685 3804 1793 3872; x_wconf 90' lang='lat' dir='ltr'><strong>animo,</strong></span> <span class='ocrx_word' id='word_1_554' title='bbox 1819 3805 1861 3860; x_wconf 89' lang='lat' dir='ltr'><strong>sic</strong></span> <span class='ocrx_word' id='word_1_555' title='bbox 1880 3804 1919 3860; x_wconf 90' lang='lat' dir='ltr'><strong>di·</strong></span> 
     </span>
    </p>

    <p class='ocr_par' dir='ltr' id='par_1_8' title="bbox 163 3889 1918 5030">
     <span class='ocr_line' id='line_1_47' title="bbox 166 3889 1918 3984; baseline -0.011 -17"><span class='ocrx_word' id='word_1_556' title='bbox 166 3916 365 3983; x_wconf 71' lang='lat' dir='ltr'><strong>semtipsum,</strong></span> <span class='ocrx_word' id='word_1_557' title='bbox 379 3919 534 3984; x_wconf 76' lang='lat' dir='ltr'><strong>parenteia</strong></span> <span class='ocrx_word' id='word_1_558' title='bbox 564 3914 691 3983; x_wconf 68' lang='lat' dir='ltr'><strong>menania</strong></span> <span class='ocrx_word' id='word_1_559' title='bbox 726 3912 845 3982; x_wconf 72' lang='lat' dir='ltr'><strong>repulsi,</strong></span> <span class='ocrx_word' id='word_1_560' title='bbox 874 3912 1014 3982; x_wconf 55' lang='lat' dir='ltr'><strong>prosperus</strong></span> <span class='ocrx_word' id='word_1_561' title='bbox 1068 3896 1181 3947; x_wconf 86' lang='lat' dir='ltr'><strong>centem</strong></span> <span class='ocrx_word' id='word_1_562' title='bbox 1210 3891 1328 3947; x_wconf 86' lang='lat' dir='ltr'><strong>audiri:</strong></span> <span class='ocrx_word' id='word_1_563' title='bbox 1356 3892 1469 3948; x_wconf 85' lang='lat' dir='ltr'><strong>Electus</strong></span> <span class='ocrx_word' id='word_1_564' title='bbox 1492 3889 1542 3948; x_wconf 86' lang='lat' dir='ltr'><strong>uei</strong></span> <span class='ocrx_word' id='word_1_565' title='bbox 1571 3891 1723 3949; x_wconf 87' lang='lat' dir='ltr'><strong>llisibodus</strong></span> <span class='ocrx_word' id='word_1_566' title='bbox 1746 3891 1918 3949; x_wconf 86' lang='lat' dir='ltr'><strong>ebiuluntie</strong></span> 
     </span>
     <span class='ocr_line' id='line_1_48' title="bbox 200 3979 1917 4055; baseline -0.003 -14"><span class='ocrx_word' id='word_1_567' title='bbox 200 3988 232 4041; x_wconf 82' lang='lat' dir='ltr'><strong>iis</strong></span> <span class='ocrx_word' id='word_1_568' title='bbox 245 3987 357 4053; x_wconf 81' lang='lat' dir='ltr'><strong>litteris,</strong></span> <span class='ocrx_word' id='word_1_569' title='bbox 372 3986 464 4040; x_wconf 83' lang='lat' dir='ltr'><strong>eiectio</strong></span> <span class='ocrx_word' id='word_1_570' title='bbox 478 3987 685 4055; x_wconf 71' lang='lat' dir='ltr'><strong>inspiramur,</strong></span> <span class='ocrx_word' id='word_1_571' title='bbox 701 3982 841 4039; x_wconf 81' lang='lat' dir='ltr'><strong>abdicatio</strong></span> <span class='ocrx_word' id='word_1_572' title='bbox 855 3987 882 4037; x_wconf 85' lang='lat' dir='ltr'><strong>et</strong></span> <span class='ocrx_word' id='word_1_573' title='bbox 893 3995 1014 4037; x_wconf 72' lang='lat' dir='ltr'><strong>morisim</strong></span> <span class='ocrx_word' id='word_1_574' title='bbox 1068 3996 1119 4035; x_wconf 89' lang='lat' dir='ltr'><strong>sue</strong></span> <span class='ocrx_word' id='word_1_575' title='bbox 1133 3979 1239 4051; x_wconf 89' lang='lat' dir='ltr'><strong>Spiritu</strong></span> <span class='ocrx_word' id='word_1_576' title='bbox 1265 3979 1380 4048; x_wconf 88' lang='lat' dir='ltr'><strong>Sancto,</strong></span> <span class='ocrx_word' id='word_1_577' title='bbox 1406 3987 1439 4037; x_wconf 91' lang='lat' dir='ltr'><strong>ut</strong></span> <span class='ocrx_word' id='word_1_578' title='bbox 1465 3980 1567 4038; x_wconf 88' lang='lat' dir='ltr'><strong>beatus</strong></span> <span class='ocrx_word' id='word_1_579' title='bbox 1599 3981 1743 4052; x_wconf 83' lang='lat' dir='ltr'><strong>Nicotaus,</strong></span> <span class='ocrx_word' id='word_1_580' title='bbox 1769 3985 1798 4037; x_wconf 88' lang='lat' dir='ltr'><strong>et</strong></span> <span class='ocrx_word' id='word_1_581' title='bbox 1815 3981 1917 4038; x_wconf 84' lang='lat' dir='ltr'><strong>beatus</strong></span> 
     </span>
     <span class='ocr_line' id='line_1_49' title="bbox 203 4057 1916 4142; baseline 0 -15"><span class='ocrx_word' id='word_1_582' title='bbox 203 4057 328 4127; x_wconf 61' lang='lat' dir='ltr'><strong>‘liam</strong></span> <span class='ocrx_word' id='word_1_583' title='bbox 1065 4067 1237 4128; x_wconf 78' lang='lat' dir='ltr'><strong>Benedictus</strong></span> <span class='ocrx_word' id='word_1_584' title='bbox 1247 4083 1405 4142; x_wconf 88' lang='lat' dir='ltr'><strong>corumque</strong></span> <span class='ocrx_word' id='word_1_585' title='bbox 1419 4069 1581 4126; x_wconf 88' lang='lat' dir='ltr'><strong>consimiles</strong></span> <span class='ocrx_word' id='word_1_586' title='bbox 1592 4069 1759 4142; x_wconf 88' lang='lat' dir='ltr'><strong>inspiratus,</strong></span> <span class='ocrx_word' id='word_1_587' title='bbox 1779 4069 1816 4126; x_wconf 89' lang='lat' dir='ltr'><strong>ad</strong></span> <span class='ocrx_word' id='word_1_588' title='bbox 1830 4087 1916 4127; x_wconf 88' lang='lat' dir='ltr'><strong>omna</strong></span> 
     </span>
     <span class='ocr_line' id='line_1_50' title="bbox 202 4155 1916 4233; baseline -0.001 -17"><span class='ocrx_word' id='word_1_589' title='bbox 202 4162 234 4216; x_wconf 93' lang='lat' dir='ltr'><strong>ln</strong></span> <span class='ocrx_word' id='word_1_590' title='bbox 246 4160 366 4232; x_wconf 82' lang='lat' dir='ltr'><strong>mystica</strong></span> <span class='ocrx_word' id='word_1_591' title='bbox 378 4158 488 4215; x_wconf 85' lang='lat' dir='ltr'><strong>risione</strong></span> <span class='ocrx_word' id='word_1_592' title='bbox 503 4160 569 4233; x_wconf 74' lang='lat' dir='ltr'><strong>(ii),</strong></span> <span class='ocrx_word' id='word_1_593' title='bbox 582 4165 615 4216; x_wconf 91' lang='lat' dir='ltr'><strong>ut</strong></span> <span class='ocrx_word' id='word_1_594' title='bbox 624 4161 699 4216; x_wconf 86' lang='lat' dir='ltr'><strong>Deus</strong></span> <span class='ocrx_word' id='word_1_595' title='bbox 713 4160 817 4228; x_wconf 82' lang='lat' dir='ltr'><strong>uoluit,</strong></span> <span class='ocrx_word' id='word_1_596' title='bbox 831 4165 950 4232; x_wconf 88' lang='lat' dir='ltr'><strong>propter</strong></span> <span class='ocrx_word' id='word_1_597' title='bbox 963 4173 1014 4228; x_wconf 89' lang='lat' dir='ltr'><strong>pe·</strong></span> <span class='ocrx_word' id='word_1_598' title='bbox 1066 4155 1186 4221; x_wconf 91' lang='lat' dir='ltr'><strong>bonum,</strong></span> <span class='ocrx_word' id='word_1_599' title='bbox 1199 4155 1275 4229; x_wconf 89' lang='lat' dir='ltr'><strong>quod</strong></span> <span class='ocrx_word' id='word_1_600' title='bbox 1289 4156 1359 4212; x_wconf 83' lang='lat' dir='ltr'><strong>vidit</strong></span> <span class='ocrx_word' id='word_1_601' title='bbox 1370 4162 1399 4212; x_wconf 90' lang='lat' dir='ltr'><strong>et</strong></span> <span class='ocrx_word' id='word_1_602' title='bbox 1412 4156 1532 4226; x_wconf 84' lang='lat' dir='ltr'><strong>audivit,</strong></span> <span class='ocrx_word' id='word_1_603' title='bbox 1546 4157 1692 4215; x_wconf 83' lang='lat' dir='ltr'><strong>sitibundo</strong></span> <span class='ocrx_word' id='word_1_604' title='bbox 1701 4157 1788 4214; x_wconf 88' lang='lat' dir='ltr'><strong>corde</strong></span> <span class='ocrx_word' id='word_1_605' title='bbox 1800 4159 1916 4214; x_wconf 88' lang='lat' dir='ltr'><strong>anbela-</strong></span> 
     </span>
     <span class='ocr_line' id='line_1_51' title="bbox 167 4243 1915 4318; baseline -0.001 -16"><span class='ocrx_word' id='word_1_606' title='bbox 167 4246 300 4302; x_wconf 90' lang='lat' dir='ltr'><strong>titiouem</strong></span> <span class='ocrx_word' id='word_1_607' title='bbox 315 4249 345 4302; x_wconf 90' lang='lat' dir='ltr'><strong>et</strong></span> <span class='ocrx_word' id='word_1_608' title='bbox 357 4245 513 4316; x_wconf 88' lang='lat' dir='ltr'><strong>jussionem</strong></span> <span class='ocrx_word' id='word_1_609' title='bbox 533 4245 719 4318; x_wconf 80' lang='lat' dir='ltr'><strong>prelatorum</strong></span> <span class='ocrx_word' id='word_1_610' title='bbox 742 4262 886 4315; x_wconf 87' lang='lat' dir='ltr'><strong>meorum,</strong></span> <span class='ocrx_word' id='word_1_611' title='bbox 906 4246 1015 4303; x_wconf 89' lang='lat' dir='ltr'><strong>scilicet</strong></span> <span class='ocrx_word' id='word_1_612' title='bbox 1066 4244 1124 4301; x_wconf 91' lang='lat' dir='ltr'><strong>bat.</strong></span> <span class='ocrx_word' id='word_1_613' title='bbox 1139 4244 1320 4316; x_wconf 79' lang='lat' dir='ltr'><strong>Quapropter</strong></span> <span class='ocrx_word' id='word_1_614' title='bbox 1337 4245 1372 4300; x_wconf 89' lang='lat' dir='ltr'><strong>de</strong></span> <span class='ocrx_word' id='word_1_615' title='bbox 1387 4243 1516 4316; x_wconf 88' lang='lat' dir='ltr'><strong>ipsodici</strong></span> <span class='ocrx_word' id='word_1_616' title='bbox 1535 4251 1650 4318; x_wconf 88' lang='lat' dir='ltr'><strong>potest:</strong></span> <span class='ocrx_word' id='word_1_617' title='bbox 1680 4247 1725 4303; x_wconf 80' lang='lat' dir='ltr'><strong>lia·</strong></span> <span class='ocrx_word' id='word_1_618' title='bbox 1746 4261 1792 4302; x_wconf 85' lang='lat' dir='ltr'><strong>ore</strong></span> <span class='ocrx_word' id='word_1_619' title='bbox 1816 4249 1915 4314; x_wconf 70' lang='lat' dir='ltr'><strong>inlan-</strong></span> 
     </span>
     <span class='ocr_line' id='line_1_52' title="bbox 167 4333 1915 4407; baseline -0.001 -15"><span class='ocrx_word' id='word_1_620' title='bbox 167 4333 480 4406; x_wconf 76' lang='lat' dir='ltr'><strong>liebigerilllelingeri]</strong></span> <span class='ocrx_word' id='word_1_621' title='bbox 495 4333 607 4390; x_wconf 88' lang='lat' dir='ltr'><strong>abbatis</strong></span> <span class='ocrx_word' id='word_1_622' title='bbox 628 4339 856 4407; x_wconf 89' lang='lat' dir='ltr'><strong>cunctommquc</strong></span> <span class='ocrx_word' id='word_1_623' title='bbox 878 4333 1012 4401; x_wconf 78' lang='lat' dir='ltr'><strong>fratrum,</strong></span> <span class='ocrx_word' id='word_1_624' title='bbox 1068 4335 1137 4389; x_wconf 88' lang='lat' dir='ltr'><strong>tium</strong></span> <span class='ocrx_word' id='word_1_625' title='bbox 1147 4336 1174 4388; x_wconf 87' lang='lat' dir='ltr'><strong>et</strong></span> <span class='ocrx_word' id='word_1_626' title='bbox 1202 4334 1361 4388; x_wconf 84' lang='lat' dir='ltr'><strong>iacientium</strong></span> <span class='ocrx_word' id='word_1_627' title='bbox 1382 4335 1525 4404; x_wconf 73' lang='lat' dir='ltr'><strong>perfecisti</strong></span> <span class='ocrx_word' id='word_1_628' title='bbox 1548 4333 1656 4390; x_wconf 73' lang='lat' dir='ltr'><strong>laudm</strong></span> <span class='ocrx_word' id='word_1_629' title='bbox 1686 4343 1798 4406; x_wconf 80' lang='lat' dir='ltr'><strong>prepter</strong></span> <span class='ocrx_word' id='word_1_630' title='bbox 1824 4339 1915 4391; x_wconf 80' lang='lat' dir='ltr'><strong>ininit-</strong></span> 
     </span>
     <span class='ocr_line' id='line_1_53' title="bbox 166 4421 1913 4498; baseline 0 -18"><span class='ocrx_word' id='word_1_631' title='bbox 166 4424 302 4480; x_wconf 70' lang='lat' dir='ltr'><strong>inlouta</strong></span> <span class='ocrx_word' id='word_1_632' title='bbox 326 4422 403 4479; x_wconf 88' lang='lat' dir='ltr'><strong>beati</strong></span> <span class='ocrx_word' id='word_1_633' title='bbox 417 4421 547 4479; x_wconf 85' lang='lat' dir='ltr'><strong>Disibodi</strong></span> <span class='ocrx_word' id='word_1_634' title='bbox 570 4424 627 4479; x_wconf 80' lang='lat' dir='ltr'><strong>Deo</strong></span> <span class='ocrx_word' id='word_1_635' title='bbox 649 4423 862 4487; x_wconf 84' lang='lat' dir='ltr'><strong>tamulantium,</strong></span> <span class='ocrx_word' id='word_1_636' title='bbox 893 4421 929 4478; x_wconf 90' lang='lat' dir='ltr'><strong>dc</strong></span> <span class='ocrx_word' id='word_1_637' title='bbox 955 4423 1015 4478; x_wconf 83' lang='lat' dir='ltr'><strong>rita</strong></span> <span class='ocrx_word' id='word_1_638' title='bbox 1066 4437 1109 4478; x_wconf 83' lang='lat' dir='ltr'><strong>coi</strong></span> <span class='ocrx_word' id='word_1_639' title='bbox 1128 4422 1375 4492; x_wconf 84' lang='lat' dir='ltr'><strong>tuos,utdesiruua</strong></span> <span class='ocrx_word' id='word_1_640' title='bbox 1397 4425 1537 4480; x_wconf 83' lang='lat' dir='ltr'><strong>inimicum</strong></span> <span class='ocrx_word' id='word_1_641' title='bbox 1561 4429 1587 4480; x_wconf 90' lang='lat' dir='ltr'><strong>et</strong></span> <span class='ocrx_word' id='word_1_642' title='bbox 1601 4425 1714 4480; x_wconf 84' lang='lat' dir='ltr'><strong>ultorem</strong></span> <span class='ocrx_word' id='word_1_643' title='bbox 1732 4425 1815 4498; x_wconf 86' lang='lat' dir='ltr'><strong>(Psoi.</strong></span> <span class='ocrx_word' id='word_1_644' title='bbox 1845 4425 1913 4496; x_wconf 85' lang='lat' dir='ltr'><strong>rui).</strong></span> 
     </span>
     <span class='ocr_line' id='line_1_54' title="bbox 166 4509 1912 4585; baseline -0.001 -15"><span class='ocrx_word' id='word_1_645' title='bbox 166 4518 195 4570; x_wconf 89' lang='lat' dir='ltr'><strong>et</strong></span> <span class='ocrx_word' id='word_1_646' title='bbox 210 4513 324 4574; x_wconf 86' lang='lat' dir='ltr'><strong>maritis</strong></span> <span class='ocrx_word' id='word_1_647' title='bbox 337 4512 466 4584; x_wconf 87' lang='lat' dir='ltr'><strong>ejusdem</strong></span> <span class='ocrx_word' id='word_1_648' title='bbox 485 4511 562 4568; x_wconf 91' lang='lat' dir='ltr'><strong>beati</strong></span> <span class='ocrx_word' id='word_1_649' title='bbox 576 4511 667 4567; x_wconf 84' lang='lat' dir='ltr'><strong>Patris</strong></span> <span class='ocrx_word' id='word_1_650' title='bbox 687 4510 870 4583; x_wconf 86' lang='lat' dir='ltr'><strong>aspiciebam,</strong></span> <span class='ocrx_word' id='word_1_651' title='bbox 896 4517 926 4567; x_wconf 91' lang='lat' dir='ltr'><strong>et</strong></span> <span class='ocrx_word' id='word_1_652' title='bbox 948 4515 1014 4583; x_wconf 90' lang='lat' dir='ltr'><strong>post</strong></span> <span class='ocrx_word' id='word_1_653' title='bbox 1101 4512 1127 4566; x_wconf 75' lang='lat'><strong>2.</strong></span> <span class='ocrx_word' id='word_1_654' title='bbox 1144 4509 1224 4576; x_wconf 81' lang='lat' dir='ltr'><strong>Quod</strong></span> <span class='ocrx_word' id='word_1_655' title='bbox 1237 4511 1277 4567; x_wconf 90' lang='lat' dir='ltr'><strong>sic</strong></span> <span class='ocrx_word' id='word_1_656' title='bbox 1289 4510 1511 4584; x_wconf 86' lang='lat' dir='ltr'><strong>intelligendum</strong></span> <span class='ocrx_word' id='word_1_657' title='bbox 1531 4518 1574 4569; x_wconf 87' lang='lat' dir='ltr'><strong>est</strong></span> <span class='ocrx_word' id='word_1_658' title='bbox 1587 4511 1655 4585; x_wconf 75' lang='lat' dir='ltr'><strong>(li).</strong></span> <span class='ocrx_word' id='word_1_659' title='bbox 1669 4515 1700 4569; x_wconf 94' lang='lat' dir='ltr'><strong>ln</strong></span> <span class='ocrx_word' id='word_1_660' title='bbox 1715 4514 1790 4570; x_wconf 92' lang='lat' dir='ltr'><strong>bono</strong></span> <span class='ocrx_word' id='word_1_661' title='bbox 1810 4513 1912 4572; x_wconf 76' lang='lat' dir='ltr'><strong>ellectu</strong></span> 
     </span>
     <span class='ocr_line' id='line_1_55' title="bbox 165 4597 1910 4674; baseline 0.001 -17"><span class='ocrx_word' id='word_1_662' title='bbox 165 4601 292 4674; x_wconf 87' lang='lat' dir='ltr'><strong>prolatis</strong></span> <span class='ocrx_word' id='word_1_663' title='bbox 304 4601 428 4658; x_wconf 79' lang='lat' dir='ltr'><strong>visiones</strong></span> <span class='ocrx_word' id='word_1_664' title='bbox 439 4600 507 4656; x_wconf 90' lang='lat' dir='ltr'><strong>libri</strong></span> <span class='ocrx_word' id='word_1_665' title='bbox 521 4600 587 4657; x_wconf 81' lang='lat' dir='ltr'><strong>vitia</strong></span> <span class='ocrx_word' id='word_1_666' title='bbox 601 4601 784 4670; x_wconf 90' lang='lat' dir='ltr'><strong>meritorum,</strong></span> <span class='ocrx_word' id='word_1_667' title='bbox 808 4616 885 4656; x_wconf 91' lang='lat' dir='ltr'><strong>anuo</strong></span> <span class='ocrx_word' id='word_1_668' title='bbox 910 4601 1013 4657; x_wconf 84' lang='lat' dir='ltr'><strong>Domi·</strong></span> <span class='ocrx_word' id='word_1_669' title='bbox 1065 4597 1230 4667; x_wconf 83' lang='lat' dir='ltr'><strong>infantium,</strong></span> <span class='ocrx_word' id='word_1_670' title='bbox 1242 4601 1387 4672; x_wconf 89' lang='lat' dir='ltr'><strong>loquelam</strong></span> <span class='ocrx_word' id='word_1_671' title='bbox 1401 4599 1720 4668; x_wconf 85' lang='lat' dir='ltr'><strong>nondumiiabeutium,</strong></span> <span class='ocrx_word' id='word_1_672' title='bbox 1735 4607 1764 4657; x_wconf 91' lang='lat' dir='ltr'><strong>ct</strong></span> <span class='ocrx_word' id='word_1_673' title='bbox 1783 4602 1910 4668; x_wconf 90' lang='lat' dir='ltr'><strong>illorum,</strong></span> 
     </span>
     <span class='ocr_line' id='line_1_56' title="bbox 164 4687 1911 4762; baseline 0.001 -17"><span class='ocrx_word' id='word_1_674' title='bbox 164 4691 239 4745; x_wconf 77' lang='lat' dir='ltr'><strong>nime</strong></span> <span class='ocrx_word' id='word_1_675' title='bbox 253 4689 461 4746; x_wconf 87' lang='lat' dir='ltr'><strong>lucernitiouis</strong></span> <span class='ocrx_word' id='word_1_676' title='bbox 474 4689 628 4744; x_wconf 89' lang='lat' dir='ltr'><strong>millesimo</strong></span> <span class='ocrx_word' id='word_1_677' title='bbox 650 4690 807 4745; x_wconf 88' lang='lat' dir='ltr'><strong>centesimo</strong></span> <span class='ocrx_word' id='word_1_678' title='bbox 831 4689 1011 4762; x_wconf 87' lang='lat' dir='ltr'><strong>septuagesi-</strong></span> <span class='ocrx_word' id='word_1_679' title='bbox 1065 4687 1115 4760; x_wconf 89' lang='lat' dir='ltr'><strong>qui</strong></span> <span class='ocrx_word' id='word_1_680' title='bbox 1132 4687 1223 4760; x_wconf 84' lang='lat' dir='ltr'><strong>inagis</strong></span> <span class='ocrx_word' id='word_1_681' title='bbox 1239 4689 1283 4744; x_wconf 90' lang='lat' dir='ltr'><strong>lec</strong></span> <span class='ocrx_word' id='word_1_682' title='bbox 1296 4703 1410 4760; x_wconf 88' lang='lat' dir='ltr'><strong>sugere,</strong></span> <span class='ocrx_word' id='word_1_683' title='bbox 1426 4705 1514 4762; x_wconf 87' lang='lat' dir='ltr'><strong>quain</strong></span> <span class='ocrx_word' id='word_1_684' title='bbox 1540 4689 1684 4745; x_wconf 86' lang='lat' dir='ltr'><strong>mirabilia</strong></span> <span class='ocrx_word' id='word_1_685' title='bbox 1707 4691 1801 4746; x_wconf 86' lang='lat' dir='ltr'><strong>iacere</strong></span> <span class='ocrx_word' id='word_1_686' title='bbox 1827 4691 1911 4747; x_wconf 87' lang='lat' dir='ltr'><strong>debe·</strong></span> 
     </span>
     <span class='ocr_line' id='line_1_57' title="bbox 165 4775 1910 4850; baseline -0.001 -14"><span class='ocrx_word' id='word_1_687' title='bbox 165 4793 222 4847; x_wconf 86' lang='lat' dir='ltr'><strong>mo,</strong></span> <span class='ocrx_word' id='word_1_688' title='bbox 249 4781 389 4850; x_wconf 90' lang='lat' dir='ltr'><strong>regnante</strong></span> <span class='ocrx_word' id='word_1_689' title='bbox 416 4775 567 4832; x_wconf 77' lang='lat' dir='ltr'><strong>Frederico</strong></span> <span class='ocrx_word' id='word_1_690' title='bbox 603 4776 796 4832; x_wconf 81' lang='lat' dir='ltr'><strong>Rornanorum</strong></span> <span class='ocrx_word' id='word_1_691' title='bbox 825 4777 1010 4849; x_wconf 90' lang='lat' dir='ltr'><strong>imperatore,</strong></span> <span class='ocrx_word' id='word_1_692' title='bbox 1064 4779 1139 4844; x_wconf 89' lang='lat' dir='ltr'><strong>rent,</strong></span> <span class='ocrx_word' id='word_1_693' title='bbox 1155 4779 1197 4842; x_wconf 90' lang='lat' dir='ltr'><strong>tn,</strong></span> <span class='ocrx_word' id='word_1_694' title='bbox 1213 4776 1555 4849; x_wconf 84' lang='lat' dir='ltr'><strong>quillominnsomnium</strong></span> <span class='ocrx_word' id='word_1_695' title='bbox 1573 4793 1612 4847; x_wconf 89' lang='lat' dir='ltr'><strong>es,</strong></span> <span class='ocrx_word' id='word_1_696' title='bbox 1630 4777 1665 4833; x_wconf 90' lang='lat' dir='ltr'><strong>ad</strong></span> <span class='ocrx_word' id='word_1_697' title='bbox 1684 4777 1839 4850; x_wconf 83' lang='lat' dir='ltr'><strong>perlectam</strong></span> <span class='ocrx_word' id='word_1_698' title='bbox 1861 4779 1910 4834; x_wconf 90' lang='lat' dir='ltr'><strong>du·</strong></span> 
     </span>
     <span class='ocr_line' id='line_1_58' title="bbox 165 4864 1911 4939; baseline 0.001 -18"><span class='ocrx_word' id='word_1_699' title='bbox 165 4865 533 4938; x_wconf 88' lang='lat' dir='ltr'><strong>subpressureepostolicie</strong></span> <span class='ocrx_word' id='word_1_700' title='bbox 548 4866 632 4932; x_wconf 86' lang='lat' dir='ltr'><strong>sedis,</strong></span> <span class='ocrx_word' id='word_1_701' title='bbox 647 4866 707 4922; x_wconf 86' lang='lat' dir='ltr'><strong>iere</strong></span> <span class='ocrx_word' id='word_1_702' title='bbox 722 4881 774 4939; x_wconf 87' lang='lat' dir='ltr'><strong>per</strong></span> <span class='ocrx_word' id='word_1_703' title='bbox 797 4866 955 4922; x_wconf 90' lang='lat' dir='ltr'><strong>trienninm</strong></span> <span class='ocrx_word' id='word_1_704' title='bbox 981 4865 1012 4922; x_wconf 91' lang='lat' dir='ltr'><strong>in</strong></span> <span class='ocrx_word' id='word_1_705' title='bbox 1064 4864 1129 4920; x_wconf 82' lang='lat' dir='ltr'><strong>xisti</strong></span> <span class='ocrx_word' id='word_1_706' title='bbox 1147 4865 1327 4924; x_wconf 89' lang='lat' dir='ltr'><strong>noministui</strong></span> <span class='ocrx_word' id='word_1_707' title='bbox 1343 4867 1544 4935; x_wconf 85' lang='lat' dir='ltr'><strong>laudem,cum</strong></span> <span class='ocrx_word' id='word_1_708' title='bbox 1564 4867 1708 4924; x_wconf 89' lang='lat' dir='ltr'><strong>mirabilia</strong></span> <span class='ocrx_word' id='word_1_709' title='bbox 1738 4873 1789 4926; x_wconf 90' lang='lat' dir='ltr'><strong>tua</strong></span> <span class='ocrx_word' id='word_1_710' title='bbox 1812 4867 1842 4926; x_wconf 92' lang='lat' dir='ltr'><strong>iu</strong></span> <span class='ocrx_word' id='word_1_711' title='bbox 1871 4869 1911 4926; x_wconf 86' lang='lat' dir='ltr'><strong>eis</strong></span> 
     </span>
     <span class='ocr_line' id='line_1_59' title="bbox 163 4953 1907 5030; baseline 0.002 -20"><span class='ocrx_word' id='word_1_712' title='bbox 163 4954 237 5010; x_wconf 87' lang='lat' dir='ltr'><strong>lecto</strong></span> <span class='ocrx_word' id='word_1_713' title='bbox 251 4953 431 5026; x_wconf 80' lang='lat' dir='ltr'><strong>aegritudinis</strong></span> <span class='ocrx_word' id='word_1_714' title='bbox 444 4953 554 5025; x_wconf 81' lang='lat' dir='ltr'><strong>jacens,</strong></span> <span class='ocrx_word' id='word_1_715' title='bbox 569 4969 602 5008; x_wconf 86' lang='lat' dir='ltr'><strong>ei</strong></span> <span class='ocrx_word' id='word_1_716' title='bbox 616 4955 720 5010; x_wconf 83' lang='lat' dir='ltr'><strong>divinae</strong></span> <span class='ocrx_word' id='word_1_717' title='bbox 730 4955 838 5029; x_wconf 88' lang='lat' dir='ltr'><strong>pietate</strong></span> <span class='ocrx_word' id='word_1_718' title='bbox 849 4953 1010 5028; x_wconf 76' lang='lat' dir='ltr'><strong>sapientie,</strong></span> <span class='ocrx_word' id='word_1_719' title='bbox 1065 4969 1141 5026; x_wconf 78' lang='lat' dir='ltr'><strong>sepe</strong></span> <span class='ocrx_word' id='word_1_720' title='bbox 1155 4960 1290 5027; x_wconf 89' lang='lat' dir='ltr'><strong>operatus</strong></span> <span class='ocrx_word' id='word_1_721' title='bbox 1304 4971 1335 5012; x_wconf 87' lang='lat' dir='ltr'><strong>es</strong></span> <span class='ocrx_word' id='word_1_722' title='bbox 1349 4971 1357 5012; x_wconf 90' lang='lat'>:</span> <span class='ocrx_word' id='word_1_723' title='bbox 1372 4956 1479 5012; x_wconf 89' lang='lat' dir='ltr'><strong>scilicet</strong></span> <span class='ocrx_word' id='word_1_724' title='bbox 1492 4971 1559 5013; x_wconf 89' lang='lat' dir='ltr'><strong>oum</strong></span> <span class='ocrx_word' id='word_1_725' title='bbox 1571 4971 1631 5026; x_wconf 92' lang='lat' dir='ltr'><strong>eos,</strong></span> <span class='ocrx_word' id='word_1_726' title='bbox 1642 4957 1773 5013; x_wconf 85' lang='lat' dir='ltr'><strong>nondum</strong></span> <span class='ocrx_word' id='word_1_727' title='bbox 1793 4959 1907 5030; x_wconf 85' lang='lat' dir='ltr'><strong>plenam</strong></span> 
     </span>
    </p>
   </div>
   <div class='ocr_carea' id='block_1_6' title="bbox 163 5095 1912 5522">
    <p class='ocr_par' dir='ltr' id='par_1_9' title="bbox 163 5095 1912 5452">
     <span class='ocr_line' id='line_1_60' title="bbox 200 5095 1911 5169; baseline 0.002 -17"><span class='ocrx_word' id='word_1_728' title='bbox 200 5095 258 5168; x_wconf 76' lang='lat' dir='ltr'><strong>tta)</strong></span> <span class='ocrx_word' id='word_1_729' title='bbox 287 5096 328 5152; x_wconf 86' lang='lat' dir='ltr'><strong>lle</strong></span> <span class='ocrx_word' id='word_1_730' title='bbox 354 5095 408 5152; x_wconf 90' lang='lat' dir='ltr'><strong>bac</strong></span> <span class='ocrx_word' id='word_1_731' title='bbox 423 5096 556 5168; x_wconf 87' lang='lat' dir='ltr'><strong>legenda,</strong></span> <span class='ocrx_word' id='word_1_732' title='bbox 581 5111 640 5151; x_wconf 84' lang='lat' dir='ltr'><strong>exi</strong></span> <span class='ocrx_word' id='word_1_733' title='bbox 655 5096 775 5166; x_wconf 79' lang='lat' dir='ltr'><strong>mystica</strong></span> <span class='ocrx_word' id='word_1_734' title='bbox 795 5096 931 5153; x_wconf 83' lang='lat' dir='ltr'><strong>risione»</strong></span> <span class='ocrx_word' id='word_1_735' title='bbox 959 5112 1010 5154; x_wconf 90' lang='lat' dir='ltr'><strong>seu</strong></span> <span class='ocrx_word' id='word_1_736' title='bbox 1065 5111 1153 5152; x_wconf 78' lang='lat' dir='ltr'><strong>sacre</strong></span> <span class='ocrx_word' id='word_1_737' title='bbox 1178 5095 1332 5169; x_wconf 77' lang='lat' dir='ltr'><strong>Scriptura</strong></span> <span class='ocrx_word' id='word_1_738' title='bbox 1365 5097 1533 5165; x_wconf 87' lang='lat' dir='ltr'><strong>sententias,</strong></span> <span class='ocrx_word' id='word_1_739' title='bbox 1574 5097 1715 5169; x_wconf 89' lang='lat' dir='ltr'><strong>singulari</strong></span> <span class='ocrx_word' id='word_1_740' title='bbox 1737 5105 1911 5156; x_wconf 86' lang='lat' dir='ltr'><strong>commenta·</strong></span> 
     </span>
     <span class='ocr_line' id='line_1_61' title="bbox 163 5165 1912 5252; baseline 0.002 -30"><span class='ocrx_word' id='word_1_741' title='bbox 163 5166 336 5223; x_wconf 81' lang='lat' dir='ltr'><strong>revelatione</strong></span> <span class='ocrx_word' id='word_1_742' title='bbox 354 5167 572 5238; x_wconf 74' lang='lat' dir='ltr'><strong>scripturatum</strong></span> <span class='ocrx_word' id='word_1_743' title='bbox 596 5167 685 5222; x_wconf 89' lang='lat' dir='ltr'><strong>estin</strong></span> <span class='ocrx_word' id='word_1_744' title='bbox 708 5165 908 5224; x_wconf 88' lang='lat' dir='ltr'><strong>admonitione</strong></span> <span class='ocrx_word' id='word_1_745' title='bbox 934 5183 1010 5239; x_wconf 80' lang='lat' dir='ltr'><strong>pra·</strong></span> <span class='ocrx_word' id='word_1_746' title='bbox 1064 5165 1142 5223; x_wconf 88' lang='lat' dir='ltr'><strong>tione</strong></span> <span class='ocrx_word' id='word_1_747' title='bbox 1165 5182 1182 5222; x_wconf 90' lang='lat' dir='ltr'><strong>e</strong></span> <span class='ocrx_word' id='word_1_748' title='bbox 1201 5167 1230 5224; x_wconf 90' lang='lat' dir='ltr'><strong>S.</strong></span> <span class='ocrx_word' id='word_1_749' title='bbox 1254 5167 1425 5240; x_wconf 87' lang='lat' dir='ltr'><strong>llildcgardc</strong></span> <span class='ocrx_word' id='word_1_750' title='bbox 1449 5169 1603 5239; x_wconf 82' lang='lat' dir='ltr'><strong>expositas,</strong></span> <span class='ocrx_word' id='word_1_751' title='bbox 1620 5185 1692 5241; x_wconf 85' lang='lat' dir='ltr'><strong>ques</strong></span> <span class='ocrx_word' id='word_1_752' title='bbox 1716 5171 1912 5252; x_wconf 82' lang='lat' dir='ltr'><strong>scrupulosius</strong></span> 
     </span>
     <span class='ocr_line' id='line_1_62' title="bbox 163 5237 1912 5309; baseline 0.003 -17"><span class='ocrx_word' id='word_1_753' title='bbox 163 5239 218 5295; x_wconf 86' lang='lat' dir='ltr'><strong>ria.</strong></span> <span class='ocrx_word' id='word_1_754' title='bbox 238 5238 361 5293; x_wconf 85' lang='lat' dir='ltr'><strong>llentem</strong></span> <span class='ocrx_word' id='word_1_755' title='bbox 386 5253 469 5294; x_wconf 88' lang='lat' dir='ltr'><strong>suem</strong></span> <span class='ocrx_word' id='word_1_756' title='bbox 499 5254 557 5294; x_wconf 93' lang='lat' dir='ltr'><strong>non</strong></span> <span class='ocrx_word' id='word_1_757' title='bbox 575 5237 644 5294; x_wconf 88' lang='lat' dir='ltr'><strong>setis</strong></span> <span class='ocrx_word' id='word_1_758' title='bbox 659 5237 736 5292; x_wconf 85' lang='lat' dir='ltr'><strong>olere</strong></span> <span class='ocrx_word' id='word_1_759' title='bbox 756 5238 880 5308; x_wconf 84' lang='lat' dir='ltr'><strong>explicet</strong></span> <span class='ocrx_word' id='word_1_760' title='bbox 897 5245 1010 5306; x_wconf 87' lang='lat' dir='ltr'><strong>auctor,</strong></span> <span class='ocrx_word' id='word_1_761' title='bbox 1063 5238 1233 5309; x_wconf 82' lang='lat' dir='ltr'><strong>expendere,</strong></span> <span class='ocrx_word' id='word_1_762' title='bbox 1250 5239 1304 5295; x_wconf 83' lang='lat' dir='ltr'><strong>lori</strong></span> <span class='ocrx_word' id='word_1_763' title='bbox 1319 5239 1410 5295; x_wconf 89' lang='lat' dir='ltr'><strong>nostri</strong></span> <span class='ocrx_word' id='word_1_764' title='bbox 1438 5243 1564 5295; x_wconf 88' lang='lat' dir='ltr'><strong>nonest.</strong></span> <span class='ocrx_word' id='word_1_765' title='bbox 1592 5243 1636 5295; x_wconf 77' lang='lat' dir='ltr'><strong>An</strong></span> <span class='ocrx_word' id='word_1_766' title='bbox 1653 5255 1722 5296; x_wconf 84' lang='lat' dir='ltr'><strong>raro</strong></span> <span class='ocrx_word' id='word_1_767' title='bbox 1750 5241 1912 5300; x_wconf 86' lang='lat' dir='ltr'><strong>istiusmodi</strong></span> 
     </span>
     <span class='ocr_line' id='line_1_63' title="bbox 163 5307 1911 5385; baseline 0.003 -22"><span class='ocrx_word' id='word_1_768' title='bbox 163 5309 295 5364; x_wconf 86' lang='lat' dir='ltr'><strong>sedniliil</strong></span> <span class='ocrx_word' id='word_1_769' title='bbox 311 5307 700 5366; x_wconf 80' lang='lat' dir='ltr'><strong>motirerolnimus2rideri</strong></span> <span class='ocrx_word' id='word_1_770' title='bbox 723 5311 820 5380; x_wconf 88' lang='lat' dir='ltr'><strong>potest</strong></span> <span class='ocrx_word' id='word_1_771' title='bbox 841 5308 932 5366; x_wconf 88' lang='lat' dir='ltr'><strong>editio</strong></span> <span class='ocrx_word' id='word_1_772' title='bbox 956 5309 1009 5365; x_wconf 92' lang='lat' dir='ltr'><strong>Sn-</strong></span> <span class='ocrx_word' id='word_1_773' title='bbox 1064 5309 1316 5380; x_wconf 88' lang='lat' dir='ltr'><strong>interpretationes</strong></span> <span class='ocrx_word' id='word_1_774' title='bbox 1343 5309 1378 5366; x_wconf 87' lang='lat' dir='ltr'><strong>ed</strong></span> <span class='ocrx_word' id='word_1_775' title='bbox 1402 5325 1484 5366; x_wconf 84' lang='lat' dir='ltr'><strong>ieras</strong></span> <span class='ocrx_word' id='word_1_776' title='bbox 1515 5310 1706 5367; x_wconf 72' lang='lat' dir='ltr'><strong>mactationes</strong></span> <span class='ocrx_word' id='word_1_777' title='bbox 1737 5311 1911 5385; x_wconf 75' lang='lat' dir='ltr'><strong>ponimini,</strong></span> 
     </span>
     <span class='ocr_line' id='line_1_64' title="bbox 163 5378 1427 5452; baseline -0.001 -17"><span class='ocrx_word' id='word_1_778' title='bbox 163 5379 210 5445; x_wconf 86' lang='lat' dir='ltr'><strong>rii,</strong></span> <span class='ocrx_word' id='word_1_779' title='bbox 292 5378 298 5389; x_wconf 88' lang='lat'>&#39;</span> <span class='ocrx_word' id='word_1_780' title='bbox 325 5378 460 5450; x_wconf 85' lang='lat' dir='ltr'><strong>expoliti.</strong></span> <span class='ocrx_word' id='word_1_781' title='bbox 1064 5378 1427 5452; x_wconf 85' lang='lat' dir='ltr'><strong>aliorumestojudicium.</strong></span> 
     </span>
    </p>

    <p class='ocr_par' dir='ltr' id='par_1_10' title="bbox 198 5394 1010 5522">
     <span class='ocr_line' id='line_1_65' title="bbox 198 5394 1010 5522; baseline 0.001 -17"><span class='ocrx_word' id='word_1_782' title='bbox 198 5394 399 5520; x_wconf 50' lang='lat' dir='ltr'><strong>(maianus</strong></span> <span class='ocrx_word' id='word_1_783' title='bbox 415 5449 503 5504; x_wconf 87' lang='lat' dir='ltr'><strong>etiam</strong></span> <span class='ocrx_word' id='word_1_784' title='bbox 526 5465 623 5522; x_wconf 88' lang='lat' dir='ltr'><strong>supra,</strong></span> <span class='ocrx_word' id='word_1_785' title='bbox 646 5449 710 5505; x_wconf 93' lang='lat' dir='ltr'><strong>loco</strong></span> <span class='ocrx_word' id='word_1_786' title='bbox 736 5449 834 5519; x_wconf 91' lang='lat' dir='ltr'><strong>citato,</strong></span> <span class='ocrx_word' id='word_1_787' title='bbox 855 5451 1010 5506; x_wconf 89' lang='lat' dir='ltr'><strong>nonnullas</strong></span> 
     </span>
    </p>
   </div>
   <div class='ocr_carea' id='block_1_7' title="bbox 0 0 1996 6034">
    <p class='ocr_par' dir='ltr' id='par_1_11' title="bbox 0 0 1996 6034">
     <span class='ocr_line' id='line_1_66' title="bbox 0 0 1996 6034; baseline 0 6"><span class='ocrx_word' id='word_1_788' title='bbox 0 0 1996 6034; x_wconf 95' lang='lat' dir='ltr'><strong> </strong></span> 
     </span>
    </p>
   </div>
  </div>
 </body>
</html>
