3984 6034
136 112 191 168 tor
865 111 895 168 S.
915 111 1150 168 accumulabis
1834 107 1889 166 408

138 258 201 298 rem
219 241 369 297 innocenis
391 240 529 296 claritatis
551 240 728 313 plurimique
747 240 865 296 bonoria
888 244 920 297 ut
933 239 986 296 tibi
1003 244 1068 298 Aet
1089 239 1176 297 fldem
1198 240 1367 298 catholicam
1391 239 1617 313 appetentibus:
1639 243 1739 312 aperte
1760 238 1889 296 declara·

138 331 337 387 demonstrent
355 330 593 401 praetendentem,
619 335 648 385 et
669 346 799 402 superse
820 331 890 386 duas
907 331 986 386 facu·
1042 335 1098 387 tor.
1128 332 1161 386 Et
1193 331 1222 387 iu
1255 331 1350 387 medio
1372 329 1495 386 istorum
1518 331 1742 396 elementorum,
1767 329 1888 402 qrridam

139 419 181 474 las
203 432 317 472 sursum
340 419 415 473 clare
440 417 548 490 positas
566 417 722 474 habentem
743 418 896 490 ipsumque
923 419 986 491 glo·
1042 435 1179 476 arenosus
1206 421 1310 493 globus
1327 419 1459 492 plurimae
1484 418 1695 492 magnitudinis
1721 423 1773 484 est,
1800 432 1889 490 quem

139 507 209 564 bom
240 521 278 560 ue
304 507 421 562 modum
452 523 552 562 cursus
580 506 626 561 sni
656 507 773 563 excedat
795 508 986 576 continentes,
1041 510 1183 566 elementa
1204 507 1528 581 itacircunrdantquod
1545 508 1733 564 uecbacnec
1755 506 1821 562 illac
1843 505 1890 561 ui·-

139 595 217 668 quod
232 611 284 650 sua
295 595 506 667 significatione
521 601 589 650 sunt
613 596 816 664 ostendentes3
839 596 915 668 quod
935 597 984 652 iio·
1041 596 1099 652 labi
1119 602 1239 668 potest:
1265 597 1315 668 qui
1341 598 1488 651 rnanlleste
1515 595 1642 651 ostendit
1668 594 1890 650 infortitudine

139 682 256 738 clesiam
271 683 308 738 da
324 684 457 754 supernis
472 683 558 740 edim
580 683 638 740 duo
661 685 842 740 Testamenta
856 685 988 741 videlicet
1040 689 1237 742 creaturarum
1258 685 1319 756 liei,
1342 685 1489 740 beluinum
1512 684 1661 756 profunde
1685 683 1890 740 consideratio·

139 771 244 826 veteris
258 775 286 827 et
300 787 383 826 novre
391 772 578 839 auctoritatis,
593 773 628 828 ad
641 772 737 828 divina
747 778 888 845 precepta
902 775 986 830 ooele·
1040 775 1085 830 nis
1104 775 1258 846 degentem
1281 774 1316 830 de
1337 774 1407 829 limo
1431 780 1517 829 terras
1535 773 1660 829 mirabili
1685 772 1771 828 modo
1797 772 1890 826 multa

140 862 228 916 atium
242 867 416 916 secretorum
431 863 563 930 trabrrnt;
578 861 722 934 quiaipsa
747 865 879 919 eamdem
903 879 941 918 ue
955 863 986 918 in
1041 864 1265 936 gloriafactum,
1286 868 1315 918 et
1332 863 1434 918 virtute
1453 869 1648 917 creaturarum
1664 862 1704 916 ita
1725 861 1891 916 circumda-

140 948 307 1004 rariatatem
324 964 437 1004 morum
455 966 486 1004 se
507 951 718 1022 praecipitanter
741 953 878 1007 extendat
898 950 988 1006 conti·
1040 958 1103 1009 tum
1126 952 1205 1024 quod
1226 954 1262 1007 ab
1282 951 1322 1007 eis
1346 952 1427 1007 nullo
1449 952 1535 1007 modo
1557 950 1683 1023 separari
1708 951 1795 1014 valst;
1819 948 1891 1020 quia

141 1041 221 1106 nent,
232 1041 262 1092 et
273 1038 764 1108 quiaetvetusatnovatassitlcatio
779 1040 988 1096 beatitudiuem
1041 1042 1184 1106 elementa
1201 1041 1303 1096 mundi
1318 1041 1352 1096 ad
1375 1040 1541 1094 servitutem
1566 1039 1691 1094 hominis
1712 1044 1807 1093 creata
1832 1037 1891 1108 ipsi

141 1140 273 1197 superum
303 1126 478 1182 haereditatis
513 1127 569 1198 ipsi
607 1128 774 1185 ostendunt.
806 1129 988 1201 Quapropter
1040 1127 1211 1184 famulatum
1243 1128 1388 1194 exhibant,
1420 1127 1489 1182 dum
1527 1127 1614 1181 borno
1637 1126 1715 1183 velut
1741 1125 1772 1180 in
1791 1124 1890 1180 medio

141 1214 229 1267 etiam
243 1213 276 1268 in
289 1213 391 1268 eodem
411 1214 515 1269 ethere
531 1215 628 1268 mrrltoe
645 1220 673 1270 et
689 1214 772 1270 claras
792 1217 903 1287 spberae
929 1217 989 1272 ubi·
1041 1233 1141 1272 aarum
1156 1217 1258 1272 sedans
1277 1217 1345 1288 ipsis
1368 1215 1464 1272 divina
1488 1213 1674 1286 dispositione
1696 1213 1840 1284 presidet,
1856 1217 1892 1268 ut

142 1317 199 1373 que
227 1303 329 1373 posite
357 1308 425 1357 sunt
452 1303 483 1357 in
512 1319 583 1374 quas
608 1303 685 1359 idem
710 1304 812 1376 globus
838 1300 986 1360 'interdum
1042 1307 1128 1363 etiam
1150 1323 1203 1378 per
1218 1323 1263 1362 mo
1279 1306 1434 1378 inspiratus
1452 1305 1538 1360 David
1555 1304 1625 1360 dicit
1647 1303 1773 1358 :Gloria
1793 1308 1823 1360 et
1840 1301 1891 1358 fro·

142 1405 173 1444 se
190 1391 403 1472 aliquantulum
420 1407 561 1446 evacuans
582 1393 741 1447 cleritatem
763 1409 844 1448 suam
867 1391 985 1459 emittit;
1040 1395 1264 1452 noreeoronasii
1277 1412 1352 1464 eum,
1367 1397 1395 1452 et
1416 1393 1590 1451 constituisti
1607 1410 1671 1449 eum
1691 1409 1779 1464 super
1799 1407 1891 1464 opero

143 1480 282 1551 quoniam
296 1479 326 1535 in
341 1482 467 1552 puritate
481 1480 550 1537 fidei
562 1480 887 1554 plurimaetsplendida
899 1496 986 1552 opera
1041 1500 1181 1540 moneam
1206 1489 1321 1540 tuorum
1342 1483 1436 1554 (Psoi.
1461 1486 1530 1554 vrri).
1551 1482 1631 1548 Quod
1652 1481 1757 1537 dicitur
1778 1496 1786 1537 ε
1809 1481 1831 1536 0
1855 1485 1889 1534 tu

141 1567 257 1640 pietatis
272 1568 378 1641 ubique
404 1574 556 1642 apparent,
580 1570 611 1625 in
633 1569 738 1642 quibus
763 1569 886 1626 Ecclesia
910 1578 988 1624 certo
1045 1575 1118 1628 Deus
1135 1573 1186 1645 qui
1199 1573 1297 1628 omnia
1311 1572 1482 1628 mirabiliter
1507 1571 1607 1640 fecisti,
1626 1587 1713 1627 aurea
1733 1575 1762 1626 ct
1780 1585 1890 1642 purpu-

27 1696 33 1707 ,
142 1656 267 1728 quodam
290 1662 422 1729 tempore
435 1658 679 1714 conculcationem
696 1658 908 1730 aliquantulum
923 1675 988 1713 sua·
1043 1677 1091 1716 rea
1106 1676 1213 1717 corona
1225 1660 1388 1716 intellectus
1402 1664 1432 1715 et
1445 1659 1614 1731 dignissimo
1633 1658 1804 1714 indumento
1816 1655 1891 1710 risi-

141 1744 239 1811 unuit,
265 1751 294 1801 et
316 1747 403 1802 decor
425 1744 602 1802 mirabilium
625 1763 745 1802 suorum
776 1746 989 1818 aliquantulum
1042 1749 1109 1806 bilis
1131 1749 1237 1822 speciei
1261 1749 1405 1806 coronasti
1436 1749 1596 1815 bominem;
1623 1747 1663 1801 ita
1687 1761 1797 1819 ponens
1819 1759 1891 1799 eum

142 1834 270 1899 evanuit,
296 1849 363 1889 cum
381 1832 444 1906 ipsa
466 1834 544 1889 velut
572 1833 601 1889 io
623 1849 745 1890 mmmm
767 1836 874 1907 jacens,
901 1835 989 1889 clari·
1043 1838 1125 1912 quasi
1139 1838 1296 1911 principem
1310 1853 1396 1908 super
1408 1836 1590 1892 altitudinem
1612 1836 1803 1907 perfectorum
1818 1849 1890 1903 ope-

143 1924 231 1976 tstem
246 1926 345 1976 tamen
365 1922 497 1993 priorum
513 1937 634 1994 operum
657 1923 688 1977 iu
709 1923 991 1995 perfectisjhomini-
1043 1943 1108 1984 rum
1124 1933 1254 1990 tuorum,
1277 1941 1343 1998 quas
1366 1925 1396 1980 in
1420 1924 1559 1979 creaturis
1584 1923 1642 1976 tuis
1664 1923 1740 1992 juste
1763 1926 1793 1975 et
1816 1920 1893 1974 bana

143 2007 197 2063 bus
225 2009 439 2077 admirabatur;
470 2014 500 2065 et
525 2010 565 2066 ita
589 2011 643 2066 sub
672 2011 824 2082 prefatum
856 2011 988 2077 rubeum,
1045 2015 1219 2088 disposuisti.
1235 2014 1367 2071 'fuenim
1384 2013 1519 2085 praeliis
1540 2011 1678 2066 creaturis
1699 2009 1757 2064 tuis
1772 2023 1894 2078 magnas

93 2164 97 2175 .
142 2096 320 2170 igneumque
335 2097 451 2168 globum
466 2113 616 2155 recurrens
629 2103 658 2154 et
672 2099 709 2154 ab
727 2116 761 2155 eo
776 2099 908 2156 flammas
925 2117 991 2156 suas
1044 2111 1073 2160 et
1092 2104 1236 2160 mirandas
1256 2102 1410 2173 dignitates
1430 2101 1539 2156 bomini
1555 2099 1695 2154 indidisti.
1712 2097 1778 2164 Sed,
1801 2103 1833 2152 ut
1850 2097 1896 2150 vi·

143 2191 308 2240 restaurans
323 2201 331 2241 ε
346 2185 454 2242 iterum
468 2185 532 2240 illas
545 2185 577 2241 in
593 2186 709 2242 easdem
732 2187 858 2258 spbreras
872 2188 989 2256 efflarit,
1043 2196 1103 2264 des,
1129 2193 1198 2248 dum
1223 2191 1371 2246 interdum
1394 2191 1538 2244 elementa
1561 2204 1625 2242 cum
1651 2186 1794 2257 predictis
1814 2185 1895 2241 flasi.

144 2275 282 2348 quuniam
299 2274 363 2347 ipsa
376 2275 407 2330 in
421 2274 594 2331 contritione
605 2275 700 2348 posita
714 2277 768 2333 sub
781 2277 991 2348 protectionem
1043 2282 1097 2339 brus
1112 2281 1279 2337 seinvicem
1301 2279 1482 2345 concutiunt,
1498 2278 1595 2347 ipsum
1607 2276 1725 2348 globum
1741 2291 1791 2330 sua
1813 2274 1896 2329 forti·

145 2364 293 2436 Uaigcuiti
307 2363 359 2420 Dei
372 2379 541 2436 properans,
557 2368 594 2419 et
617 2363 653 2418 ab
674 2379 708 2419 eo
722 2364 903 2420 sufferentias
918 2365 990 2420 diri·
1045 2370 1145 2426 tudina
1161 2369 1373 2442 aliquantulum
1389 2367 1497 2422 moveri
1520 2365 1711 2437 compellunt:
1727 2364 1805 2436 quia,
1821 2363 1893 2418 dum

144 2468 190 2508 nae
217 2452 434 2508 confortationis
454 2453 559 2525 accipit
588 2469 717 2509 amorem
739 2469 932 2525 supernorum
959 2453 991 2508 iu
1045 2464 1326 2530 congruotampore,
1341 2460 1478 2511 creaturae
1504 2453 1555 2510 liei
1578 2469 1644 2508 cum
1666 2453 1742 2508 fama
1768 2451 1895 2507 miracu·

144 2542 237 2598 beatis
255 2542 393 2615 operibus
406 2543 564 2598 declarans.
590 2544 669 2599 Unde
689 2550 717 2598 at
742 2544 777 2599 ab
800 2544 863 2615 ipso
884 2545 992 2600 retbere
1045 2549 1140 2604 lorum
1153 2546 1289 2602 creatoris
1304 2545 1359 2600 sibi
1374 2543 1495 2598 invicem
1509 2542 1746 2613 congrediuntur,
1761 2541 1799 2594 ite
1813 2539 1895 2612 quod

144 2631 264 2704 quidam
280 2632 366 2687 flatus
379 2648 446 2687 oum
464 2633 525 2687 auis
545 2632 711 2690 turbinibus
735 2634 871 2707 erumpit,
888 2635 939 2706 qui
961 2650 992 2690 se
1046 2636 1218 2693 miraculum
1234 2633 1373 2690 miraculo
1388 2648 1495 2705 magno
1519 2632 1647 2686 tonitruo
1671 2631 1823 2685 verbomm
1847 2629 1895 2684 in-

145 2721 341 2793 iuprefatum
353 2720 578 2786 instrumentum
605 2723 712 2794 ubique
732 2722 848 2791 dilatat;
864 2723 933 2795 quia
956 2723 992 2779 ab
1047 2725 1180 2791 volvitur,
1207 2725 1293 2779 homo
1317 2721 1432 2777 illorum
1458 2720 1663 2775 miraculorum
1692 2717 1896 2786 magnitudine

144 2809 255 2866 unitate
285 2809 353 2866 fidei
378 2809 556 2866 validissima
575 2811 655 2866 fama
675 2828 739 2866 cum
760 2813 834 2867 raris
855 2819 884 2868 et
898 2812 991 2884 perfe-
1010 2835 1032 2894 g
1048 2816 1196 2888 perculsus
1211 2811 1428 2868 concussionem
1453 2809 1558 2866 mentis
1580 2815 1609 2864 et
1628 2808 1758 2880 corporis
1772 2806 1815 2863 sui
1830 2822 1897 2861 sen-

145 2900 198 2955 otis
216 2898 424 2954 anenionibus
447 2900 478 2953 in
501 2899 639 2954 auxilium
658 2899 810 2955 hominum
834 2915 991 2967 emanans;
1047 2905 1092 2972 tit,
1108 2903 1176 2958 dom
1192 2902 1221 2956 in
1237 2899 1418 2956 mirabilibus
1436 2897 1494 2953 illis
1514 2898 1653 2953 attonitus
1667 2895 1897 2952 imbecillitatem

145 2987 219 3043 lines
242 2985 329 3040 totius
354 2985 433 3041 orbis
468 2986 559 3040 multa
590 2987 736 3041 celeritate
762 2986 911 3056 percussit.
935 2987 993 3042 Sub
1048 2991 1209 3064 fragilitatis
1223 3005 1281 3045 sua
1297 2987 1467 3044 considerat.

146 3074 247 3130 eodem
272 3080 368 3129 sulem
392 3073 498 3129 ethere
523 3089 666 3145 aquosam
686 3090 782 3130 serem
804 3075 882 3130 vides
898 3075 993 3130 albam
1086 3082 1118 3136 at
1132 3079 1210 3134 vides
1223 3077 1476 3149 interequllonem
1491 3080 1519 3130 st
1540 3073 1682 3130 orientem
1704 3073 1784 3128 velut
1805 3071 1898 3127 maxi·

146 3161 659 3235 pellemsubsebabeutem,quise
679 3163 732 3219 hac
753 3163 865 3219 stillae
886 3163 994 3219 ditinu-
1049 3184 1129 3224 mum
1149 3171 1286 3235 montem,
1310 3165 1361 3238 qni
1382 3179 1479 3219 versus
1504 3163 1668 3236 aquilonem
1694 3163 1797 3217 multas
1819 3166 1898 3216 tene·

147 3251 218 3306 dens
234 3250 316 3306 omni
329 3250 522 3306 instrumento
536 3251 581 3307 illi
599 3252 751 3328 humorem
766 3257 897 3325 prestat3
921 3270 993 3326 quo·
1048 3257 1115 3313 bras
1129 3261 1157 3311 et
1173 3271 1270 3311 uersus
1283 3253 1425 3310 orientem
1444 3251 1565 3309 multam
1591 3252 1685 3306 lucem
1705 3249 1799 3316 babet,
1826 3263 1899 3320 quo-

147 3341 227 3396 niam
250 3339 303 3395 sub
326 3339 383 3396 tide
406 3357 472 3412 que
493 3341 605 3396 tamin
628 3341 755 3414 antiquis
778 3348 838 3398 um
859 3343 890 3397 in
912 3340 995 3398 novis
1049 3347 1128 3403 niam
1142 3345 1218 3400 inter
1232 3342 1402 3400 diabolicam
1418 3340 1599 3413 impietatem
1620 3344 1648 3395 et
1666 3338 1792 3394 divinam
1813 3335 1898 3391 boni·

147 3427 277 3501 patribus
292 3434 363 3498 erat,
381 3429 540 3503 baptismus
550 3429 582 3486 in
598 3430 722 3486 Ecclesia
739 3431 774 3486 ad
790 3431 913 3486 salutem
933 3445 995 3486 ore·
1048 3440 1138 3491 tatem
1151 3447 1274 3504 magnus
1292 3447 1374 3487 casus
1394 3429 1520 3485 bominis
1534 3432 1653 3501 apparet
1667 3442 1720 3499 per
1740 3425 1898 3498 passimam

147 3515 275 3574 dentium
291 3517 333 3584 fut
346 3517 400 3573 tibi
414 3517 561 3575 rarissime
577 3519 788 3590 manifestatur)
803 3520 833 3575 in
857 3518 995 3576 inuocau-
1049 3523 1170 3595 maligni
1192 3519 1389 3592 deceptionem
1413 3518 1443 3573 in
1467 3516 1597 3590 reprobis
1626 3517 1731 3570 multas
1765 3513 1898 3569 miserias

148 3603 376 3662 tiabeatissime
390 3606 554 3664 stabilitatis
572 3608 709 3663 fraudatus
727 3623 757 3664 se
781 3608 879 3665 divina
903 3607 994 3679 inspi-
1049 3609 1241 3668 damnationis
1270 3614 1299 3665 et
1329 3624 1382 3680 per
1416 3606 1574 3679 optabilem
1595 3606 1715 3661 salntem
1740 3603 1771 3658 ia
1799 3602 1898 3657 electis

148 3694 262 3751 ratione
282 3695 391 3768 ubique
405 3696 530 3752 dilatans
553 3697 686 3753 universo
710 3697 773 3752 orbi
795 3696 996 3769 irrigationem
1050 3701 1205 3773 plurimam
1219 3697 1384 3754 felicitatem
1398 3694 1605 3767 redemptionis
1619 3701 1730 3760 teneus,
1743 3692 1783 3747 ita
1797 3697 1898 3747 umen

149 3783 250 3841 ulutis
264 3783 296 3840 in
311 3784 495 3842 credentibus
510 3785 617 3841 attulit.
631 3786 687 3851 Oui
702 3786 771 3841 dum
794 3802 824 3840 se
847 3783 996 3840 interdum
1051 3789 1128 3863 quod
1143 3803 1197 3842 nec
1210 3787 1258 3842 lux
1274 3786 1323 3840 illa
1343 3785 1380 3842 ad
1401 3785 1544 3852 tenebras,
1558 3799 1610 3838 nee
1627 3781 1755 3837 tenebre
1776 3779 1835 3835 illae
1858 3779 1897 3834 ad

148 3877 268 3945 repente
290 3879 457 3946 congregat,
473 3875 655 3946 repentinam
681 3875 808 3947 pluriam
831 3874 923 3929 multo
944 3873 996 3929 fri·
1051 3879 1144 3933 lucam
1167 3874 1332 3947 pertingere
1355 3879 1490 3946 possunt3
1514 3874 1581 3946 quia
1599 3887 1687 3943 opera
1709 3870 1780 3925 lucis
1802 3868 1897 3940 operi-

150 3978 220 4035 gore
235 3961 360 4031 emittit;
382 3967 412 4018 et
430 3963 500 4018 dum
519 3978 549 4018 se
569 3964 674 4019 leuiter
697 3963 844 4032 diffundit,
858 3953 995 4018 blandam
1051 3965 1105 4021 bas
1122 3963 1307 4020 tenebrarum
1330 3978 1360 4018 se
1385 3977 1443 4017 non
1467 3961 1653 4026 interserunt,
1674 3973 1727 4013 nec
1751 3973 1840 4028 opera
1857 3961 1900 4011 ta·

150 4050 279 4122 pluriam
298 4051 360 4106 leui
383 4056 464 4106 motu
490 4051 549 4119 dat,
572 4051 652 4123 quia,
675 4053 746 4108 dum
767 4050 927 4124 baptismus
946 4050 998 4105 ali-
1051 4054 1206 4110 nebrarum
1226 4052 1262 4107 ad
1285 4066 1373 4123 opera
1397 4049 1470 4106 lucis
1491 4049 1661 4115 ascendunt,
1687 4045 1819 4120 quamvis
1833 4045 1898 4100 dia-

151 4139 268 4212 qoando
286 4154 339 4212 per
351 4145 508 4196 assertores
522 4141 650 4197 raritatis
672 4142 703 4196 in
718 4142 866 4196 velocitate
886 4139 998 4212 preadi-
1015 4119 1038 4176 ⁰
1053 4143 1136 4200 bolus
1159 4157 1193 4197 ea
1219 4139 1385 4212 frequenter
1411 4153 1462 4210 par
1489 4138 1581 4193 mulos
1607 4135 1740 4192 homines
1760 4134 1898 4190 offuscare

151 4226 272 4284 cationis
295 4231 325 4284 et
346 4228 378 4284 in
397 4229 592 4303 profunditate
615 4230 720 4286 mentis
742 4229 872 4304 ipsorum
899 4229 998 4285 multi·
1052 4231 1173 4298 laboret,
1189 4226 1434 4301 quemadmodum
1451 4227 1548 4281 evenit
1561 4225 1592 4280 in
1615 4225 1745 4296 paganis,
1765 4224 1796 4278 in
1809 4223 1900 4278 blere-

151 4316 321 4389 plicabatur,
346 4317 432 4374 caleri
461 4318 545 4392 copia
576 4320 731 4376 verborum
753 4321 784 4376 in
809 4318 998 4374 inundatione
1053 4321 1124 4388 ticio,
1145 4325 1174 4374 et
1195 4319 1227 4374 in
1250 4316 1520 4390 pseudoprophetis,
1535 4320 1564 4371 et
1585 4314 1615 4369 in
1640 4314 1675 4368 iis
1696 4329 1770 4386 quos
1784 4311 1830 4366 isti
1846 4328 1899 4368 sua

152 4405 365 4478 predicationis
380 4422 492 4476 eorum,
505 4409 636 4464 attonitis
650 4408 818 4466 hominibus
834 4407 999 4463 manifesta·
1052 4408 1147 4466 fallaci
1171 4406 1340 4478 deceptione
1364 4410 1430 4478 post
1458 4420 1488 4458 ss
1511 4403 1623 4459 trabere
1651 4406 1800 4457 conantur.
1827 4401 1901 4466 Quo-

151 4493 248 4559 batur‚
277 4493 426 4552 interdum
447 4495 536 4552 etiam
568 4497 731 4569 baptismus
753 4497 834 4553 suavi
856 4501 999 4568 tempera·
1053 4493 1502 4562 modoiouiavolunteascire
1525 4507 1590 4564 quaa
1611 4491 1682 4562 ipsis
1703 4489 1819 4546 scienda
1840 4504 1901 4543 nou

152 4587 252 4641 mento
292 4584 498 4657 predicatione
538 4584 684 4655 dilatatus,
718 4587 801 4643 suavi
830 4585 1000 4657 irrigatione
1054 4593 1137 4654 sunt,
1152 4585 1234 4641 illum
1250 4583 1406 4651 imitantes,
1422 4581 1473 4654 qui
1494 4597 1525 4636 se
1544 4581 1683 4636 altissimo
1699 4579 1822 4635 similem
1839 4593 1901 4633 esse

153 4687 220 4730 cum
242 4672 423 4730 discretionis
444 4673 589 4746 adjutorio
609 4675 726 4749 populis
744 4674 871 4732 attractis
893 4690 999 4747 propa·
1054 4675 1152 4731 voluit.
1164 4675 1197 4729 Et
1208 4670 1346 4745 quoniam
1361 4670 1445 4726 illum
1466 4669 1698 4741 subsequuntur3
1713 4667 1778 4722 ideo
1802 4669 1830 4721 et
1851 4665 1901 4720 illa

153 4762 276 4819 labatur.
1054 4761 1236 4820 mendacium
1260 4764 1343 4833 quasi
1369 4759 1517 4814 ceritatem
1533 4757 1574 4812 eis
1591 4755 1749 4812 secundum
1772 4754 1901 4810 volunte-

188 4851 370 4924 Quapropter
384 4855 414 4908 et
435 4868 470 4909 ex
490 4869 525 4910 eo
540 4852 658 4927 quidam
682 4858 774 4910 statas
794 4869 861 4911 cum
876 4851 1000 4909 turbini·
1054 4859 1113 4909 tem
1128 4851 1257 4922 ipsorum
1281 4848 1470 4912 demonstrat,
1495 4845 1573 4902 unde
1595 4860 1708 4901 mecum
1731 4860 1789 4899 uon
1809 4847 1900 4899 sunt:

155 4940 208 4996 bus
234 4940 294 4996 suis
317 4940 425 5008 exiens,
449 4957 502 5015 per
525 4945 696 5015 predictum
721 4944 949 5000 instrumentum
970 4957 1001 4996 ae
1055 4935 1108 4996 isac
1130 4953 1184 5011 ego
1207 4953 1273 4994 cum
1297 4936 1364 5004 illis,
1387 4935 1457 5008 quia
1479 4934 1539 4989 vias
1560 4951 1637 4990 meas
1660 4949 1718 4988 uon
1741 4932 1902 4999 ambulant,

157 5028 265 5102 ubique
293 5029 441 5087 diffundit:
465 5033 604 5104 quoniam
628 5033 665 5088 ab
697 5032 887 5089 inundatione
908 5030 1002 5101 bapti·
1054 5029 1104 5085 sed
1128 5033 1276 5084 extraneas
1299 5024 1415 5082 semitas
1437 5029 1545 5093 amant,
1566 5022 1744 5095 inquirentes
1767 5019 1837 5093 quid
1861 5019 1903 5074 eis

157 5117 255 5173 amatis
267 5118 389 5174 salutem
404 5119 588 5176 credentibus
601 5121 745 5178 afferentis
762 5120 912 5176 renssima
924 5118 1002 5174 fama
1056 5118 1142 5173 stulta
1157 5122 1287 5172 creatura
1301 5116 1336 5171 de
1359 5113 1465 5171 futuris
1488 5111 1581 5168 causis
1602 5110 1740 5166 fallaciter
1758 5107 1902 5174 ostendat,

156 5221 224 5262 cum
242 5207 336 5263 verbis
350 5208 573 5266 fortissimorum
593 5225 761 5267 sermonum
774 5208 927 5282 egrediens
941 5223 1003 5262 om·
1056 5211 1085 5263 et
1106 5207 1160 5262 hoc
1183 5205 1224 5260 ita
1246 5204 1347 5260 volunt
1369 5203 1442 5258 scire
1465 5201 1625 5256 secundum
1646 5197 1722 5272 quod
1747 5195 1818 5252 illud
1842 5210 1904 5267 per·

156 5307 226 5349 nem
247 5296 387 5351 muudum
406 5297 637 5354 manifestatione
660 5297 846 5355 beatitudinis
864 5313 923 5352 suae
937 5311 1002 5369 per·
1057 5308 1138 5350 verse
1152 5291 1307 5364 exquirunt
1330 5306 1376 5346 ma
1395 5292 1623 5355 contemnentes,
1637 5292 1666 5342 et
1685 5289 1798 5341 sanctos
1821 5297 1901 5338 meos

157 5380 242 5447 fudit,
259 5386 292 5439 ut
308 5382 369 5456 jam
392 5384 424 5440 in
446 5387 564 5458 populis
586 5387 785 5444 iulldelitatem
804 5386 1003 5443 deserentibus
1056 5380 1236 5454 abjicientes3
1251 5377 1301 5452 qui
1323 5379 1435 5433 sincero
1459 5376 1545 5433 corde
1567 5391 1612 5430 me
1627 5375 1762 5447 diligunt.
1778 5371 1833 5429 Sed
1849 5371 1901 5427 bu-
