3984 6034
701 226 846 284 serviat.
861 227 970 284 -ΗΒ,
994 227 1029 293 Il,
1050 225 1141 284 VISIO
1161 227 1193 282 ll.

755 449 884 524 VISIO
915 449 1149 524 SECUNDA.

71 639 248 694 Sousarmia.
264 668 299 678 -
314 641 353 694 Ite
378 653 465 692 sensa
489 636 690 708 mysteriorum
719 635 780 692 Dei.
815 640 855 693 ne
875 635 966 691 tribur
982 635 1121 708 personis.
1149 635 1229 702 Quod
1252 637 1333 692 tomo
1354 653 1505 708 aunqrmm
1532 639 1717 696 obliviscatur
1737 657 1829 700 unum

8 774 9 779 ἵ
109 712 197 763 tieem
210 708 241 762 ia
261 708 353 762 tribur
371 707 502 779 personis
527 708 662 763 ardenter
685 707 828 763 inuocare.
847 711 883 762 lte
902 707 993 762 tritus
1011 707 1122 763 cirione
1138 705 1255 778 lapidis.
1277 708 1406 762 Joonnee
1427 708 1463 762 de
1480 709 1622 766 charitate
1639 711 1698 767 liei.
1719 715 1761 768 lie
1776 713 1829 769 tri-

107 779 406 836 macaoemmam
419 779 516 835 Verbi.
530 780 574 836 De
583 779 674 836 trttm
686 778 794 835 oiritm
794 778 939 849 stamma.
961 779 1056 834 Verba
1070 777 1239 834 Salomonis
1256 776 1414 834 deunitate
1427 778 1566 836 essentie.

112 1075 221 1130 Deinde
250 1074 308 1131 vidi
344 1075 605 1147 splendidissimam
633 1074 727 1130 lucem
751 1073 831 1130 etin
862 1073 1045 1147 ipsaAFilii
1060 1073 1110 1130 nsi
1131 1074 1161 1130 in
1184 1074 1242 1130 llne
1266 1080 1442 1148 temporum.
1461 1079 1539 1133 Unde
1558 1095 1708 1152 nunquam
1732 1082 1832 1139 oblivi-

75 1162 237 1234 sapphIriui
258 1163 360 1218 coloris
387 1164 510 1234 speciem
537 1163 663 1218 homiuis
686 1179 751 1235 ques
776 1168 836 1218 tuta
858 1179 927 1218 sua·
981 1163 1175 1219 scstnrhomo
1191 1180 1236 1219 me
1254 1164 1345 1220 solnm
1371 1167 1460 1221 [teum
1476 1166 1506 1222 lu
1528 1167 1573 1223 his
1588 1168 1680 1224 tribus
1701 1172 1831 1241 personis

74 1250 193 1305 sissimo
222 1249 357 1305 rutilante
382 1250 449 1322 igne
477 1251 628 1321 flagrabat,
657 1256 686 1306 et
708 1250 758 1306 illa
777 1251 927 1322 splendida
982 1250 1132 1320 invocare3
1155 1251 1223 1323 quia
1247 1268 1295 1308 eas
1332 1259 1485 1325 propterea
1515 1255 1630 1310 ostendi
1666 1256 1779 1312 homini
1799 1263 1831 1314 ut

74 1337 122 1391 lux
139 1337 266 1409 pertudit
288 1337 455 1392 universum
474 1337 557 1392 illum
581 1337 747 1392 rutilantem
769 1337 878 1409 Ignem,
899 1342 928 1393 et
982 1338 1071 1394 homo
1095 1344 1174 1394 tanto
1208 1341 1332 1396 sirletius
1364 1341 1395 1396 in
1419 1359 1516 1398 amore
1539 1360 1601 1398 meu
1630 1345 1737 1413 ardeat,
1765 1363 1830 1402 cum

72 1427 123 1480 ille
146 1426 269 1480 rutilans
290 1426 367 1497 ignis
390 1431 480 1481 totam
502 1427 581 1481 illam
598 1425 797 1498 splendentem
822 1428 925 1492 lucem,
982 1433 1100 1500 propter
1127 1444 1256 1484 amorem
1284 1429 1348 1500 ejus
1379 1429 1443 1484 misi
1478 1431 1628 1502 proprium
1658 1433 1763 1489 Filium
1798 1433 1831 1490 in

74 1519 103 1568 et
124 1513 174 1568 illa
200 1513 433 1586 splendidissima
462 1515 510 1569 lux
539 1518 567 1568 et
589 1515 712 1569 rutilans
735 1515 812 1586 Ignis
836 1519 925 1570 totam
982 1517 1121 1572 mnndum
1159 1516 1403 1588 quemadmodum
1437 1519 1560 1574 loannes
1594 1520 1715 1576 dilectus
1750 1539 1831 1578 meus

74 1600 204 1656 homiuis
233 1602 367 1674 speciem,
392 1619 483 1658 unum
508 1604 604 1658 lumen
630 1619 687 1658 una
710 1602 813 1658 virtute
829 1608 926 1675 etpo-
981 1610 1163 1674 protestatur,
1188 1604 1308 1660 dicens:
1334 1609 1372 1661 Ire
1390 1607 1441 1663 ltoc
1462 1606 1601 1680 apparuit
1625 1609 1755 1665 claritas
1779 1609 1832 1665 Dei

74 1691 166 1744 tentia
189 1690 351 1745 existentes.
375 1691 410 1744 Et
434 1689 540 1745 iterum
563 1691 657 1746 andivi
679 1692 823 1746 viventem
846 1691 925 1744 illam
978 1691 1012 1748 im
1030 1691 1113 1748 nolis
1132 1693 1269 1766 quoniam
1295 1693 1405 1750 Filium
1435 1711 1518 1750 rursm
1551 1695 1735 1768 Unigenitum
1751 1696 1831 1753 misit

74 1781 168 1834 lucem
188 1779 258 1833 mihi
287 1779 456 1834 dicentem:
481 1779 701 1836 llieestseusus
723 1779 925 1851 mysteriorum
980 1781 1098 1838 Deraia
1120 1782 1258 1837 mundum
1279 1786 1311 1838 ut
1338 1783 1466 1838 nicomas
1493 1801 1546 1856 per
1573 1801 1647 1840 eum.
1675 1787 1705 1841 lrr
1721 1786 1830 1841 liecest

76 1869 137 1934 liei,
162 1872 196 1921 ut
210 1867 331 1922 discrete
350 1871 484 1921 cernatur
502 1871 531 1921 et
543 1867 721 1938 intelligatur
733 1882 798 1938 quse
812 1865 848 1919 sit
863 1865 925 1936 ple·
979 1868 1348 1942 ctoritas,noor1aorirtor
1361 1869 1550 1927 dilexerimus
1569 1872 1680 1937 Deum,·
1700 1871 1751 1928 red
1765 1889 1832 1945 quo

76 1955 178 2010 nitudo
207 1956 255 2009 illa
286 1971 351 2028 quse
377 1955 439 2011 sina
463 1959 528 2010 ortu
560 1961 604 2010 est
621 1961 650 2010 et
667 1956 714 2010 cui
740 1955 811 2009 nihil
835 1955 924 2021 deest,
979 1953 1060 2011 niam
1082 1955 1145 2029 ipse
1160 1955 1243 2029 prior
1260 1956 1365 2014 dilexit
1385 1974 1447 2026 rros,
1472 1961 1501 2012 et
1524 1957 1603 2014 misit
1621 1959 1731 2016 Filium
1746 1975 1831 2018 ertum

75 2059 140 2115 qua·
164 2041 366 2113 potentissima
402 2044 505 2098 virtute
532 2043 671 2114 plantavit
697 2058 798 2097 omnes
818 2040 925 2095 riarrlos
978 2043 1214 2116 propitiationem
1227 2061 1281 2116 pro
1294 2044 1572 2117 peccatisnostriell
1586 2049 1675 2103 Joarr.
1692 2049 1741 2118 ra).
1757 2047 1830 2115 Quid

74 2131 203 2186 tortium.
220 2133 291 2187 Nam
318 2130 341 2185 si
358 2131 496 2186 Dominus
517 2147 622 2186 vacuus
643 2137 718 2186 esset
736 2128 853 2202 propria
872 2129 927 2183 rir-
979 2130 1055 2187 troci
1073 2132 1146 2198 Quia
1160 2133 1190 2186 in
1206 2131 1261 2187 hac
1276 2133 1354 2204 qnod
1372 2133 1447 2188 lleus
1473 2134 1572 2190 dilexit
1586 2151 1639 2190 nos
1658 2152 1664 2191 :
1683 2136 1740 2190 alia
1754 2137 1830 2192 salus

72 2220 146 2284 tute,
162 2217 232 2290 quid
247 2223 316 2272 tuuc
331 2223 404 2271 esset
417 2233 490 2289 opus
510 2218 590 2288 ejus?
607 2218 689 2273 Certe
705 2233 822 2281 venum,
841 2217 925 2271 ideo·
980 2226 1077 2275 exorta
1093 2225 1136 2275 est
1161 2236 1248 2292 qnam
1269 2221 1319 2275 illa
1337 2237 1425 2293 quam
1444 2223 1474 2277 iu
1496 2223 1627 2294 prestmo
1640 2229 1705 2280 ortu
1725 2225 1829 2281 habui·

73 2320 131 2377 que
155 2305 186 2360 in
210 2305 336 2376 perlecto
363 2321 451 2377 opere
478 2306 605 2361 cernitur
627 2306 693 2377 quis
728 2306 827 2360 artilex
862 2306 924 2376 ejus
983 2323 1128 2364 muscum
1144 2309 1272 2364 haeredes
1296 2309 1469 2366 innocentiae
1490 2317 1520 2366 et
1539 2311 1829 2382 sanctitatislnImns,

73 2394 120 2448 sit.
149 2394 329 2465 Quapropter
356 2393 434 2448 rides
455 2393 716 2464 splendidissimam
746 2395 839 2448 lucem
862 2409 928 2464 quae
947 2368 1119 2468 Bquoniam
1143 2413 1286 2469 superous
1310 2399 1394 2454 Pater
1421 2399 1545 2455 ostendit
1564 2400 1830 2457 charitatemsnum

76 2482 140 2536 sine
164 2488 228 2537 ortu
253 2488 305 2550 est,
321 2483 409 2537 etcui
429 2482 501 2537 nilril
521 2482 619 2537 deesse
634 2487 744 2554 potest;
769 2481 927 2553 quaedesi·
981 2484 1012 2538 iu
1036 2485 1171 2556 pertculis
1198 2485 1304 2540 nostris
1340 2487 1455 2558 qnando
1487 2488 1634 2544 constituti
1662 2505 1775 2544 eramus
1799 2490 1830 2546 ln

74 2575 146 2640 gnat
165 2571 290 2636 Patrem,
319 2573 348 2624 et
373 2570 403 2623 in
431 2570 496 2640 ipsa
523 2569 684 2640 sapphirini
704 2568 806 2623 coloris
833 2569 927 2640 specie
980 2573 1095 2646 poenis:
1119 2573 1243 2628 Verbum
1264 2589 1348 2628 suum
1376 2574 1470 2630 solum
1490 2575 1565 2632 inter
1588 2577 1663 2632 tillos
1678 2577 1829 2635 hominum

74 2658 203 2712 hominis
216 2658 278 2712 siue
291 2657 370 2711 omui
387 2658 500 2712 macula
525 2656 748 2729 imperfectionis
766 2657 927 2712 invidisset
980 2660 1011 2716 in
1034 2661 1158 2732 perfecta
1181 2661 1341 2731 sanctitate,
1366 2662 1481 2718 mittens
1496 2679 1549 2734 per
1568 2681 1724 2736 supernam
1739 2667 1830 2722 virtu·

72 2747 239 2818 iniquitatis
252 2746 379 2801 declaret
394 2745 509 2813 Filium,
526 2753 592 2800 aute
616 2751 749 2817 tempora
768 2746 926 2801 secundnm
980 2751 1039 2801 tem
1056 2747 1084 2803 in
1107 2749 1239 2804 tenebras
1263 2751 1431 2805 saeculorum
1448 2750 1498 2806 ubi
1513 2751 1608 2821 ipsum
1624 2751 1748 2808 Verbum
1764 2769 1830 2809 om-

74 2835 254 2890 diviuitatem
276 2852 292 2888 a
316 2835 399 2890 Patre
424 2835 565 2906 genitum,
588 2836 636 2889 sed
656 2836 766 2906 postia
793 2841 924 2906 tempure
980 2835 1027 2889 nis
1042 2835 1117 2890 bona
1137 2841 1286 2907 operatum
1310 2837 1375 2892 illos
1392 2839 1426 2894 ad
1450 2839 1535 2894 vitam
1555 2855 1607 2910 per
1627 2841 1830 2896 mausuetudi-

73 2924 234 2979 secuudnm
265 2924 475 2978 humanitatem
509 2924 540 2979 in
578 2924 685 2978 arundo
729 2923 921 2978 incarnatum,
979 2939 1046 2978 nem
1062 2939 1143 2979 suam
1166 2925 1280 2981 reduxit
1294 2927 1344 2998 qui
1363 2943 1417 2998 per
1438 2927 1650 2983 immunditiam
1664 2929 1830 2999 pravarica-

74 3012 145 3076 Qum
176 3017 239 3067 tota
266 3011 436 3067 suavissimo
466 3012 602 3067 rutilante
633 3012 700 3083 igue
728 3012 839 3082 llagrat,
875 3011 926 3083 qui
981 3009 1068 3066 tionis
1104 3011 1207 3083 dejecti
1247 3018 1340 3082 erant,
1378 3030 1429 3068 neo
1463 3015 1493 3069 in
1532 3015 1711 3071 sanctitatem
1741 3033 1829 3088 quam

73 3102 228 3171 ignissiue
248 3107 325 3155 tactu
343 3101 428 3156 ulline
451 3101 540 3155 aridae
564 3105 591 3155 et
618 3101 777 3156 tenebrosas
801 3100 926 3155 mortali·
978 3098 1164 3168 perdiderant
1196 3099 1288 3155 redire
1319 3101 1460 3157 valebant.
1487 3102 1560 3167 Quid
1585 3101 1659 3158 hoc?
1682 3103 1754 3159 Nam
1777 3119 1830 3175 per

72 3190 139 3244 tatis
166 3191 347 3245 demonstrat
374 3190 513 3260 spirltum
543 3193 673 3244 sanctum
701 3189 736 3244 de
762 3204 820 3260 quo
847 3188 925 3243 idem
978 3187 1074 3259 ipsum
1103 3187 1211 3243 fontem
1243 3189 1309 3244 vitas
1344 3195 1464 3260 paterna
1493 3191 1608 3246 dilectio
1642 3191 1829 3264 amplexionis

74 3278 248 3348 Unigenitus
264 3277 314 3332 Ilei
341 3277 498 3332 secundum
519 3293 635 3332 earnem
661 3283 815 3348 conceptus
839 3277 924 3332 etde
980 3275 1139 3344 Deiveuit;
1163 3293 1228 3348 quea
1248 3279 1350 3334 uosad
1377 3279 1465 3334 vitam
1489 3279 1631 3348 educavit,
1659 3285 1687 3335 et
1710 3281 1829 3352 quasia

72 3365 186 3437 virgine
225 3365 422 3437 temporaliter
448 3371 541 3433 uatus,
574 3365 673 3421 lumen
690 3381 764 3420 verre
788 3365 924 3419 claritatIs
978 3365 1113 3434 perieulis
1137 3367 1296 3421 auxiliatrix
1324 3373 1421 3422 nostra
1447 3367 1502 3422 luit
1519 3384 1584 3440 que
1601 3368 1827 3440 estprolundis·

72 3453 182 3508 mundo
202 3451 317 3508 inludit.
344 3452 398 3509 Sed
420 3453 498 3525 quod
513 3453 562 3507 illa
576 3453 713 3523 spendida
732 3452 780 3506 lux
804 3453 924 3524 perlun·
979 3451 1053 3506 sima
1077 3458 1106 3507 et
1132 3454 1303 3509 suavissima
1326 3454 1451 3524 claritas,
1479 3473 1533 3512 nos
1559 3457 1596 3512 ad
1625 3456 1826 3530 poenitentiam

70 3542 111 3596 dil
128 3542 294 3596 universnm
310 3541 393 3596 illum
417 3540 581 3596 rutilantem
608 3541 716 3613 iguem,
746 3545 774 3595 et
788 3539 837 3594 ille
852 3540 924 3595 ruti·
977 3538 1132 3598 instruens.
1149 3542 1318 3608 Quomodo?
1342 3545 1415 3599 lleus
1442 3546 1539 3616 magui
1559 3545 1654 3616 operis
1675 3546 1720 3601 sui
1742 3550 1830 3619 atquc

69 3630 132 3683 lens
148 3628 225 3700 ignis
239 3633 329 3684 totam
352 3629 431 3685 illam
447 3629 646 3701 splendentem
659 3630 753 3684 lucem
768 3644 802 3684 ac
821 3630 922 3700 splen·
942 3629 1192 3720 GpretiosissImer
1227 3647 1286 3686 sum
1316 3632 1491 3703 margaritae,
1528 3632 1666 3702 hominis,
1699 3634 1828 3705 inquam,

71 3717 138 3772 dida
158 3718 210 3772 lux
241 3718 361 3771 rutilans
396 3717 471 3789 ignis
503 3723 593 3773 totam
631 3719 756 3789 speciem
783 3717 920 3786 hominis,
979 3718 1115 3789 quamde
1131 3719 1549 3776 limoterrasiormuvileteni
1571 3722 1747 3792 spiraculum
1764 3721 1829 3778 vitea

71 3805 175 3860 lumen
198 3821 288 3860 unum
305 3806 335 3860 iu
360 3820 417 3860 nua
431 3807 536 3861 virtute
550 3811 580 3861 et
593 3811 732 3877 potestate
746 3804 923 3861 existentes:
978 3805 1139 3878 inspiravit,
1163 3807 1386 3863 misericorditer
1405 3809 1568 3865 recordatus
1589 3813 1641 3864 est.
1660 3809 1829 3874 Quomodo?

72 3893 127 3948 hoc
147 3894 280 3965 estquis
310 3896 393 3948 Pater
416 3895 466 3966 qui
492 3911 605 3950 summa
640 3895 770 3967 agilitas,
796 3894 925 3950 sednon
979 3895 1043 3966 lpse
1064 3895 1198 3950 instruxit
1227 3895 1313 3951 ritem
1340 3896 1370 3951 in
1393 3897 1688 3969 peanitentiamcujus
1703 3897 1830 3953 efficacis

72 3984 136 4038 sine
163 3981 237 4038 Filio
252 3997 303 4036 nec
316 3982 426 4054 Spiritu
439 3987 537 4038 sancto
552 3989 602 4049 est,
618 3988 647 4038 et
670 3983 791 4055 Spiritus
809 3986 925 4037 sanctus
978 3999 1128 4055 nunquam
1156 3985 1278 4055 peribit;
1318 3985 1385 4058 quia
1416 3986 1536 4042 callidus
1570 4003 1688 4059 serpens
1716 3985 1830 4058 decepit

74 4072 125 4142 qni
149 4085 287 4125 accensor
308 4071 437 4125 cordium
460 4070 601 4140 fidelium,
619 4071 669 4126 sed
691 4086 750 4126 nou
764 4070 826 4125 siue
842 4071 925 4124 Patre
979 4071 1127 4127 hominem
1143 4088 1194 4143 par
1214 4073 1367 4144 superbam
1386 4074 1576 4144 invasionem,
1597 4075 1646 4130 sed
1663 4077 1734 4130 lions
1749 4074 1830 4146 deje-

74 4166 102 4215 et
117 4159 203 4228 Filio,
218 4159 349 4215 etl'ilius
365 4159 415 4232 qui
438 4164 481 4214 est
496 4160 645 4232 plenitudo
660 4158 784 4226 virtutis,
800 4159 850 4214 sed
865 4173 925 4213 non
978 4160 1113 4216 citillum
1135 4160 1165 4215 in
1189 4162 1357 4234 penitentia
1377 4179 1442 4236 qum
1472 4163 1665 4220 humilitatem
1691 4163 1828 4232 ostendIt,

72 4250 135 4304 sine
151 4251 236 4304 Patre
257 4253 286 4304 et
297 4249 406 4321 Spiritu
420 4253 531 4317 sancto,
551 4249 581 4303 in
597 4247 744 4318 maJestate
768 4247 925 4303 diviuitatis
978 4264 1066 4319 quam
1092 4249 1223 4304 dlabulns
1244 4251 1363 4305 nesolvit
1387 4267 1440 4306 nec
1459 4250 1545 4320 iecit;
1569 4251 1706 4323 quonlam
1729 4252 1764 4307 ad
1785 4267 1830 4308 re-

74 4337 283 4410 lnseparablles
312 4342 388 4401 sunt,
423 4337 561 4410 quoniam
593 4339 678 4392 Pater
713 4352 773 4391 nou
799 4337 924 4392 estsine
977 4335 1141 4391 ctamviam
1165 4353 1314 4410 assurgere
1343 4339 1495 4412 ignorarit.
1524 4340 1604 4395 Unde
1631 4340 1684 4394 ista
1709 4341 1829 4396 salvatia

73 4427 157 4493 Filio,
181 4441 236 4481 neo
272 4425 359 4481 antus
381 4425 444 4480 sine
467 4426 573 4494 Patre‚'
598 4442 651 4481 neo
677 4428 761 4480 Pater
784 4430 813 4480 et
836 4426 924 4482 l'ilins
978 4425 1126 4504 ulraritatis
1152 4431 1274 4481 nonest
1298 4431 1390 4482 orlaa
1419 4427 1510 4498 nobis,
1535 4429 1603 4500 quia
1626 4444 1679 4484 nec
1693 4428 1828 4485 novimus

72 4516 134 4568 siue
150 4513 260 4585 Spiritu
283 4518 392 4580 sancto,
418 4528 471 4567 nec
498 4511 623 4582 Spiritus
637 4519 751 4568 sanctus
766 4513 827 4568 sine
841 4512 922 4585 ipsis,
977 4529 1031 4570 neo
1048 4514 1190 4570 valuimus
1212 4515 1332 4587 dingere
1355 4516 1446 4572 lieum
1462 4515 1492 4570 iu
1512 4517 1679 4585 salvatione,
1695 4518 1743 4573 sed
1759 4517 1829 4590 quie

71 4608 100 4658 et
114 4602 161 4657 hes
176 4607 234 4657 tres
249 4617 380 4673 personae
398 4603 472 4656 neus
496 4618 569 4657 uuus
584 4602 615 4657 in
640 4619 697 4656 una
713 4603 825 4673 integra
847 4602 924 4657 divi·
977 4603 1040 4675 ipse
1063 4604 1181 4660 Creator
1201 4609 1230 4660 et
1256 4605 1394 4660 Dominus
1420 4604 1550 4660 omnium
1569 4605 1610 4660 ita
1629 4606 1729 4662 dilexit
1746 4621 1829 4662 mnn-

71 4692 163 4746 nitate
187 4690 345 4761 majestatis
373 4690 522 4746 exIstuut:
548 4695 577 4746 et
601 4691 696 4746 unitas
713 4691 874 4748 Divinitatis
893 4692 923 4747 in
978 4691 1049 4746 dnm
1072 4691 1150 4763 quod
1177 4697 1298 4764 propter
1321 4692 1509 4748 salvationem
1532 4693 1594 4763 ejus
1620 4694 1698 4750 misit
1721 4695 1827 4751 Filium

70 4779 183 4835 eisdem
213 4778 304 4834 trihus
337 4779 466 4850 personis
492 4779 691 4851 inseparabilis
720 4779 829 4852 rigens,
855 4779 924 4852 quia
977 4788 1072 4849 suum,
1097 4779 1258 4850 priucipem
1278 4786 1305 4837 et
1328 4781 1504 4837 salvatorem
1525 4781 1665 4853 fidelium,
1690 4783 1741 4856 qui
1763 4787 1826 4841 rul-

72 4869 216 4925 ltirmitas
240 4867 331 4923 scindi
356 4883 415 4922 non
440 4872 543 4939 potest,
568 4868 617 4923 sed
643 4868 705 4940 ipsa
734 4868 842 4941 absque
865 4870 922 4925 nlla
977 4883 1048 4923 nera
1063 4871 1160 4924 nostra
1174 4868 1244 4924 lavit
1264 4872 1293 4924 et
1318 4871 1408 4938 tersit,
1428 4872 1505 4927 unde
1529 4872 1615 4926 etiam
1639 4872 1674 4926 de
1697 4872 1747 4928 illo
1763 4873 1827 4929 dul-

71 4956 267 5012 mutahilitate
287 4955 463 5029 inviolabilis
478 4973 592 5029 semper
606 4962 713 5025 manet,
728 4958 778 5013 sed
792 4967 819 5015 et
840 4959 924 5014 Peter
942 4957 964 5012 l)
979 4956 1093 5012 cissima
1116 4957 1258 5013 mediciua
1283 4958 1405 5026 sudavit,
1427 4974 1462 5014 ex
1481 4958 1650 5031 quaomnia
1671 4959 1748 5015 hona
1771 4963 1826 5017 sal-

70 5046 235 5100 declaratnr
258 5061 312 5116 per
335 5045 451 5113 Filium,
476 5047 563 5100 Filius
583 5062 636 5117 per
659 5051 754 5102 ortum
778 5052 923 5101 ereatura·
976 5044 1101 5100 rationis
1114 5044 1218 5101 iluuut.
1237 5045 1420 5119 Quapropter
1434 5053 1462 5103 et
1476 5051 1517 5117 lu,
1534 5065 1550 5102 u
1566 5048 1663 5117 homo,
1687 5049 1826 5121 intelllge,

73 5152 150 5204 ram,
178 5140 208 5191 et
228 5134 352 5206 Spiritus
381 5140 494 5190 sanetus
516 5151 568 5207 per
590 5135 722 5191 eumdem
749 5135 851 5191 Filium
875 5135 924 5191 in·
978 5133 1047 5208 qula
1076 5136 1165 5190 Deum
1194 5135 1275 5192 nulla
1297 5135 1467 5193 instabilitas
1499 5137 1699 5193 mutabilitatis
1723 5137 1824 5210 tangit.

72 5229 235 5280 carnutum.
264 5223 436 5290 Quomodo?
465 5226 549 5280 Pater
576 5229 619 5280 est
647 5224 697 5297 qui
728 5229 792 5280 ante
821 5225 925 5279 saecnla
977 5223 1048 5278 Nam
1081 5223 1164 5279 Pater
1200 5229 1243 5280 est
1274 5227 1368 5294 Pater,
1398 5225 1486 5282 Filius
1517 5231 1559 5281 est
1581 5225 1677 5296 Filius,
1703 5225 1827 5298 Spiritus
1873 5278 1883 5296 ,

71 5312 174 5386 gennit
212 5311 332 5383 Filium;
369 5310 468 5380 iilius,
489 5328 542 5384 per
569 5328 656 5384 quem
678 5312 777 5368 omnia
799 5329 816 5367 a
840 5315 923 5369 Patre
978 5316 1093 5368 sanctus
1116 5317 1159 5369 est
1176 5312 1300 5385 Spisitus
1322 5318 1459 5370 sanetus:
1484 5319 1542 5370 tres
1563 5331 1694 5387 persone
1718 5315 1749 5371 in
1764 5316 1828 5371 uni·

69 5401 145 5455 tarta
169 5404 239 5455 sunt
272 5399 302 5455 in
335 5400 418 5456 initio
443 5405 649 5470 creaturarum,
672 5406 699 5456 et
714 5399 837 5473 Spiritus
861 5418 925 5458 san·
978 5403 1036 5456 tate
1066 5399 1223 5458 divinitatis
1252 5401 1465 5459 Indivisibiliter
1495 5401 1633 5476 rigentes.
1656 5403 1826 5468 Quomodo?

66 5489 140 5556 ctus,
156 5484 211 5558 qui
230 5485 263 5541 in
289 5486 384 5558 specie
407 5487 548 5545 alambra
557 5488 693 5562 apparuit
705 5487 736 5545 in
749 5487 923 5562 baptismate
977 5489 1047 5546 Tres
1062 5487 1137 5547 vires
1154 5489 1186 5546 in
1208 5489 1314 5564 lapide,
1336 5494 1366 5548 et
1380 5493 1438 5546 tros
1454 5489 1486 5548 in
1507 5491 1666 5564 flammam,
1682 5496 1710 5551 et
1725 5491 1827 5551 tresin
