3984 6034
175 172 245 228 l008
897 170 927 226 S.
947 169 1184 227 nttnsscaunts
1854 166 1930 221 tuot

169 301 325 361 voluntatis
338 316 411 358 mare
429 299 506 369 misi,
526 298 634 372 judicia
655 300 806 373 potestatis
828 316 899 357 mare
924 301 955 357 in
970 317 1016 357 ru·
1034 304 1058 359 Α
1073 302 1124 358 liei
1144 301 1233 357 Filius
1249 316 1334 356 carne
1349 299 1384 356 de
1405 299 1524 356 homine
1546 303 1672 373 sumpta,
1687 315 1775 373 quam
1791 300 1852 355 lieo
1870 300 1932 355 Pa-

168 394 268 450 bcram
281 390 401 463 justitias
415 390 604 460 transierunt,
617 390 685 463 qaia
699 389 786 445 etiam
800 393 865 463 past
878 389 1020 447 diluvium
1075 392 1112 447 tri
1128 406 1180 463 pro
1201 390 1264 461 ipso
1290 388 1408 444 otlerret
1430 388 1548 444 indutus
1570 394 1622 443 ast.
1644 388 1731 445 Filius
1758 388 1859 460 itaque
1876 388 1932 443 liei
1975 448 1976 465 χ

169 498 223 554 per
247 480 374 537 diversas
401 482 500 535 aetates
528 478 640 535 dierum
671 478 804 535 homines
830 478 862 535 in
885 478 1022 550 operibus
1075 480 1106 535 in
1132 478 1273 535 mundum
1293 477 1421 545 veniens,
1445 493 1549 550 puram
1573 482 1602 533 et
1622 477 1746 533 lucidam
1761 477 1931 533 doctrinam
1975 470 1976 503 ³

171 571 230 627 suis
244 570 388 640 fulgurem
410 568 522 623 timoris
544 567 602 623 mei
626 566 819 640 arripuerunt.
840 569 912 624 Nam
927 566 1022 623 aediil-
1075 567 1240 624 hominibus
1262 566 1421 639 proposuit,
1447 571 1476 621 et
1490 566 1588 622 omnia
1610 582 1677 640 quae
1691 566 1832 637 predicta
1859 572 1931 621 suut

170 659 243 715 catio
257 657 376 730 justitia
395 657 426 712 in
445 657 504 713 Noe
519 656 656 725 surrexit,
673 656 852 713 circumcisio
873 657 905 712 in
930 656 1021 713 Abra·
1074 656 1263 727 perlustrans,
1279 670 1311 709 aa
1326 658 1357 709 in
1371 654 1461 710 alium
1476 655 1593 710 modum
1616 654 1802 727 permutavit,
1834 654 1877 708 ita
1901 659 1931 707 ut

170 749 251 819 hem,
273 745 374 819 legalis
402 745 562 817 propositio
584 745 616 800 in
642 746 747 817 lloyse,
772 746 927 818 prophetia
952 760 1021 799 vero
1075 745 1153 800 idola
1180 743 1210 799 in
1236 743 1328 799 Deum
1354 743 1460 811 vivum,
1490 748 1518 798 et
1533 743 1686 815 prophetia
1709 743 1739 797 in
1763 742 1929 812 spiritalem

171 838 203 894 in
217 835 377 909 prophetis,
400 834 512 906 istaque
537 832 634 888 omnia
657 833 851 890 idololatriam
875 847 1022 905 compres·
1076 833 1151 889 viam
1167 848 1304 887 conversa
1319 830 1387 899 sint,
1405 831 1541 904 quonism
1564 832 1638 887 sicut
1652 832 1773 887 verbum
1796 830 1929 886 hominis

172 928 283 993 serunt,
302 924 382 978 valet
405 922 467 977 diae
489 925 603 977 noctem
628 921 717 993 fugat,
743 920 775 975 in
796 921 901 993 quibus
924 922 1023 978 omnia
1075 922 1106 977 in
1130 920 1321 993 inspiratione
1343 920 1461 993 spiritus
1480 920 1542 992 ejus
1565 920 1718 987 emittitur,
1741 920 1837 974 itaet
1861 920 1928 973 Uni-

172 1017 307 1086 tempoha
336 1015 466 1079 currunt,
493 1010 737 1083 quemadmodum
761 1026 849 1081 opera
871 1010 1023 1067 hominum
1076 1012 1191 1084 genitus
1206 1011 1255 1067 liei
1278 1012 1312 1067 de
1331 1012 1415 1067 Patra
1439 1011 1470 1066 in
1491 1011 1587 1066 aulam
1610 1010 1734 1082 Virginis
1755 1010 1874 1075 missus,
1900 1014 1928 1063 et

172 1102 205 1157 in
219 1098 387 1156 hominibus
401 1104 548 1171 apparant
569 1098 641 1153 Cum
663 1102 761 1154 autem
783 1098 882 1154 omnia
904 1098 966 1154 hoec
987 1098 1022 1153 ad
1076 1101 1110 1157 de
1133 1100 1239 1173 Spiritu
1263 1103 1360 1155 sancto
1388 1104 1542 1171 conceptus
1569 1104 1621 1155 est.
1651 1101 1744 1171 Atque
1772 1098 1813 1153 sic
1842 1114 1927 1153 carne

173 1205 307 1246 occasum
332 1188 497 1256 tenderent,
517 1188 598 1243 uelut
618 1202 684 1243 cum
707 1186 749 1243 sol
773 1187 886 1251 occidit,
912 1191 1022 1243 etcum
1076 1192 1220 1261 assumpta
1235 1205 1269 1245 ar
1285 1188 1385 1244 eedem
1411 1189 1528 1260 Virgine
1551 1192 1646 1257 natus,
1661 1187 1759 1243 omnia
1779 1188 1927 1259 praeterite

173 1280 214 1335 sic
236 1278 363 1351 populns
404 1277 570 1348 generanda
604 1274 783 1348 procederat,
813 1276 1021 1348 planitudinem
1077 1281 1105 1333 st
1122 1277 1220 1333 futura
1246 1275 1501 1349 persemetipsum
1524 1274 1726 1343 manifestavit,
1749 1279 1779 1330 et
1801 1290 1927 1347 quaeque

173 1366 288 1424 numeri
316 1366 394 1422 illius
421 1364 543 1437 inspexi,
576 1364 611 1420 da
649 1380 708 1436 quc
736 1364 926 1436 inspiratione
957 1380 1024 1419 mae
1076 1372 1191 1423 narrata
1206 1370 1234 1421 et
1257 1365 1355 1421 audita
1378 1365 1530 1421 hominum
1545 1369 1626 1436 gesta
1649 1363 1679 1418 in
1709 1363 1830 1421 meliora
1855 1379 1928 1418 can-

174 1455 399 1528 scriptumest:
675 1466 679 1477 ·
1076 1456 1172 1523 vertit,
1201 1454 1316 1510 inutilia
1350 1452 1457 1509 scilicet
1484 1452 1619 1521 dolendo,
1646 1451 1783 1525 utiliaque
1811 1467 1927 1507 conser-

179 1544 275 1601 Verba
290 1543 376 1599 Pauli
397 1543 434 1598 de
447 1539 627 1615 plenitudine
646 1541 794 1613 temporis,
817 1540 848 1597 ia
865 1558 922 1613 quo
941 1539 1023 1596 misit
1076 1544 1185 1611 rando;
1206 1541 1450 1615 quemadmodum
1466 1542 1497 1597 in
1512 1540 1640 1597 exercitu
1670 1541 1813 1597 bonorum
1839 1555 1926 1610 enge-

210 1616 289 1671 DW
303 1614 412 1669 filium
433 1613 648 1682 ⁸¹⁴²⁴ms⁰⁶fflm
667 1613 848 1677 muliere»
866 1613 919 1684 qui
939 1612 1021 1694 etin
1041 1598 1170 1689 Blorum
1194 1630 1270 1699 iecit,
1293 1647 1366 1702 quos
1402 1635 1467 1703 post
1504 1630 1620 1685 ruinam
1653 1630 1834 1701 perditorum
1859 1628 1924 1699 plus

208 1682 808 1827 gminagglv'zyffffisscrlssaaefuioess
820 1688 1024 1822 ''mat-²0²2
1077 1720 1250 1777 clarificavit.
1268 1720 1338 1775 Nam
1354 1718 1617 1774 antauativitatam
1639 1719 1702 1790 ejus
1725 1718 1823 1773 omnia
1847 1716 1924 1771 velut

209 1843 230 1882 α
282 1827 405 1883 totamm
427 1826 473 1881 vel
498 1824 703 1896 maqbtrarum
722 1824 861 1881 Ecclesia
884 1825 1023 1880 munaum
1076 1809 1107 1865 in
1121 1808 1246 1865 tenebris
1261 1813 1352 1874 arant,
1369 1823 1433 1878 quae
1452 1813 1517 1879 post
1531 1810 1709 1880 assumptam
1723 1806 1924 1862 carnamsicut

212 1897 224 1953 i
237 1900 364 1953 lustrans
377 1894 514 1954 omnium
523 1893 783 1952 meliusconoertit.
1077 1897 1121 1952 sal
1136 1896 1320 1963 illuminavit,
1335 1895 1404 1967 quia
1427 1896 1488 1967 ipsa
1510 1895 1557 1951 lex
1585 1894 1640 1951 ruit
1654 1910 1718 1950 eam
1739 1894 1923 1965 complendo,

210 1986 257 2042 Vl.
286 2007 299 2037 ι
328 1986 382 2042 Ubi
408 1985 489 2042 venit
516 1984 666 2055 plenitudo
688 1984 828 2056 temporis
845 1983 925 2040 misit
948 1986 1024 2041 neus
1077 1991 1106 2041 at
1117 1986 1148 2040 in
1161 1985 1192 2041 id
1207 1986 1283 2058 quod
1297 1984 1401 2040 melius
1416 1989 1477 2040 arat
1491 1982 1694 2054 convertendo,
1714 1983 1924 2055 preceptisque

177 2072 282 2129 Filium
296 2089 380 2129 suum
398 2073 506 2129 iactum
530 2088 564 2128 ex
585 2073 716 2139 muliere,
741 2073 847 2128 lactum
871 2073 924 2128 sub
947 2073 1023 2143 laga,
1078 2074 1170 2131 Patris
1183 2072 1411 2142 sniobediendo,
1429 2072 1506 2145 quod
1530 2073 1622 2129 Adam
1636 2074 1730 2129 lacera
1751 2072 1924 2144 neglexerat.

178 2167 210 2218 nt
222 2162 333 2234 eosqui
349 2161 400 2216 sub
420 2161 483 2233 lega
498 2164 582 2216 arant
599 2161 763 2227 redimerat,
786 2166 818 2217 ut
838 2160 1024 2233 adoptionem
1078 2165 1110 2220 ln
1126 2163 1228 2220 eodem
1244 2179 1358 2235 quoque
1371 2162 1442 2218 Filio
1459 2161 1510 2218 liei
1523 2161 1634 2235 justitia
1648 2167 1678 2217 et
1695 2177 1749 2233 pax
1764 2161 1925 2231 conjuncta

177 2249 302 2305 filiorum
329 2248 523 2320 reciperemus
549 2248 655 2315 (Galat.
685 2247 733 2319 rr).
759 2248 881 2319 »liujus
908 2251 1024 2304 santan-
1078 2258 1159 2323 suat;
1176 2258 1263 2326 atque
1277 2250 1439 2323 injustitia,
1457 2251 1493 2307 de
1508 2266 1566 2323 qua
1584 2250 1711 2307 mundus
1732 2265 1799 2306 cum
1822 2265 1927 2320 spuma

176 2336 224 2391 tiae
251 2336 411 2392 intellectus
432 2336 486 2392 hoc
511 2336 598 2391 modo
625 2334 808 2407 accipiendus
841 2340 884 2391 est
912 2351 921 2391 ε
951 2336 1025 2392 [leus
1078 2340 1219 2411 serpentis
1243 2339 1273 2395 in
1298 2338 1419 2409 peccatis
1439 2338 1605 2394 obscuratus
1628 2342 1737 2409 astper
1758 2335 1926 2391 hnmanita-

176 2426 267 2490 Pater,
289 2426 339 2497 qui
353 2428 430 2480 caret
453 2424 537 2480 initio
557 2428 586 2481 et
609 2423 677 2488 fine,
693 2424 724 2479 in
748 2424 927 2496 plenitudine
950 2429 1024 2481 tem·
1078 2435 1137 2485 tam
1160 2429 1239 2484 illius
1261 2444 1434 2500 compressa,
1460 2433 1512 2495 est,
1537 2426 1676 2499 quoniam
1699 2426 1760 2498 ipsa
1781 2425 1931 2497 preliator

174 2513 254 2585 poris
277 2512 312 2568 ab
337 2516 444 2569 aeterno
459 2511 656 2591 praeordinati,
679 2512 781 2568 Filium
796 2529 880 2569 suam
903 2528 958 2585 pro
982 2528 1025 2569 re·
1079 2516 1268 2588 cumjuatitie
1283 2522 1312 2572 et
1332 2531 1402 2587 paee
1416 2515 1565 2587 injustitie
1580 2514 1695 2579 resistit,
1720 2514 1833 2586 justitia
1856 2512 1931 2567 scili·

174 2602 343 2674 demptione
358 2601 466 2673 perditi
481 2601 607 2658 hominis
629 2603 664 2657 ad
679 2606 771 2657 terras
786 2602 864 2671 misit
884 2602 975 2675 signis
997 2605 1028 2657 et
1079 2616 1124 2663 eet
1139 2622 1205 2678 quoe
1220 2604 1326 2661 divinis
1339 2605 1491 2677 praeceptis
1511 2602 1687 2659 circumdata
1710 2608 1763 2671 est,
1782 2616 1853 2675 pace
1878 2617 1928 2657 an-

175 2690 322 2746 miraculis
349 2690 574 2763 quamplurimis
595 2690 824 2762 praefiguratum.
844 2689 926 2756 Quod
952 2692 1026 2747 bene
1079 2696 1137 2748 tem
1158 2706 1223 2763 quae
1243 2690 1335 2762 gratia
1351 2690 1402 2746 nei
1416 2688 1528 2745 harnini
1543 2693 1679 2761 parcente
1694 2687 1808 2743 munita
1821 2686 1928 2753 existit,

176 2794 229 2850 par
249 2794 345 2833 arcam
370 2779 431 2833 Noa
449 2778 534 2834 nobis
560 2778 707 2834 insinuare
735 2778 856 2835 videtur.
879 2778 1027 2851 Significat
1080 2784 1166 2850 atque
1186 2781 1291 2835 electos
1319 2794 1385 2833 suos
1405 2778 1435 2833 in
1464 2778 1653 2833 similitudine
1677 2776 1737 2844 illa,
1765 2790 1823 2847 qua
1849 2774 1927 2829 beati

175 2866 253 2923 enim
281 2866 435 2923 Ecclesiam
466 2866 497 2921 in
527 2867 663 2937 praesenti
700 2868 805 2923 secolo
830 2868 1023 2923 tentationum
1044 2866 1176 2947 cangeli
1193 2883 1258 2922 cnm
1274 2868 1331 2922 [lac
1346 2864 1580 2938 perstiteruntad
1595 2880 1624 2920 se
1643 2864 1766 2937 collegit.
1783 2862 1838 2928 Qui
1862 2878 1926 2918 cum

174 2955 321 3012 variarum
345 2955 519 3026 impulsibus
540 2955 741 3025 fluctuantem,
768 2972 855 3028 quam
879 2955 951 3011 Filio
973 2972 1024 3012 suo
1078 2955 1108 3011 in
1133 2955 1218 3011 coelos
1244 2954 1434 3027 corporaliter
1459 2954 1636 3022 ascenderat,
1659 2952 1783 3024 Spiritus
1811 2956 1926 3006 sanctus

176 3060 253 3100 nunc
265 3044 296 3099 in
311 3043 551 3099 restaurationem
567 3043 694 3100 liliorum
711 3044 774 3115 ejas
793 3060 846 3117 per
868 3044 937 3099 fidei
959 3061 1025 3117 gra·
1078 3042 1172 3115 igneis
1188 3043 1294 3115 linguis
1318 3043 1358 3099 ita
1386 3042 1525 3111 accendit,
1543 3046 1575 3097 ut
1600 3042 1632 3097 in
1658 3038 1789 3097 interiori
1809 3038 1924 3095 scientia

174 3132 246 3186 tiam
259 3131 416 3203 conjunxit.
434 3131 504 3196 Quae
519 3130 609 3186 atiam
626 3131 656 3187 in
672 3132 778 3187 uertice
797 3132 941 3188 montium
956 3148 1024 3188 con·
1078 3131 1118 3187 sic
1133 3132 1386 3205 perlustrarentur,
1412 3134 1445 3188 ut
1472 3130 1559 3187 etiam
1587 3130 1657 3186 alias
1686 3130 1742 3185 hoc
1760 3127 1849 3184 modo
1873 3126 1924 3182 sibi

175 3221 273 3275 stituta
298 3219 348 3273 liei
378 3218 586 3290 omnipotentis
616 3219 806 3275 aeternitatem
828 3221 953 3292 ligurara
976 3235 1026 3292 po-
1078 3221 1297 3292 conjungerent,
1322 3224 1465 3293 quatenus
1478 3218 1535 3292 ipsi
1558 3217 1773 3292 quamplurima
1792 3214 1926 3272 miracala

174 3312 241 3373 test,
268 3307 319 3379 qui
342 3322 443 3362 omnes
473 3309 618 3363 creaturas
642 3311 798 3380 antequam
821 3308 925 3364 tierent
953 3308 1025 3365 tales
1078 3312 1108 3365 et
1132 3310 1216 3381 signa
1236 3309 1372 3377 iacerent,
1397 3308 1536 3365 catholica
1549 3307 1606 3364 flde
1632 3306 1768 3375 decorati,
1793 3308 1822 3361 et
1844 3304 1926 3361 bonis

173 3394 262 3466 longa
276 3398 342 3449 anta
355 3392 538 3465 praeviderat,
562 3394 661 3466 quales
681 3394 712 3448 iu
733 3396 869 3466 prasenti
891 3412 944 3468 per
961 3412 1025 3453 uer·
1079 3398 1214 3469 operibus
1233 3397 1412 3454 sanctificati.
1429 3396 1475 3453 Sic
1490 3396 1619 3453 doctrina
1645 3396 1708 3451 Filii
1731 3395 1782 3451 Dei
1801 3396 1924 3449 multum

174 3482 245 3539 bum
270 3498 355 3538 suum
382 3482 517 3538 distincta
549 3498 603 3555 per
629 3483 739 3555 species
772 3500 838 3540 suas
874 3490 1023 3558 apparent.
1078 3486 1203 3543 fructum
1223 3487 1356 3557 afferens,
1379 3489 1407 3542 et
1432 3486 1467 3543 de
1489 3485 1593 3543 virtute
1617 3484 1647 3539 in
1670 3484 1807 3540 virtutem
1828 3498 1927 3538 escen·

175 3570 303 3629 Caelestis
319 3571 405 3627 ctiam
422 3570 471 3626 ille
494 3571 604 3640 ciritae,
631 3587 696 3645 quas
721 3572 771 3628 liei
794 3572 920 3629 liliorum
942 3573 1026 3629 habi·
1078 3575 1149 3631 dans
1167 3573 1198 3631 in
1213 3574 1340 3646 puritate
1361 3574 1515 3645 processit;
1536 3573 1737 3646 plurimusque
1756 3572 1883 3645 populus
1899 3572 1927 3626 in

174 3662 303 3717 taculum
329 3666 382 3727 est,
407 3676 494 3732 opere
522 3660 626 3716 turrim
657 3661 871 3733 elegantissimo
894 3666 1025 3719 constru·
1078 3665 1142 3720 luce
1169 3664 1236 3719 ildei
1257 3664 1370 3735 fulgens
1391 3663 1417 3718 ei
1442 3678 1472 3719 se
1490 3662 1626 3728 subdidit,
1649 3662 1689 3717 ite
1712 3665 1745 3717 ut
1768 3660 1855 3716 multi
1881 3661 1929 3733 qui

174 3756 249 3806 ctam
260 3749 379 3822 proiert,
390 3748 532 3822 peronius
547 3754 681 3806 ornatum
692 3751 922 3822 pulcherrimum
931 3752 1025 3807 Abra·
1078 3769 1131 3825 per
1149 3753 1322 3809 oblivionem
1342 3756 1371 3808 et
1388 3751 1586 3807 infidelitatem
1606 3750 1637 3805 in
1651 3766 1717 3805 casu
1742 3750 1810 3805 lidae
1835 3750 1930 3805 obnu-

163 3837 219 3895 'hoe
231 3854 343 3893 summe
358 3838 453 3895 tidelis
472 3838 634 3895 obedientia
648 3838 836 3911 significatur,
853 3841 903 3895 liei
919 3839 1024 3897 Filium
1078 3840 1160 3898 bileti
1177 3845 1270 3911 erant,
1286 3856 1352 3896 cum
1372 3854 1439 3897 vera
1455 3840 1510 3896 lide
1530 3844 1558 3894 et
1580 3838 1766 3895 sanctissimis
1790 3838 1929 3909 operibus

174 3927 268 3995 nobis,
283 3932 312 3982 at
326 3927 441 3983 infinita
455 3927 663 3985 miraculorum
683 3929 745 4001 ejus
768 3929 894 4001 insignis
916 3946 1024 4003 reprae-
1079 3930 1213 3986 elucidati
1232 3930 1298 3986 sint.
1317 3931 1351 3986 Et
1365 3944 1481 3985 necasse
1495 3928 1550 3983 luit
1574 3933 1607 3984 ut
1632 3927 1719 3983 Filius
1735 3926 1785 3981 llai
1814 3927 1845 3981 in
1874 3927 1929 3983 line

175 4020 276 4073 sentat
299 4016 499 4088 Lernamque
523 4016 590 4073 deta
615 4032 667 4089 per
691 4019 806 4089 lloysen
831 4018 1024 4075 obedientiam
1078 4023 1242 4089 temporum
1253 4016 1373 4087 venirat,
1388 4018 1458 4089 quia
1471 4016 1608 4089 antiquus
1620 4032 1739 4089 serpens
1753 4016 1925 4086 deceptione

174 4104 349 4159 indefessam
371 4104 536 4176 postolavit,
560 4105 622 4161 sine
647 4123 705 4178 qua
728 4107 808 4163 nullo
832 4108 928 4176 modo,
951 4108 1025 4163 sicut
1078 4110 1107 4162 et
1120 4106 1254 4163 irrisione
1282 4122 1315 4162 ac
1338 4105 1517 4179 blasphemia
1544 4111 1637 4162 totum
1660 4105 1808 4161 honinem
1835 4106 1929 4161 riola-

175 4208 228 4249 nac
257 4192 360 4248 domm
385 4192 493 4265 absque
517 4194 677 4263 colummis,
705 4195 810 4267 quibus
835 4198 1022 4265 sustentetur,
1041 4181 1064 4235 Ῑ)
1080 4196 1168 4249 reret.
1183 4192 1237 4249 Sed
1254 4196 1284 4249 et
1305 4194 1359 4249 hoc
1374 4208 1490 4249 necessa
1509 4198 1579 4261 arat,
1605 4196 1638 4247 ut
1651 4190 1805 4264 presentia
1820 4190 1927 4246 buma-

176 4298 230 4337 nec
253 4281 341 4337 homo
357 4280 418 4336 sina
442 4282 538 4350 corde,
564 4299 623 4355 quo
644 4288 772 4355 regatur,
797 4285 906 4341 valeret
926 4283 1024 4340 subsi·
1079 4280 1177 4338 nitatis
1204 4280 1332 4354 corporis
1347 4282 1477 4353 ejusdem
1500 4279 1647 4353 Unigeniti
1669 4280 1721 4336 liei
1743 4294 1817 4351 opus
1842 4291 1926 4332 suum

176 4374 260 4426 stare.
284 4368 454 4425 obedientia
479 4369 586 4426 etenim
609 4372 727 4444 quidam
750 4372 827 4445 ignis
853 4377 906 4441 est,
929 4376 958 4428 et
980 4373 1024 4428 lex
1079 4375 1258 4443 operaretur,
1284 4370 1362 4443 qnod
1386 4370 1500 4443 operari
1524 4367 1643 4441 incoepit
1661 4383 1714 4441 per
1731 4382 1864 4423 summos
1891 4381 1926 4418 re·

175 4459 312 4532 splendor
335 4458 398 4529 ejus
425 4463 478 4514 ast.
506 4460 541 4515 Et
567 4459 641 4516 sicut
672 4460 818 4517 Abraham
845 4462 880 4516 ad
908 4460 1024 4517 liomini
1079 4464 1172 4515 ctores
1191 4459 1344 4517 Ecclesiam
1365 4466 1508 4531 regentes,
1531 4463 1560 4515 at
1582 4474 1635 4531 per
1659 4458 1731 4513 alios
1750 4454 1847 4512 eidam
1874 4456 1926 4511 Ec·

174 4551 354 4620 preceptum
382 4547 500 4603 domum
527 4564 610 4604 susm
636 4549 819 4621 patriamque
846 4550 1024 4622 relinquens,
1079 4548 1173 4604 clasioe
1188 4548 1333 4621 prelatos,
1350 4554 1378 4604 at
1400 4547 1503 4605 deinde
1518 4564 1584 4603 cum
1602 4546 1799 4603 sacerdotibus
1813 4560 1926 4600 eomm-

174 4636 286 4708 primus
309 4651 361 4707 per
386 4635 634 4692 circumcisionem
649 4636 816 4694 immutatus
837 4643 895 4706 est;
918 4638 958 4693 sic
974 4637 1024 4693 liei
1080 4654 1137 4711 que
1157 4636 1289 4708 subditis,
1310 4641 1395 4711 atque
1416 4653 1482 4693 cum
1505 4636 1633 4694 eremitis
1661 4635 1826 4708 virgineum
1853 4634 1926 4689 crdi-

176 4723 264 4778 Fllius
283 4724 392 4796 absque
418 4724 499 4779 omni
521 4724 695 4797 cogitatione
722 4726 882 4798 sanguinis,
902 4743 937 4782 ax
953 4726 1026 4783 inta-
1079 4742 1147 4783 nem
1161 4725 1344 4796 habentibus,
1361 4730 1390 4781 et
1410 4742 1476 4782 cum
1496 4725 1556 4781 acie
1576 4724 1749 4797 spiritalium
1762 4722 1925 4787 hominum,

174 4810 302 4882 garrima
321 4811 438 4883 Virgine
467 4812 557 4868 saneti
586 4812 708 4883 Spiritus
733 4812 801 4885 igne
822 4818 978 4886 concaptus
998 4818 1026 4870 at
1079 4816 1131 4890 qui
1155 4815 1315 4873 secundum
1337 4815 1496 4887 angelicam
1511 4815 1691 4883 aciamsunt,
1717 4818 1746 4869 at
1768 4813 1819 4885 qui
1839 4812 1924 4867 eham

174 4899 289 4970 genitus
302 4899 397 4971 legem
411 4900 589 4972 parbloysan
603 4902 700 4958 datam
710 4902 741 4957 in
753 4903 904 4959 meliorem
919 4908 1025 4959 statum
1079 4902 1191 4977 intuba
1206 4905 1324 4961 laudum
1341 4903 1500 4960 secundum
1521 4902 1680 4975 angelicam
1694 4900 1809 4958 laudem
1836 4902 1924 4955 lleum

174 5002 227 5058 per
241 4988 430 5060 semetipsum
443 4988 611 5061 spiritaliter
626 4990 774 5047 convertit.
797 4992 874 5057 Quos
897 4993 975 5049 enim
989 4993 1025 5049 de
1079 4994 1187 5061 colunt,
1215 4996 1244 5049 et
1268 5009 1332 5049 cum
1360 4991 1578 5065 penitentibus,
1605 4992 1656 5065 qui
1683 5006 1736 5064 per
1768 4990 1925 5045 imitatores

173 5081 359 5147 peccatorum
374 5078 513 5149 sanguina
527 5083 691 5149 procreatos
705 5079 864 5136 hostiarum
887 5082 1025 5153 legalium
1080 5082 1179 5140 balad
1193 5081 1291 5155 ipsum
1313 5082 1447 5150 clamant,
1463 5087 1549 5154 atqua
1563 5098 1629 5138 cum
1647 5081 1729 5138 bonis
1752 5079 1925 5150 conjugatis,

173 5164 292 5238 sanguis
319 5166 443 5222 liberare
470 5165 611 5239 nequivit,
634 5166 755 5223 decebat
781 5167 945 5225 conditoris
980 5168 1026 5225 sui
1079 5170 1282 5242 magistrorum
1312 5184 1431 5225 suorum
1465 5166 1615 5241 preceptis
1651 5166 1865 5235 obedientibus,
1898 5170 1925 5221 et

174 5253 367 5324 clementiam,
393 5258 426 5311 ut
454 5254 499 5311 sui
525 5255 676 5327 sanguinis
704 5256 899 5314 inestimabili
932 5258 1025 5331 pretio
1079 5272 1145 5313 cum
1171 5255 1397 5323 continentibus,
1419 5254 1469 5328 qai
1492 5272 1522 5312 se
1540 5254 1620 5328 ipsos
1640 5254 1823 5327 repudiantes
1844 5268 1926 5309 mun·

175 5342 598 5414 solusipseacsliberaret.1it
621 5344 700 5401 velut
721 5344 810 5401 homa
835 5345 871 5403 de
894 5353 1026 5404 creatura
1079 5346 1148 5403 dum
1176 5345 1356 5419 relinquunt.
1389 5344 1435 5401 Sic
1460 5344 1538 5401 enim
1562 5344 1649 5400 Filius
1675 5343 1726 5400 liei
1745 5358 1761 5399 a
1780 5342 1925 5414 regalibus

175 5428 229 5485 sibi
248 5445 382 5487 concessa
403 5433 463 5487 lieo
484 5431 657 5489 sacrificium
678 5432 781 5490 ollarre
803 5434 962 5504 consuerit,
984 5435 1025 5491 sic
1079 5435 1194 5493 sedibus
1210 5438 1347 5508 operatus
1365 5438 1417 5504 eat,
1435 5439 1464 5491 et
1478 5439 1512 5491 ut
1535 5448 1602 5490 cum
1621 5432 1774 5505 presentia
1796 5432 1925 5507 corporis
