3984 6034
127 198 180 251 atu
447 196 551 253 bruun
570 195 726 254 ulvlnon.
747 196 850 255 OPER.
873 197 1044 257 sturmus
1062 200 1253 258 naumis·
1266 200 1356 259 PARS
1374 203 1398 271 Ι,
1419 202 1508 261 VISIO
1527 206 1571 261 tv,
1820 210 1873 264 att

123 348 189 405 quaa
205 332 297 405 primu
311 330 424 405 perdito
449 333 551 403 angelo
573 332 702 401 aderant,
718 333 747 389 in
772 333 883 405 fulgora
908 350 971 389 om·
990 338 1056 390 Aet
1069 334 1208 392 nominat.
1225 337 1299 392 Dens
1317 337 1395 393 caim
1415 338 1564 397 homiaem
1587 340 1732 410 formarit,
1748 358 1873 415 eumque

123 423 205 478 nium
229 427 465 477 ornamentorum
489 422 550 493 eius
577 421 767 494 resplenduit,
792 423 972 479 otmundus
1025 439 1092 479 cnm
1108 424 1215 481 virenti
1238 426 1406 497 spiramina,
1423 428 1499 500 qnod
1519 429 1616 484 anima
1635 440 1685 497 est,
1709 431 1873 500 vivificavit,

121 527 174 583 per
195 512 288 567 lacem
309 510 477 567 illustratur.
503 514 540 565 nt
562 526 629 565 com
661 510 709 566 ille
739 510 828 565 sensit
850 511 918 583 quia
941 512 971 567 in
1026 528 1111 567 carne
1139 530 1253 587 qnoque
1286 520 1315 570 et
1338 516 1478 587 sanguine
1512 519 1685 590 coagulavit,
1708 524 1736 576 et
1763 520 1874 577 ossibus

122 599 202 655 omni
218 602 321 657 ornatu
335 615 387 655 suo
403 600 462 655 Deo
483 599 590 655 servire
612 599 738 668 deberet,
758 600 795 654 ab
819 614 916 654 amore
929 599 972 670 ip·
1025 616 1201 672 exaggerans
1215 602 1350 669 firmarit,
1366 604 1607 675 quemadmodum
1624 610 1702 662 terra
1724 622 1778 679 per
1798 608 1871 680 lapi-

121 688 182 744 sius
207 689 332 754 secessit,
361 692 448 759 etque
476 688 507 742 ia
530 688 663 743 tenebras
686 688 820 754 tetendit,
847 692 877 744 et
895 687 971 742 intra
1027 688 1076 744 des
1101 690 1214 746 sarmata
1233 695 1285 758 est,
1302 692 1371 764 quia
1385 693 1459 747 sicut
1479 696 1554 748 terra
1574 694 1636 749 sins
1650 695 1795 767 lapidibus
1813 712 1873 751 nun

121 792 152 832 se
167 776 261 833 dixit:
278 776 365 831 Valde
377 775 535 847 gloriosum
552 775 623 831 milri
638 780 680 830 est
691 780 748 829 nta
764 790 810 831 ms
825 776 888 847 ipso
903 791 971 848 ope·
1024 780 1077 839 cst,
1094 776 1134 831 ita
1147 792 1201 832 nec
1224 777 1311 833 bomo
1335 778 1397 834 sine
1420 779 1531 836 ossibus
1548 796 1609 835 esse
1636 786 1741 852 posset.
1765 783 1873 839 Firma·

122 882 178 932 rer,
204 869 233 921 et
259 880 346 937 opera
368 864 480 933 faciem,
511 864 735 936 quemamodum
760 864 850 920 ileum
876 864 970 920 facere
1024 869 1153 920 mentam
1177 866 1276 934 etiam,
1299 867 1399 936 solem,
1422 868 1523 925 lunam
1544 873 1574 925 et
1594 870 1689 925 stellas
1707 870 1870 943 obsquale-

120 954 213 1010 rideo.
228 954 281 1008 Cui
297 953 390 1008 omnis
405 952 557 1009 comitatus
571 952 663 1023 ipsius
682 951 827 1009 consensit
850 952 968 1010 dicens:
1024 969 1123 1010 corum
1142 971 1260 1011 suornm
1284 956 1549 1026 constitutionibus,
1577 957 1609 1013 in
1628 960 1734 1030 quibus
1754 975 1868 1015 eorsum

119 1043 266 1098 'firtonum
288 1039 403 1098 Domini
422 1040 512 1095 nostri
528 1041 563 1097 ad
586 1041 753 1113 aquilonem
773 1047 873 1097 contra
888 1042 970 1097 Altis·
1023 1059 1109 1099 snam
1127 1049 1271 1115 peragant
1293 1061 1351 1101 non
1371 1045 1467 1116 babet,
1487 1046 1625 1118 qnoniam
1642 1048 1872 1103 constellationes

120 1130 227 1186 simum
248 1146 401 1202 ponemus.
425 1133 518 1202 Atque
537 1130 613 1185 intra
625 1145 657 1184 se
671 1128 876 1196 deliberabant,
893 1129 969 1202 quod
1023 1131 1086 1187 istm
1107 1131 1170 1187 sine
1186 1132 1385 1205 designatione
1399 1134 1530 1190 locorum
1544 1150 1664 1191 suornm
1687 1151 1871 1209 nequaquam

120 1234 185 1275 cum
207 1218 349 1275 ministris
369 1217 420 1275 Dei
444 1234 572 1273 errorem
597 1222 626 1274 et
645 1218 768 1274 schisma
791 1234 906 1290 semper
927 1218 969 1273 fa·
1024 1222 1133 1277 tlrmari
1146 1226 1275 1293 possent,
1291 1223 1369 1279 unde
1390 1223 1488 1280 omnia
1501 1240 1602 1279 eorum
1618 1225 1681 1281 loca
1698 1230 1775 1281 recta
1789 1240 1871 1281 men·

119 1324 184 1363 cere
197 1308 313 1375 vellent,
329 1307 397 1379 quia
415 1306 549 1363 dominus
569 1307 697 1379 ipsorum
712 1311 800 1363 tantus
820 1306 967 1379 potantia,
1023 1326 1090 1367 sora
1109 1311 1264 1367 constituta
1287 1318 1363 1380 sunt,
1379 1318 1521 1385 qautenus
1535 1312 1658 1369 circulus
1674 1320 1747 1369 rote
1770 1313 1872 1369 firma-

120 1401 265 1469 tantoque
282 1395 502 1467 magnificentiae
518 1395 603 1462 foret,
619 1400 734 1467 quantoe
753 1394 915 1451 altissimus
934 1395 968 1449 il·
1023 1402 1114 1455 manti
1136 1404 1212 1455 recte
1232 1401 1353 1456 circuire
1367 1403 1470 1467 valeat,
1493 1402 1565 1457 sicut
1586 1403 1673 1458 etiam
1696 1404 1794 1458 omnia
1812 1404 1873 1457 berc

119 1486 223 1540 lurum.
259 1486 337 1539 Tarnc
371 1484 447 1539 casali
477 1485 570 1539 unicas
597 1484 765 1539 aternitatis
796 1482 968 1539 inflammati
1023 1487 1298 1545 informahominis
1317 1490 1667 1563 signatasunt,qoamvis
1689 1508 1749 1547 non
1770 1508 1804 1547 co
1824 1509 1870 1546 ur·

118 1578 196 1641 sont,
211 1576 239 1627 ut
253 1572 313 1644 ipsa
333 1572 363 1626 in
388 1586 493 1643 magno
508 1571 634 1627 tonitruo
649 1571 787 1641 insonuit,
809 1576 894 1643 atque
917 1588 967 1643 pur
1024 1577 1101 1645 dias,
1123 1593 1176 1633 noc
1195 1594 1227 1633 ea
1247 1578 1434 1650 perfectione,
1459 1584 1493 1634 ut
1512 1580 1542 1635 in
1561 1580 1793 1652 exsuperioribus
1817 1582 1874 1635 exi·

119 1661 278 1716 miaisteria
306 1662 476 1731 angelorum
502 1661 627 1732 primum
656 1665 882 1731 trangressorem
904 1676 968 1715 cnm
1023 1670 1115 1735 stant;
1128 1667 1315 1739 boecquoque
1329 1668 1365 1723 ad
1381 1668 1508 1723 animam
1523 1668 1710 1741 prospiciunt.

119 1751 200 1805 omni
225 1750 350 1805 exercitu
381 1765 432 1804 sun
464 1750 576 1821 deiecit.
601 1751 634 1805 Et
661 1748 754 1821 angeli
778 1750 828 1805 Dei
847 1750 877 1804 in
900 1764 969 1804 vace
1024 1771 1168 1840 Quomodo
1181 1771 1305 1829 ,xperior
1326 1774 1472 1844 habundo,
1496 1775 1651 1839 „emma
1670 1774 1872 1831 homimum,

118 1837 239 1893 tonitrui
256 1836 440 1893 clamabant:
460 1856 473 1888 a
491 1838 559 1903 Quae
579 1838 679 1910 iniqua
702 1837 891 1910 praesumptio
910 1838 968 1893 Deo
1058 1858 1111 1898 ma
1129 1844 1283 1900 secundum
1299 1844 1465 1901 interiorem
1481 1846 1646 1918 profectum
1665 1846 1711 1902 uel
1728 1846 1872 1914 desectum

117 1926 240 1981 creaturi
263 1929 373 1995 nostro,
399 1925 450 1996 qui
472 1942 489 1979 a
509 1942 539 1979 se
554 1925 618 1997 ipso
638 1930 689 1996 est,
716 1926 825 1997 aequari
852 1926 970 1997 potest?
1058 1912 1232 1986 afflinem?-

117 2016 192 2079 Quia
206 2018 302 2070 autem
317 2018 348 2069 tu
364 2014 414 2085 qui
429 2030 463 2069 ex
484 2019 627 2086 praecepto
643 2014 733 2087 ipsius
748 2030 789 2083 es,
805 2015 877 2070 banc
893 2015 968 2071 asti·
1057 2020 1115 2079 xv.
1138 2021 1295 2076 Summitas
1318 2037 1444 2095 namque
1468 2022 1568 2094 capitis
1586 2022 1790 2095 ineruptionem
1805 2040 1872 2096 ope·

118 2104 277 2159 mationem
303 2102 333 2158 in
355 2108 383 2158 tc
407 2101 544 2172 habuisti,
564 2108 596 2159 ut
618 2102 644 2158 ei
667 2103 770 2158 similis
790 2118 851 2159 esse
869 2104 967 2167 velles,
1021 2108 1062 2163 ris
1080 2108 1184 2165 animm
1206 2110 1347 2182 designat,
1368 2126 1433 2183 qum
1454 2126 1521 2165 curu
1535 2111 1730 2166 circumeunte
1745 2111 1871 2168 ratione-

117 2193 147 2247 in
160 2192 276 2247 ruinam
295 2191 360 2246 ibis.
385 2191 474 2257 »Qui
494 2190 588 2246 statim
613 2207 677 2247 cum
703 2193 813 2247 caeteris
834 2192 887 2247 sibi
916 2192 969 2254 ud·
1022 2195 1104 2252 litate
1126 2213 1212 2253 omne
1243 2215 1316 2271 opus
1337 2198 1464 2255 hominis
1488 2199 1618 2272 disponit
1639 2205 1668 2254 et
1691 2199 1817 2265 ordinat.
1843 2206 1873 2257 et

117 2280 294 2337 barentibns
309 2280 448 2335 inlocum
464 2280 667 2351 praedictarum
681 2280 866 2337 tenebrarum
886 2279 968 2351 quasi
1022 2286 1085 2357 ipsa
1100 2286 1197 2342 anima
1212 2291 1245 2342 nt
1267 2292 1362 2343 vertex
1381 2288 1515 2357 existens,
1539 2304 1573 2345 ea
1593 2288 1624 2344 in
1638 2304 1759 2360 corpore
1774 2288 1871 2345 bomi-

117 2370 273 2424 vebemens
304 2367 458 2439 plumbum
490 2373 648 2425 retrorsum
681 2369 801 2437 corrsrit,
830 2369 968 2442 quoniam
1021 2373 1226 2443 nisdisccrnit,
1252 2392 1316 2448 quus
1337 2392 1441 2447 corpus
1464 2377 1793 2448 postulatetdesiderat,
1808 2379 1870 2435 illa·

116 2462 217 2515 contra
238 2458 329 2512 Derim
354 2456 500 2528 praeliator
523 2472 585 2515 esse
609 2457 709 2527 voluit,
733 2458 815 2529 cujus
830 2472 918 2530 opera
937 2456 968 2513 iu
1022 2475 1079 2531 qne
1105 2466 1241 2532 operatur
1255 2469 1380 2534 quatuor
1393 2465 1500 2536 grados
1515 2465 1691 2521 ascendendo
1705 2471 1735 2520 et
1754 2467 1870 2523 descen·

117 2545 253 2603 tenebras
268 2545 363 2600 lacera
379 2559 438 2599 non
453 2544 532 2601 vidit.
1021 2548 1129 2618 dendo,
1146 2550 1197 2621 qni
1216 2556 1284 2606 sunt
1304 2551 1391 2620 risus,
1413 2552 1538 2620 auditus,
1555 2552 1692 2608 odoratus
1716 2556 1745 2607 ct
1758 2558 1868 2623 gustus,

118 2652 190 2721 Qu„
204 2656 279 2708 Dm,
291 2652 322 2707 ξπ
337 2666 447 2708 ,mano
468 2650 583 2707 comque
605 2649 653 2706 ,ug
675 2648 711 2705 ap
732 2652 836 2707 memo
862 2650 969 2706 papea,
1023 2636 1173 2711 inquibus
1191 2639 1278 2695 etism
1298 2644 1443 2695 creaturas
1465 2640 1603 2711 intelligit
1623 2644 1652 2695 et
1671 2639 1767 2709 sentit,
1783 2644 1870 2712 atque

153 2721 649 2797 qasodbomoipsefieret‚borninem
661 2722 838 2793 quisemper
851 2721 967 2779 diabolo
1022 2740 1158 2781 cumeum
1180 2741 1229 2781 ras
1251 2728 1313 2797 ejus
1332 2742 1397 2782 com
1416 2727 1479 2799 ipsa
1501 2727 1537 2782 ad
1560 2732 1706 2783 creaturas
1723 2744 1754 2783 se
1770 2734 1870 2785 caten·

153 2792 966 2876 mimummemmmmlfflff'fluitaret‘
1022 2813 1075 2882 dit,
1095 2814 1159 2870 illas
1178 2814 1337 2871 secundum
1359 2816 1431 2871 relle
1452 2830 1537 2870 saum
1559 2814 1613 2870 sibi
1628 2815 1784 2871 attrahens.
1798 2818 1869 2872 cum

152 2870 181 2921 et
190 2880 254 2937 epus
267 2864 360 2921 locum
370 2864 518 2931 obtineret,
533 2864 572 2920 nd
586 2862 740 2936 imupinem
757 2866 786 2919 et
800 2862 968 2919 similitudi-

152 2954 218 2992 nem
236 2952 320 2991 mm
329 2934 449 3004 seem-l,
470 2933 501 2989 in
514 2950 569 3007 quo
586 2934 675 2989 eliam
696 2932 796 2991 anima
816 2934 926 2990 ombus
940 2937 969 2989 e,
987 2903 1100 2977 comni
1115 2903 1202 2959 etiam
1226 2910 1369 2961 crescente
1393 2908 1533 2972 creatura,
1554 2903 1635 2958 velut
1653 2918 1703 2958 aer
1719 2904 1749 2959 in
1772 2905 1869 2959 omni·

152 3022 241 3064 cap-ng
261 3012 409 3078 compacto
431 3022 528 3061 omnes
555 3006 674 3076 majOn'g
694 3006 795 3061 mundi
816 3008 970 3062 crealurag
1023 2992 1076 3047 bus
1100 2989 1250 3047 desideriis
1271 2990 1401 3063 corporis
1424 3008 1458 3047 ed
1481 2990 1657 3063 perficiendi)
1684 2993 1761 3048 vniat
1784 2997 1870 3063 ΜΗΘ

152 3076 367 3150 recapitulavit.
556 3120 559 3127 .
1021 3081 1053 3136 in
1090 3079 1255 3151 cognitione
1289 3080 1441 3135 nominum
1478 3084 1674 3136 creaturarum
1711 3080 1869 3136 secandum

153 3164 220 3219 xlv.
245 3162 426 3234 Quapropter
446 3164 507 3235 ipse
531 3164 606 3219 Deus
632 3161 816 3217 manifestum
835 3162 967 3234 pralium
1022 3176 1136 3233 corpus,
1152 3176 1203 3216 seu
1219 3159 1251 3214 in
1265 3175 1404 3226 amorem,
1421 3176 1469 3215 seo
1486 3160 1518 3215 in
1532 3160 1630 3216 odium
1647 3158 1763 3216 illorum
1779 3161 1870 3216 eleru-

117 3255 216 3305 contru
240 3250 324 3305 illurn
353 3250 430 3318 fecit,
451 3250 491 3306 ita
516 3250 624 3306 scilicet
644 3253 676 3304 ut
700 3250 735 3305 ad
766 3249 967 3305 indumentum
1021 3254 1079 3305 tor.
1104 3250 1175 3304 Nam
1199 3248 1351 3320 longitudo
1384 3252 1499 3303 statura
1528 3248 1657 3305 bominis
1687 3249 1869 3320 latitudoque

116 3354 215 3406 nrum,
238 3338 314 3411 qnod
338 3339 370 3394 ia·
384 3338 504 3395 scientia
528 3354 582 3394 sua
604 3338 713 3411 absque
731 3338 815 3395 initio
828 3338 968 3395 babuerat
1020 3336 1123 3409 ipsias,
1139 3336 1264 3394 brachiis
1285 3343 1315 3393 et
1328 3336 1462 3393 munibus
1485 3338 1665 3409 aequalitera
1681 3342 1797 3409 pectore
1817 3352 1869 3392 ex-

116 3428 283 3499 respiceret,
312 3427 343 3483 in
369 3443 426 3501 qno
452 3444 520 3484 eum
539 3428 625 3483 Satan
649 3426 699 3500 qui
723 3426 757 3482 ab
785 3442 820 3483 eo
844 3427 966 3498 ingerat,
1020 3426 1119 3494 tensis,
1148 3427 1273 3499 aquales
1294 3430 1373 3495 sunt,
1398 3426 1643 3499 quemadmodum
1667 3426 1868 3483 etiamtirma·

117 3532 268 3589 nunqusm
283 3516 409 3588 perfecte
430 3516 537 3572 intueri
552 3516 669 3589 poterit,
686 3516 778 3571 donec
792 3530 878 3571 omne
891 3532 967 3587 pra·
1020 3521 1151 3572 mentum
1173 3515 1314 3587 aequatem
1337 3514 1554 3587 longitudinem
1576 3520 1605 3570 et
1619 3513 1803 3571 latitudinem
1819 3514 1868 3569 ba·

115 3606 190 3662 lium
212 3622 297 3661 soum
313 3606 448 3661 adversus
470 3606 551 3674 illurn
569 3603 731 3677 perfecerit,
747 3609 776 3660 et
790 3608 857 3659 tunc
872 3604 966 3675 ipsum
1020 3605 1078 3672 het,
1094 3605 1162 3676 qaia
1181 3604 1266 3659 etiam
1281 3619 1335 3675 per
1349 3619 1515 3660 mensuram
1523 3602 1713 3675 longitudinis
1728 3606 1756 3658 et
1772 3603 1869 3658 latitu-

116 3694 146 3751 in
164 3694 289 3750 maximo
312 3695 410 3751 dolore
435 3694 614 3750 confusionis
635 3708 694 3748 sam
713 3692 829 3761 ridebit,
850 3708 915 3747 cum
931 3691 966 3747 ab
1020 3693 1095 3749 dinis
1119 3692 1255 3762 hominis,
1287 3708 1353 3763 qua
1378 3692 1409 3746 in
1436 3691 1499 3764 ipsa
1521 3692 1647 3763 aequales
1672 3698 1750 3759 sunt,
1774 3691 1869 3747 scien·

115 3774 218 3839 eodem
231 3783 419 3855 jostojudice
440 3782 470 3841 in
491 3784 549 3839 line
563 3782 735 3839 seculorum
758 3785 835 3837 totus
849 3779 966 3835 confun-
1020 3783 1060 3838 tia
1099 3781 1167 3838 boni
1200 3786 1229 3836 st
1265 3780 1334 3836 mali
1367 3780 1546 3853 intelligitur,
1580 3796 1645 3853 qum
1680 3780 1710 3835 in
1743 3780 1867 3835 utilitate

116 3874 212 3927 detur.
235 3874 271 3928 lit
291 3872 321 3928 in
338 3872 458 3944 antiquo
477 3871 597 3927 consilio
613 3886 665 3926 sno
681 3870 758 3943 qnod
773 3884 887 3942 semper
901 3885 966 3925 com
1019 3871 1140 3938 bonum,
1156 3871 1188 3926 in
1209 3869 1367 3925 inutilitate
1381 3884 1449 3925 vero
1469 3870 1577 3924 malum
1596 3868 1656 3924 scit.
1676 3870 1730 3924 Per
1751 3872 1868 3941 gustum

114 3962 179 4033 ipso
203 3960 259 4017 fuit
277 3960 431 4029 ordinavit,
448 3959 594 4033 quomodo
617 3975 689 4031 opus
709 3958 780 4015 illud
805 3958 964 4029 perliceret,
1020 3958 1097 4014 enim
1123 3957 1218 4014 carnis
1239 3962 1269 4014 et
1290 3958 1439 4030 sanguinis
1464 3960 1636 4014 ceterorum
1670 3957 1866 4012 membrorum

115 4051 196 4106 etde
218 4050 361 4106 lutulenta
383 4054 461 4105 terra
480 4048 629 4104 huminem
647 4046 792 4117 formarit3
812 4045 885 4103 sicut
906 4044 965 4101 lor·
1020 4048 1117 4103 anima
1153 4047 1293 4116 irretitur,
1324 4048 1398 4103 sicut
1424 4051 1454 4102 et
1487 4062 1540 4119 per
1571 4050 1737 4102 venatorem
1773 4044 1866 4101 bestia

114 4157 194 4197 mam
217 4140 297 4195 illius
317 4144 382 4195 ante
398 4154 492 4194 oevum
508 4138 700 4206 ordinaverat,
722 4134 965 4209 quemadmodum
1020 4137 1143 4207 capitur,
1167 4136 1209 4192 ita
1230 4140 1264 4192 nt
1294 4135 1390 4191 anime
1420 4135 1465 4199 rix
1487 4134 1631 4207 suspirare
1654 4134 1752 4208 possit,
1784 4138 1864 4189 aute·

112 4246 165 4285 cor
188 4228 316 4285 bominis
338 4226 564 4283 rationalitatem
591 4225 621 4282 in
642 4241 673 4280 se
692 4224 807 4293 clandit,
824 4229 853 4279 st
868 4221 966 4278 omnia
983 4204 1006 4259 ὓ
1021 4239 1109 4296 qaam
1144 4240 1249 4297 corpus
1285 4222 1528 4295 concupiscentius
1559 4238 1625 4278 snas
1656 4220 1797 4294 perficiat,
1835 4224 1865 4275 et

113 4316 247 4373 sonantia
260 4315 346 4372 rerba
360 4314 484 4382 ordinat,
506 4329 572 4388 qum
584 4313 770 4387 postmodum
784 4310 899 4368 emittit.
920 4310 965 4366 Sic
1019 4313 1201 4386 postmodum
1223 4328 1328 4386 corpus
1348 4312 1495 4369 multoties
1508 4326 1605 4367 secum
1624 4310 1770 4382 suspirare
1783 4308 1862 4365 iacit.

113 4407 203 4461 etism
220 4404 339 4461 llsusin
362 4402 616 4470 verbosantem,
640 4417 704 4457 com
728 4399 964 4499 omniacrearet,
1019 4434 1097 4503 Quod
1117 4434 1149 4489 in
1176 4434 1376 4490 mmmmm
1402 4449 1456 4489 m
1477 4432 1691 4501 mmmmm
1723 4436 1752 4487 εἰ
1780 4429 1881 4486 ΜΟ,

114 4494 255 4566 quoniam
282 4492 311 4548 in
326 4494 410 4549 Patre
428 4492 561 4559 Verbum,
587 4490 664 4562 quod
688 4490 848 4556 uitiasset,
869 4489 963 4557 latuit,
1054 4506 1177 4562 muggam
1195 4504 1414 4560 ,militudinem
1435 4502 1585 4585 ,pomp
1598 4518 1650 4583 ⁸¹3⁰
1669 4501 1730 4558 920
1745 4518 1863 4584 ,ww

116 4583 196 4639 uelut
209 4598 259 4637 cor
280 4582 309 4636 ia
326 4580 445 4637 bomine
459 4581 540 4636 latet.
558 4580 591 4634 lit
612 4579 687 4634 Deus
701 4578 738 4633 ad
759 4577 916 4649 imaginem
936 4583 966 4634 et
1054 4579 1132 4645 runt,
1145 4579 1173 4630 et
1188 4576 1257 4647 quid
1273 4592 1327 4647 per
1340 4576 1392 4632 boo
1406 4574 1439 4630 in
1454 4589 1555 4630 naemu
1569 4588 1663 4645 spensa
1676 4572 1804 4629 bomsnss
1817 4570 1866 4627 de·

116 4670 339 4725 similitudinem
369 4685 450 4725 suam
483 4670 608 4725 formam
637 4666 763 4723 bominis
793 4666 869 4735 tecit,
896 4666 965 4738 qnia
1055 4650 1238 4703 ‘mm'-

115 4762 204 4815 etiam
228 4763 261 4815 ut
282 4758 376 4815 forma
401 4758 480 4814 illias
498 4762 626 4813 muctam
655 4756 834 4814 diuinitatem
856 4759 965 4827 tegeret
1054 4752 1124 4811 lilii.
1140 4752 1194 4807 Sed
1214 4756 1244 4806 et
1267 4750 1297 4806 in
1318 4750 1493 4807 rotunditate
1511 4747 1612 4821 capitis
1627 4747 1751 4804 hominis
1765 4750 1866 4803 rotun-

115 4847 224 4915 rotnit;
248 4845 372 4920 ideoque
399 4852 428 4903 et
443 4861 543 4902 omnes
566 4852 710 4901 creaturas
731 4844 761 4899 in
784 4843 902 4899 bomine
921 4844 962 4898 si·
1019 4842 1092 4898 dites
1114 4840 1290 4896 firmamenti
1313 4839 1485 4906 ostenditur,
1508 4844 1538 4895 et
1555 4838 1586 4893 in
1604 4842 1682 4893 recta
1704 4835 1866 4908 aqualiqos

115 4936 226 5009 guerit,
249 4936 494 5009 quemadmodum
516 4934 603 4992 etiam
633 4932 727 4989 omnis
756 4936 886 4988 creatura
911 4946 965 5001 per
1019 4947 1154 4988 mensura
1178 4929 1305 5002 ejusdem
1329 4928 1441 5000 capitis,
1461 4934 1538 4985 recta
1556 4926 1867 5001 etrequalismensnra

113 5026 237 5082 verbum
259 5041 342 5082 sarram
367 5024 512 5099 processit.
535 5026 566 5080 la
590 5022 683 5096 capite
707 5022 804 5095 itaque
827 5020 962 5088 bominis,
1018 5018 1194 5076 firmamenti
1214 5019 1438 5080 demonstratur,
1461 5016 1530 5087 qnia
1552 5016 1628 5072 idern
1652 5019 1739 5087 capnt
1757 5019 1865 5070 rectem

113 5115 246 5171 uidelicet
276 5115 308 5170 in
329 5115 523 5171 circumeunte
548 5118 620 5176 rota,
652 5110 762 5167 cerebri
784 5114 881 5167 vertex
909 5114 962 5177 est,
1018 5124 1184 5165 mensuram
1212 5105 1321 5179 ubique
1343 5103 1440 5171 habet,
1465 5111 1498 5159 ut
1528 5105 1616 5160 etiam
1646 5104 1863 5160 firmamentum

114 5204 150 5261 ad
176 5218 263 5275 quem
288 5203 363 5259 scala
382 5204 473 5275 posite
498 5205 550 5271 est,
574 5216 638 5275 quse
662 5200 767 5272 gradus
790 5196 964 5254 ascensionis
1018 5198 1123 5269 aquali
1142 5210 1277 5252 mensura
1293 5193 1479 5249 constitutum
1503 5196 1555 5259 est,
1571 5196 1716 5264 quatenus
1736 5191 1866 5248 exomni

113 5292 211 5361 habet,
235 5292 343 5348 scilicet
373 5292 464 5347 oculis
490 5292 622 5361 ridendo,
659 5290 777 5345 eruribus
808 5286 961 5356 audiendo,
1017 5290 1098 5357 parts
1126 5290 1234 5340 rectum
1262 5282 1412 5339 circuitam
1434 5280 1540 5335 babere
1566 5281 1668 5351 possit,
1696 5285 1727 5336 et
1746 5296 1783 5336 nc
1807 5280 1866 5335 nlla

115 5382 234 5441 naribos
254 5380 411 5451 odorando,
438 5396 487 5437 ure
511 5380 667 5454 loquendo,
697 5380 728 5435 ia
752 5378 857 5452 quibus
876 5376 963 5433 bomo
1018 5390 1085 5448 pars
1105 5374 1168 5446 ejas
1196 5377 1308 5445 purtem
1341 5372 1460 5427 atteram
1494 5367 1601 5437 injusto
1629 5368 1716 5423 modo
1738 5369 1864 5426 excedat.

113 5486 216 5529 amnes
235 5470 481 5542 creaturasridet,
500 5470 659 5543 cognoscit,
681 5466 828 5537 discernit,
848 5465 961 5535 dividit,
1019 5466 1094 5521 bens
1120 5462 1199 5518 enim
1221 5463 1370 5518 bominem
1393 5457 1551 5517 secondum
1572 5455 1788 5515 firmamentum
1802 5458 1865 5532 pla·
