3984 6034
145 215 197 268 aas
873 213 906 269 e.
929 187 1165 270 aicoaoeaors
1841 213 1900 267 aaa

143 347 221 410 eunt,
247 341 362 416 spiritui
379 345 477 400 tameo
506 343 572 416 plus
603 343 815 400 consentientes
845 344 886 400 ita
906 343 986 417 qood
1005 343 1066 401 Asi
1090 343 1178 416 digne
1204 341 1375 415 paenitentia
1410 340 1520 412 seipsos
1544 338 1580 394 ab
1605 339 1658 395 bac
1687 338 1818 412 nequitia
1842 355 1895 394 sua

143 431 231 487 lldcm
254 431 378 488 libenter
405 431 604 504 intelligerent
629 435 654 487 si
688 449 748 506 pres
771 437 872 502 tepore
895 432 989 488 cordis
1045 433 1138 488 lavare
1154 429 1325 486 studuerint.

142 519 188 574 sui
214 523 339 592 possent.
362 519 417 585 Qui
436 520 513 575 enim
536 519 695 590 majoribus
719 521 855 576 oneribus
886 535 989 592 pacca-
1080 520 1133 576 Sed
1150 536 1183 575 ex
1197 518 1243 575 his
1256 517 1391 574 omnibus
1404 516 1473 573 dum
1489 515 1896 589 quidameademsscramen-

142 611 240 664 torum
255 607 286 664 in
304 607 442 678 operibus
469 608 527 662 scie
553 608 683 663 nondum
711 613 779 662 sunt
802 608 922 680 gravati,
938 609 990 663 bos
1046 612 1074 663 ta
1087 607 1258 680 percipiunt,
1274 606 1323 662 alii
1335 607 1412 659 volut
1425 604 1512 674 igneo
1538 603 1690 677 splendore
1704 605 1893 676 perfundunt,

142 696 273 770 quamvis
293 696 382 752 vetuti
405 694 513 751 invitos
535 696 650 766 spiritui
676 697 842 752 consentire
864 701 989 770 oportet,
1046 697 1094 752 alii
1123 712 1189 752 vero
1212 695 1334 752 obscure
1360 695 1436 749 nube
1470 692 1708 761 obtenebrantur,
1734 693 1804 765 quie
1825 693 1896 749 dom

142 784 282 859 quoniam
309 783 407 840 anime
433 784 574 855 majorem
611 787 784 855 potestatem
816 785 910 840 adbuc
939 786 989 841 ha·
1047 785 1196 841 credentes
1211 784 1245 840 ad
1271 783 1440 856 mysterium
1468 782 1597 854 corporis
1624 786 1653 837 et
1667 781 1897 852 sauguinisl'ilii

143 874 226 942 bens,
241 873 311 945 quia
330 872 460 928 noudum
480 872 648 945 inpeccatis
664 873 906 944 iuterempteest,
928 889 991 930 cor·
1047 874 1104 928 mei
1133 873 1267 928 accedere
1300 875 1445 943 satagunt,
1474 875 1543 925 tunc
1568 870 1589 924 ii
1616 869 1666 942 qui
1691 870 1762 926 illud
1792 871 1896 928 derata

143 979 199 1036 pus
220 961 362 1017 voluntati
387 977 447 1016 suee
478 961 602 1032 subjicit.
633 963 703 1016 Nam
731 963 792 1018 bec
813 967 880 1017 sunt
902 967 991 1018 certa-
1047 966 1144 1017 mente
1157 965 1186 1016 et
1200 976 1272 1032 pura
1288 960 1345 1015 tlde
1360 959 1391 1015 iu
1417 958 1500 1015 bouis
1515 958 1652 1030 operibus
1674 958 1817 1030 fulgentes
1832 975 1896 1030 per·

144 1051 303 1123 minaqese
327 1054 395 1105 sunt
420 1050 904 1123 intercorpusetenimem3qoia
926 1052 990 1106 ani·
1048 1050 1168 1121 cipiunt,
1185 1049 1260 1104 dono
1285 1047 1409 1120 Spiritus
1433 1047 1523 1102 sancti
1554 1052 1612 1101 tam
1641 1047 1676 1102 ad
1700 1047 1820 1102 salutem
1836 1063 1898 1102 coc·

142 1155 192 1200 ma
202 1137 317 1211 corpori
339 1138 399 1192 vult
420 1137 576 1205 dominari,
594 1137 731 1210 quoniam
745 1138 800 1210 ipsi
815 1139 991 1194 contrarium
1048 1139 1222 1210 porisqoam
1249 1137 1352 1192 animae
1375 1152 1434 1192 sum
1457 1135 1648 1202 illustrentur,
1671 1141 1699 1190 ct
1726 1135 1768 1190 illi
1791 1137 1842 1208 qui
1865 1137 1899 1191 il·

143 1226 292 1298 estquod
319 1241 387 1281 caro
414 1225 444 1280 in
471 1226 704 1298 concupiscentia
723 1243 776 1282 sua
803 1227 891 1283 habet
916 1227 994 1300 quod
1048 1227 1097 1283 lud
1117 1224 1261 1282 contrario
1286 1225 1371 1280 corde
1387 1229 1416 1279 et
1439 1224 1590 1280 vacillante
1617 1223 1715 1280 animo
1731 1226 1761 1279 iu
1776 1241 1893 1297 perrer-

144 1319 294 1386 peccatum
310 1319 364 1382 est,
378 1320 409 1368 et
423 1330 529 1385 corpus
544 1314 721 1386 dedignatur
728 1315 872 1386 justitiam
884 1332 949 1389 quea
963 1316 994 1370 in
1050 1314 1088 1369 sis
1116 1313 1225 1369 entibus
1251 1318 1397 1384 torpentes
1431 1318 1560 1381 serment,
1587 1312 1790 1368 obscuritatem
1817 1328 1898 1382 prm.-

146 1403 291 1460 desiderio
306 1402 410 1458 animae
434 1408 478 1458 cst
499 1402 568 1475 quia
587 1404 650 1475 ipsa
675 1404 762 1458 vitam
793 1403 898 1475 diligit.
921 1404 995 1470 Quid
1049 1403 1200 1474 sumptiose
1236 1400 1412 1456 infelicitatis
1452 1401 1487 1456 ad
1529 1400 1735 1456 detrimentum
1773 1400 1829 1466 sui,
1869 1405 1899 1454 et

143 1492 218 1548 boel
230 1491 311 1558 Quod
330 1496 478 1548 mortuum
493 1495 547 1558 est,
568 1497 715 1547 manuum
730 1492 851 1564 appetit,
867 1498 895 1548 et
915 1493 994 1565 quod
1051 1491 1176 1547 exterius
1197 1495 1227 1544 et
1248 1489 1369 1545 interius
1399 1489 1547 1560 sibiipsis
1579 1487 1729 1557 inducunt,
1759 1487 1900 1562 qnoniam

144 1580 226 1648 vivit,
246 1579 344 1634 virens
362 1579 468 1652 diligit.
494 1580 671 1646 Quomodo?
694 1581 766 1636 Caro
792 1585 872 1636 amet
894 1596 993 1652 pecca-
1051 1579 1118 1635 hiric
1146 1579 1289 1633 sanctitati
1312 1577 1385 1633 illoti
1414 1583 1522 1632 temere
1555 1593 1586 1631 sc
1620 1577 1798 1649 conjungere
1824 1593 1899 1649 prae·

145 1673 218 1732 tum,
247 1673 277 1724 et
298 1667 397 1723 anima
419 1667 515 1740 diligit
536 1668 690 1740 justitiam,
706 1673 737 1725 et
750 1667 779 1723 in
795 1669 851 1724 hcc
874 1668 928 1724 sibi
943 1669 994 1723 ad·
1014 1641 1245 1737 Bsumpserunt.
1262 1665 1334 1720 Nam
1361 1664 1450 1719 homo
1464 1663 1514 1736 qui
1541 1669 1600 1719 tam
1616 1664 1729 1719 rebellis
1743 1669 1772 1719 et
1794 1669 1898 1720 mutn-

146 1762 306 1826 versantur,
335 1761 366 1811 et
392 1772 460 1812 raro
491 1757 547 1813 sibi
568 1757 763 1813 consentiunt.
788 1757 844 1812 Sed
868 1763 903 1812 ut
924 1772 998 1830 puer
1050 1769 1115 1810 max
1129 1758 1172 1809 est
1193 1753 1271 1826 quod
1288 1768 1346 1808 uon
1372 1752 1455 1810 timet
1479 1769 1508 1808 se
1531 1752 1671 1824 polluere,
1699 1757 1749 1808 aut
1771 1752 1899 1824 simplici

146 1843 209 1900 siue
231 1844 331 1900 labore
356 1847 385 1900 et
415 1844 476 1900 siue
500 1845 646 1902 intellecto
671 1861 772 1900 seusus
800 1845 846 1900 sui
871 1845 996 1916 pascitur
1049 1840 1238 1898 fornicatione
1262 1839 1294 1894 in
1308 1839 1463 1895 visceribus
1488 1839 1598 1912 proprii
1613 1840 1740 1912 corporis
1758 1841 1803 1896 sui
1817 1845 1898 1896 tactu

147 1937 176 1987 et
201 1935 364 1988 saturetur:
389 1931 481 1988 ita'et
512 1932 562 1987 isti
586 1933 720 1988 homiues
741 1933 796 1988 hoc
819 1937 996 1988 sacramento
1050 1935 1080 1985 et
1109 1927 1309 1992 delectatione.
1350 1933 1401 1983 ant
1428 1943 1457 1984 se
1487 1927 1684 1984 contaminare
1711 1927 1818 1998 duplici
1841 1929 1900 1983 lor·

146 2021 229 2093 quasi
256 2035 310 2092 per
331 2019 528 2092 ignorantiam
545 2021 735 2088 vivificantur,
764 2019 901 2094 quoniam
922 2021 995 2076 illud
1050 2017 1193 2072 uicatiooe
1218 2017 1343 2072 educens
1371 2031 1470 2072 semen
1488 2031 1574 2072 soum
1589 2031 1656 2072 cum
1683 2015 1745 2070 viro
1761 2021 1812 2071 aut
1831 2032 1899 2072 cum

147 2123 200 2163 nec
236 2123 290 2180 per
320 2106 472 2164 infantiam
505 2123 557 2163 nec
588 2124 642 2181 per
679 2109 888 2165 contumaciam
916 2108 995 2164 dedi-
1050 2105 1180 2172 muliere,
1198 2109 1248 2160 aut
1261 2121 1291 2160 se
1306 2104 1469 2176 discerpere
1482 2103 1536 2173 ira,
1562 2105 1629 2160 odio
1654 2109 1683 2159 et
1708 2104 1817 2160 insidis
1831 2119 1899 2159 cum

147 2199 288 2267 guantur,
311 2195 363 2251 sed
395 2199 507 2251 tantum
536 2194 660 2268 simplici
688 2197 784 2252 animo
817 2198 994 2270 amplectun-
1049 2193 1159 2250 ceteris
1176 2193 1352 2260 hominibus,
1377 2199 1428 2248 aot
1455 2209 1485 2248 ss
1511 2198 1663 2250 cruentare
1690 2192 1846 2248 homicidio
1868 2193 1901 2247 in

150 2289 209 2340 tur.
1050 2283 1106 2338 sibi
1129 2282 1356 2348 occursantibus,
1372 2286 1402 2336 et
1426 2281 1467 2336 ita
1493 2280 1591 2337 illotus
1614 2285 1643 2336 et
1667 2280 1843 2336 incorrectus
1858 2286 1901 2335 te-

183 2371 306 2438 Quidam
330 2386 399 2426 roro
423 2369 455 2426 iu
483 2386 604 2442 corpore
622 2371 727 2428 hirsuti
740 2372 770 2429 in
791 2372 889 2429 anima
905 2375 995 2431 multa
1049 2385 1128 2426 mere
1156 2370 1305 2441 praesumit
1336 2369 1473 2426 accedere
1502 2369 1538 2425 ad
1557 2385 1661 2440 corpus
1675 2376 1705 2426 et
1726 2368 1900 2441 sanguinem

149 2458 335 2515 immunditia
368 2459 503 2514 humanae
540 2459 709 2532 pollutionis
730 2461 840 2533 pertusi
867 2462 994 2530 sordent,
1050 2459 1113 2514 Filii
1129 2459 1185 2515 mei
1201 2459 1262 2513 sine
1281 2460 1455 2530 purgatione
1476 2458 1674 2526 confessionis,
1703 2463 1732 2514 et
1754 2459 1816 2514 siue
1838 2475 1902 2528 poe-

147 2547 286 2620 quouiam
304 2546 354 2602 isti
381 2545 413 2601 iu
444 2562 530 2603 cerne
545 2562 598 2603 sua
612 2552 712 2620 turpes
726 2553 756 2604 et
768 2548 910 2621 impudici
931 2551 993 2606 sine
1049 2547 1170 2604 nitentia
1198 2546 1392 2614 correctionis,
1421 2547 1470 2602 ille
1494 2547 1618 2602 scienter
1649 2552 1679 2602 et
1702 2547 1901 2618 intelligenter
1978 2585 1979 2588 ,

149 2636 262 2708 pudore
287 2635 452 2704 misteutes,
468 2641 497 2691 et
522 2636 593 2692 faece
618 2636 752 2692 vitiorum
768 2653 798 2694 se
813 2639 993 2710 polluentes3
1046 2636 1213 2708 judicialem
1238 2636 1336 2707 iguem
1358 2634 1443 2707 culpa
1470 2651 1521 2690 sua
1535 2635 1706 2706 ingreditur.
1730 2636 1901 2701 Quomodo?

150 2730 302 2797 utporcus
318 2724 379 2779 loto
403 2740 433 2779 se
452 2724 582 2795 involvit,
603 2726 658 2781 hoc
673 2727 898 2783 modoauimam
913 2744 996 2784 suem
1050 2727 1089 2780 lie
1118 2723 1170 2780 bac
1200 2723 1427 2797 presumptione
1450 2729 1480 2780 et
1502 2727 1618 2796 peccato
1649 2740 1701 2779 suc
1733 2731 1766 2779 ut
1794 2739 1899 2780 aarum
1978 2761 1979 2776 .

151 2811 264 2866 diversa
278 2810 362 2868 sorde
385 2816 568 2881 peccatorum
592 2811 728 2868 humane
754 2814 935 2886 contagionis
949 2814 996 2870 iu·
1050 2813 1081 2868 iu
1096 2813 1208 2870 iornace
1224 2812 1444 2882 examinabitur,
1460 2811 1704 2886 iteqeodnolloe
1720 2812 1813 2884 pulvis
1842 2813 1898 2869 bu-

150 2897 274 2955 lleieudo
300 2898 507 2955 contaminant.
540 2901 573 2956 Et
609 2915 676 2957 cum
703 2900 758 2973 ipsi
791 2901 822 2956 ic
850 2901 896 2958 bis
917 2901 996 2958 ritiis
1015 2901 1342 2991 ejuspraesumptioois
1361 2901 1391 2956 in
1418 2918 1453 2956 eo
1481 2902 1671 2974 relinquetur,
1688 2917 1746 2974 qua
1770 2901 1902 2972 pollutus

151 2987 301 3043 sordentes
328 2987 364 3042 ad
396 2992 607 3044 sacramentum
637 2989 765 3060 corporis
792 2995 820 3044 et
846 2991 997 3063 sauguinis
1052 2993 1080 3044 et
1094 2989 1268 3046 incorrectus
1284 2990 1318 3045 ad
1331 2989 1567 3045 communionem
1590 2990 1751 3046 innocentis
1764 2989 1839 3060 tgni
1852 3005 1901 3045 sc-

151 3076 215 3133 ritii
242 3075 301 3133 mei
327 3075 369 3131 ita
400 3075 474 3132 illoti
503 3077 637 3132 accedere
663 3092 724 3132 uon
748 3083 893 3146 verentur,
917 3079 996 3149 gravi
1051 3078 1142 3133 cessit.
1171 3078 1225 3143 Qui
1254 3077 1332 3134 enim
1368 3077 1409 3131 ita
1446 3077 1548 3132 illotus
1576 3082 1609 3133 ut
1644 3078 1752 3134 dictum
1784 3083 1829 3132 est
1865 3078 1902 3134 ad

149 3164 361 3222 examinatione
374 3179 428 3236 pro
441 3164 494 3220 bac
508 3165 736 3237 presumptione
751 3181 805 3221 sus
822 3167 995 3224 emundandi
1051 3165 1305 3222 sanctificationem
1340 3166 1468 3237 corporis
1509 3171 1536 3220 et
1569 3167 1716 3238 sauguinis
1749 3165 1814 3223 Filii
1842 3167 1904 3222 mei

150 3258 227 3308 sunt.
264 3254 297 3309 lu
323 3268 381 3325 qua
421 3257 519 3308 umen
560 3252 733 3325 purgatione
771 3254 997 3312 misericordiam
1051 3255 1212 3324 accesserit,
1251 3259 1281 3310 et
1317 3253 1357 3310 ita
1390 3257 1601 3310 sacramentum
1632 3254 1705 3311 illud
1732 3254 1900 3326 sumpserit,

150 3355 245 3396 meam
264 3339 306 3394 eis
332 3354 392 3396 non
420 3338 545 3412 denego,
574 3339 643 3412 quia
670 3338 700 3394 in
728 3340 872 3396 mentibus
897 3357 997 3398 eorum
1052 3343 1087 3399 ad
1102 3343 1244 3415 iudicium
1268 3343 1324 3399 sibi
1346 3343 1400 3398 boc
1422 3342 1520 3399 sumit.
1537 3343 1707 3408 Quomodo?
1728 3344 1806 3400 Sicut
1826 3345 1903 3400 Pao-

149 3428 269 3500 diguem
311 3427 515 3500 poeniteutiam
538 3443 705 3500 ‚msurgere
743 3429 898 3500 praerideo.
941 3431 998 3487 Alii
1051 3432 1095 3489 lus
1118 3431 1333 3489 amantissimus
1357 3447 1440 3487 meus
1462 3431 1546 3488 dicit:
1572 3435 1621 3488 Itu
1637 3431 1802 3505 quiconqsoe
1821 3447 1905 3488 musa-

150 3521 247 3573 autem
268 3516 300 3572 iu
321 3532 442 3588 corpore
462 3516 634 3572 acutissimis
658 3517 748 3589 spinis
777 3518 852 3591 septi
872 3524 949 3589 suut,
970 3524 998 3576 et
1050 3519 1197 3578 duraverit
1209 3537 1313 3593 ponem
1327 3520 1373 3576 oet
1391 3519 1492 3576 biberit
1501 3519 1619 3577 calicem
1635 3520 1754 3578 Domini
1774 3520 1904 3594 magne,

150 3605 180 3660 iu
197 3605 295 3662 anima
321 3606 426 3678 leprosi
440 3610 598 3679 apparent;
614 3605 683 3678 quia
706 3606 737 3661 iu
762 3607 849 3662 corde
862 3623 915 3663 suo
942 3607 996 3677 ira,
1052 3608 1188 3666 censerit
1201 3608 1331 3682 cor-poris
1354 3611 1383 3664 et
1403 3607 1557 3682 sccpuiniae
1577 3608 1702 3666 Domini.
1728 3609 1830 3666 Probet
1850 3627 1905 3665 na·
1978 3643 1979 3656 .

150 3694 217 3749 odio
231 3699 260 3750 et
283 3694 390 3750 invidia
417 3694 597 3763 circumdati,
623 3694 780 3762 lenitatem,
803 3695 995 3766 dulcedinem,
1050 3701 1151 3755 mmor
1165 3699 1261 3770 ipsum
1275 3700 1367 3762 bomo,
1399 3700 1426 3754 et
1450 3696 1493 3752 sic
1514 3697 1550 3752 de
1563 3713 1640 3770 pecte
1664 3697 1717 3753 illo
1734 3696 1801 3753 edat
1817 3700 1845 3753 et
1867 3698 1904 3753 de
1978 3771 1979 3774 Ἴ

150 3787 180 3837 et
191 3781 361 3839 charitatem
385 3782 431 3838 bis
460 3783 552 3855 spinis
580 3782 741 3856 iniquitatis
760 3800 821 3838 ese
840 3785 995 3857 expellunt,
1049 3785 1141 3844 catice
1160 3785 1247 3843 bibat.
1271 3785 1325 3854 Qui
1354 3791 1432 3844 cutm
1454 3785 1613 3842 munducat
1638 3789 1666 3840 et
1684 3785 1756 3843 bibit
1779 3785 1902 3860 indigne

148 3871 227 3928 uode
239 3872 281 3927 ita
308 3870 385 3928 mala
410 3875 590 3943 appetentes,
619 3875 650 3926 et
674 3871 753 3927 bona
770 3871 944 3942 deserentes,
961 3879 998 3930 at·
1042 3874 1192 3946 judicium
1215 3874 1272 3931 sibi
1303 3875 1460 3931 munducat
1491 3878 1519 3930 et
1545 3873 1624 3940 bibit,
1653 3891 1710 3930 nou
1736 3874 1900 3947 dijudicans

150 3977 207 4032 que
234 3960 265 4018 iu
291 3961 425 4018 irrisione
455 3965 576 4017 ceteros
603 3961 737 4017 homiues
760 3963 936 4019 contumelia
960 3964 998 4020 al-
1049 3979 1153 4035 corpus
1177 3961 1303 4019 Dmuiai.
1327 3963 1483 4021 ideointer
1503 3962 1650 4020 mamutti
1672 3962 1782 4036 infirmi
1795 3967 1824 4018 et
1846 3963 1900 4020 im·

150 4049 291 4117 ttcicntes,
323 4047 452 4104 animam
484 4063 568 4104 snam
591 4050 669 4104 velut
692 4049 825 4121 pessimis
853 4051 998 4108 ulceribus
1051 4049 1175 4118 becilteu
1204 4052 1233 4104 et
1257 4049 1404 4107 donciani
1427 4050 1514 4108 multi
1527 4052 1557 4121 (Ι
1574 4053 1642 4108 Cor.
1667 4057 1714 4120 xi).
1735 4052 1809 4118 Quid
1824 4053 1904 4108 hoc?

83 4213 91 4218 ι
150 4135 332 4193 immundam
360 4135 492 4193 reddunt.
514 4135 570 4202 Qui
596 4152 662 4193 cum
684 4138 738 4193 hoc
753 4137 839 4194 modo
867 4139 903 4196 ad
927 4140 997 4195 diri·
1050 4139 1121 4194 Vere
1154 4139 1217 4194 dico
1243 4139 1336 4195 vobis:
1367 4139 1421 4205 Qui
1447 4140 1603 4196 comederit
1623 4155 1728 4213 penem
1757 4141 1832 4209 vita,
1857 4143 1902 4197 vel

150 4239 222 4280 uum
235 4223 405 4295 mysterium
419 4224 567 4293 accedunt,
591 4225 701 4297 seipsos
726 4226 853 4298 graritm
877 4228 995 4298 laedunt,
1015 4227 1103 4300 liqui
1126 4227 1282 4300 sumpserit
1299 4229 1436 4300 poculum
1450 4230 1550 4284 salutis
1586 4229 1662 4301 quod
1691 4234 1905 4286 sacramentum

150 4311 201 4367 sed
229 4314 326 4367 tamen
347 4311 445 4366 mulos
468 4327 549 4368 meos
574 4312 612 4368 ad
640 4329 689 4368 cos
716 4318 862 4380 convene,
886 4330 953 4370 cum
967 4330 997 4370 se
1052 4315 1129 4374 itlius
1156 4317 1262 4390 estqui
1287 4317 1424 4374 Dominus
1446 4319 1510 4374 coeli
1524 4323 1554 4373 et
1580 4323 1665 4374 terrm
1679 4323 1732 4384 ost,
1761 4317 1802 4373 ita
1819 4317 1905 4390 guod

149 4401 180 4457 iu
206 4399 401 4457 amaritudine
424 4400 585 4472 punientes,
609 4402 732 4473 gratiam
746 4418 841 4458 meam
854 4404 998 4476 poeuiten-
1051 4405 1107 4461 hoc
1122 4405 1239 4478 indigue
1265 4409 1368 4462 tractet
1383 4406 1502 4462 sordens
1533 4405 1640 4461 scilicet
1661 4405 1692 4460 in
1720 4405 1855 4477 peccatis,
1873 4406 1904 4461 ic

150 4490 188 4546 do
205 4489 394 4561 postmodum
413 4490 574 4562 requirnnt.
601 4491 723 4556 Quidam
740 4507 807 4547 vero
831 4491 862 4547 in
876 4508 998 4565 corpore
1051 4493 1234 4566 hocculpam
1263 4509 1342 4549 suem
1368 4493 1482 4550 sentiet.
1509 4492 1680 4560 Quomodo?
1707 4493 1779 4559 Quis
1795 4509 1902 4564 corpus

150 4577 302 4649 sanguinei
323 4582 353 4634 et
382 4577 414 4634 in
441 4578 538 4634 anima
557 4579 635 4634 velut
659 4579 808 4650 putridum
823 4581 942 4636 cadaver
956 4581 996 4636 le·
1052 4585 1080 4638 et
1094 4583 1264 4654 sauguinem
1291 4581 1404 4638 Domini
1425 4581 1515 4638 solid
1539 4587 1583 4637 est
1609 4581 1763 4638 salvatoris
1787 4581 1900 4646 muudi,

148 4663 203 4720 tidi
217 4664 369 4734 ridentur3
392 4666 530 4739 quoniam
556 4666 612 4738 ipsi
630 4672 748 4723 cruenta
765 4683 852 4723 mauu
881 4667 996 4724 divisio·
1051 4669 1225 4725 mordaciter
1253 4675 1281 4724 et
1306 4669 1478 4726 moribunde
1503 4670 1614 4742 accipit,
1641 4685 1707 4724 cum
1731 4685 1842 4741 pronus
1866 4668 1902 4723 ad

150 4767 217 4808 nem
245 4753 277 4808 iu
303 4753 471 4810 bominibus
496 4753 643 4823 tumentes,
669 4756 797 4812 animam
817 4756 998 4830 suamquesi
1051 4759 1161 4814 melum
1187 4762 1216 4812 et
1235 4758 1363 4830 pollutus
1382 4758 1577 4827 immunditie,
1605 4763 1634 4814 et
1659 4757 1766 4814 oblitus
1787 4759 1902 4814 timoris

148 4845 330 4913 putrescente
357 4841 424 4898 tabe
458 4843 665 4899 crudelissime
691 4845 897 4916 perversitatis,
927 4845 992 4901 leti·
1051 4846 1176 4915 Domini,
1202 4847 1242 4901 ita
1267 4847 1477 4903 contaminatus
1511 4846 1650 4919 petatium
1680 4846 1837 4902 salutiferae
1855 4863 1900 4902 rs-

93 4953 98 4963 ·
149 4928 216 4987 dam
245 4930 378 5000 reddunt,
404 4930 473 5004 quia
487 4930 621 4988 timorem
644 4948 741 4989 meum
760 4949 819 4990 uou
842 4933 998 5005 inspicieu·
1049 4934 1224 5007 demptionis
1261 4934 1438 5008 aggreditur.
1472 4935 1552 4992 Unde
1580 4941 1609 4989 et
1637 4934 1826 4991 homicidium
1859 4934 1901 4990 ibi

148 5023 202 5088 tes,
222 5020 278 5076 lroc
291 5019 368 5092 quod
390 5018 421 5076 in
448 5019 565 5077 bomine
593 5021 729 5077 mustitui
749 5037 800 5078 sua
827 5021 997 5080 crudelitate
1051 5023 1126 5078 lecit.
1166 5023 1335 5090 Quomodo?
1372 5024 1513 5089 Quoniam
1544 5023 1574 5080 io
1607 5022 1705 5079 moltis
1732 5022 1901 5078 vulneribus

149 5107 319 5164 destituunt.
337 5109 427 5178 Unde,
442 5108 467 5164 si
482 5107 539 5182 ipsi
546 5110 600 5165 bac
609 5109 853 5166 cacuminatione
865 5110 996 5184 coinqui·
1050 5126 1080 5168 se
1095 5111 1191 5183 ipsum
1219 5111 1355 5176 contudit,
1384 5128 1450 5168 cum
1472 5111 1533 5167 sine
1558 5111 1719 5168 detersione
1732 5116 1762 5167 et
1785 5111 1847 5166 sins
1862 5112 1902 5167 le-

149 5197 210 5252 uati
235 5213 340 5272 corpus
367 5203 396 5253 et
423 5198 594 5272 sauguinem
609 5199 673 5255 Filii
697 5198 754 5255 mei
775 5200 924 5271 percipere
937 5215 995 5257 nou
1051 5200 1163 5255 ratione
1192 5199 1368 5272 paenitentia
1387 5199 1509 5256 crimina
1527 5216 1580 5256 sue
1604 5201 1711 5268 celans,
1740 5213 1901 5257 sacramen·

148 5284 262 5355 timent,
277 5286 478 5360 seipsosgrari
498 5285 781 5360 laesionedejiciuut,
802 5287 942 5360 quoniam
955 5289 996 5345 ita
1049 5292 1110 5343 tum
1138 5288 1193 5343 hoc
1220 5293 1330 5345 temere
1350 5291 1460 5344 tractat.
1492 5289 1674 5361 Quapropter
1707 5293 1736 5344 et
1764 5303 1820 5361 ego
1854 5288 1898 5343 illi

24 5443 32 5452 .
149 5373 223 5428 illoti
245 5382 456 5432 sacramentum
479 5377 534 5433 boc
547 5377 715 5449 contingere
740 5377 992 5449 presumuntscd
1049 5376 1174 5434 diocto
1202 5376 1362 5433 miserrime
1395 5382 1425 5433 et
1454 5377 1642 5445 amarissime,
1672 5378 1817 5450 qrromodc
1846 5393 1896 5431 au-

148 5466 245 5518 tamen
260 5463 500 5521 lonssslreticnis
513 5481 563 5522 eos
585 5465 770 5536 postmodum
796 5465 990 5537 pertransibit.
1049 5463 1136 5519 debas
1149 5465 1180 5520 ic
1198 5465 1292 5521 lacum
1320 5468 1406 5522 tautae
1432 5465 1553 5521 miuriae
1568 5465 1722 5521 bornicum
1735 5471 1817 5520 tuum
1831 5466 1897 5520 mit·
