3984 6034
72 216 141 269 usr
623 206 827 263 rursus.-
841 206 907 263 ur.
927 205 973 273 ur,
994 204 1039 261 nu
1059 202 1249 262 muninus.
1755 210 1821 265 uss

70 348 121 405 sed
149 352 245 403 tamen
273 344 366 417 magis
387 344 423 401 de
455 358 522 399 eere
548 358 638 414 quem
661 342 696 397 de
717 357 793 415 eque
815 343 859 395 ret
883 341 919 396 de
936 342 1037 395 Atum
1052 338 1162 395 calidus
1175 342 1226 395 est.
1248 338 1363 395 Etideo
1383 338 1444 412 ipse
1459 341 1525 413 plus
1540 342 1576 398 de
1593 358 1659 399 aare
1672 358 1759 417 quum
1787 347 1821 402 de

70 435 149 508 igne,
172 439 201 491 et
222 434 287 491 ideo
312 434 400 489 etiam
421 433 567 487 diversum
587 431 712 486 calorem
732 431 828 499 babet,
850 429 919 502 quia
975 430 1034 483 sole
1048 429 1173 484 calorem
1191 427 1290 491 trabit,
1305 432 1333 483 et
1352 428 1440 484 bones
1456 429 1531 487 eires
1544 433 1641 489 hebet.
1665 434 1696 490 Et
1710 435 1733 489 si
1749 434 1822 507 lepis

71 539 137 579 enm
155 524 198 577 sol
219 526 284 594 post
307 536 415 578 nonam
433 521 535 575 horam
550 520 587 575 ad
602 534 733 574 comeum
754 518 920 583 inclinatur,
974 516 1028 572 ists
1050 517 1085 571 ab
1109 517 1207 589 aliquo
1230 516 1349 572 bomine
1372 523 1516 589 portetur,
1538 520 1580 577 sie
1602 538 1667 577 eum
1693 524 1770 594 opud
1792 540 1822 580 se

71 614 149 667 oelor
172 611 240 666 solis
261 611 321 681 jam
348 608 424 663 nube
448 624 525 680 soepe
548 608 644 663 rarius
670 611 800 679 apparet.
828 608 920 662 llomo
974 606 1090 675 baben,
1115 609 1146 659 nt
1164 605 1336 677 ontsmejus
1351 610 1461 677 tangat,
1477 608 1516 663 ita
1536 610 1613 682 qnod
1629 610 1715 667 ctiam
1730 617 1823 686 §super

71 706 168 757 autem
184 700 236 771 qui
253 698 285 753 in
304 712 374 753 anre
396 697 504 752 surdus
525 701 578 763 est,
595 696 739 767 jaspidem
757 696 922 766 adospor·
975 693 1102 767 eliqusm
1121 710 1224 749 renam
1257 694 1386 765 eorporis
1412 694 1474 766 ejus
1498 698 1610 769 positos
1633 702 1679 768 sit,
1702 707 1730 757 at
1750 718 1823 759 vene

70 788 157 858 rigat,
173 793 203 842 et
216 786 309 841 calido
330 786 488 856 spiramine
500 800 552 839 suo
568 785 598 839 in
612 799 679 838 cum
694 783 829 854 exspiret,
848 799 922 854 qna·
974 781 1026 837 illa
1046 786 1075 837 et
1102 784 1217 854 sanguis
1240 782 1290 854 qui
1316 782 1439 837 calorem
1463 787 1492 839 ct
1513 786 1650 843 virtutem
1672 790 1735 861 ejus
1749 792 1824 846 reci·

71 880 158 930 tantu
171 889 205 928 ex
230 873 285 929 hoc
309 873 420 929 calidos
441 877 471 927 ot
493 872 631 928 bomidus
652 871 721 930 flet:
746 880 776 925 et
795 886 863 925 mox
881 870 926 955 ita,
975 870 1070 943 pient,
1090 871 1164 925 vires
1189 871 1252 925 illes
1279 870 1389 926 cereus
1417 873 1497 927 renis
1512 878 1541 928 et
1561 876 1673 947 reliquo
1689 880 1824 951 seoguini

71 962 102 1018 in
118 977 217 1017 eorem
240 971 396 1032 proponat,
415 960 667 1031 atgrecilecocrelr
689 975 777 1030 super
796 958 923 1029 lapidem
975 958 1116 1015 deferunt.
1148 958 1182 1014 Et
1205 958 1244 1013 sic
1268 959 1340 1029 lapis
1365 959 1415 1014 ille
1437 959 1618 1017 infirmitates
1641 965 1677 1019 ab
1706 967 1822 1023 bomine

73 1050 155 1107 illum
174 1055 273 1121 ponet,
289 1057 319 1103 et
335 1050 376 1103 ita
389 1064 489 1103 sorem
503 1048 666 1113 concludat,
685 1052 828 1119 quatenus
846 1046 924 1101 calor
975 1047 1088 1114 avertit,
1114 1050 1143 1102 et
1162 1046 1347 1103 fortissimam
1373 1055 1499 1104 mentem
1519 1055 1619 1106 contre
1646 1052 1823 1113 iracundiam

73 1139 204 1211 ejusdem
225 1137 328 1209 lapidis
349 1136 381 1192 in
400 1152 471 1191 aure
494 1136 545 1191 illa
562 1140 707 1201 transeat;
728 1142 757 1189 et
777 1134 924 1206 quomodo
977 1136 1004 1190 ei
1031 1134 1143 1204 tribuit,
1165 1136 1204 1191 itu
1224 1135 1298 1207 quod
1314 1140 1374 1191 tam
1394 1144 1562 1193 mensuetus
1581 1140 1610 1194 in
1626 1140 1754 1199 moribus
1770 1147 1826 1200 erit

73 1226 147 1295 lapis
161 1225 215 1280 iste
237 1226 273 1281 de
290 1224 376 1279 viridi
400 1239 466 1279 aere
489 1224 601 1285 crescit,
624 1222 711 1277 etium
726 1222 818 1278 varim
841 1222 946 1277 intir··
977 1224 1055 1295 quod
1080 1223 1140 1279 lere
1163 1223 1260 1279 nullus
1282 1223 1370 1279 bomo
1387 1223 1515 1281 invenire
1535 1228 1640 1298 poterit
1658 1230 1735 1286 unde
1747 1232 1825 1303 juste

74 1315 189 1369 mitates
208 1314 366 1369 humorum
397 1313 490 1379 solvit,
515 1316 544 1367 et
563 1313 602 1365 ita
625 1312 673 1365 ille
699 1311 830 1366 eruditum
850 1309 924 1365 reei-
977 1311 1008 1365 in
1025 1311 1070 1366 ira
1090 1315 1260 1382 provocatus
1280 1312 1375 1382 ipsum
1393 1326 1445 1381 per
1459 1312 1631 1383 injustitiam
1655 1316 1759 1374 loedere
1780 1336 1826 1374 ru-

74 1403 143 1473 piet.
171 1403 206 1457 Et
231 1402 282 1474 qni
304 1401 432 1457 nasebosz
455 1401 538 1455 ratde
558 1400 655 1466 babet,
677 1398 819 1469 jaspidem
833 1399 868 1453 ad
892 1414 925 1453 os
979 1401 1045 1455 lent.
1076 1400 1109 1455 lit
1143 1400 1193 1472 qni
1225 1403 1401 1455 constantem
1441 1402 1559 1457 modum
1584 1403 1619 1458 ed
1650 1404 1825 1477 loquendum

74 1500 175 1563 ponat,
197 1498 226 1546 et
240 1490 332 1545 calido
347 1489 504 1561 spiramina
528 1504 580 1543 suo
600 1503 666 1543 eom
682 1487 814 1559 inspiret,
833 1492 862 1542 et
875 1502 924 1541 οο-
978 1488 1085 1543 bebere
1107 1487 1240 1555 voluerit,
1264 1493 1295 1542 ct
1315 1488 1461 1558 sapienter
1482 1505 1515 1544 ea
1542 1490 1671 1561 prolerre
1697 1510 1761 1565 quoe
1786 1496 1826 1549 lo-

74 1579 151 1633 lidns
170 1584 200 1633 et
221 1577 357 1633 humidus
372 1577 434 1644 ilat,
459 1581 489 1631 et
514 1576 555 1631 ita
577 1576 689 1632 eumin
713 1575 855 1631 toramine
873 1590 924 1629 ne·
978 1577 1087 1648 quitur,
1115 1577 1310 1632 calcedonium
1331 1576 1361 1631 in
1387 1592 1474 1631 mann
1498 1594 1549 1633 sus
1578 1585 1685 1650 teneat,
1709 1587 1737 1637 et
1758 1598 1825 1638 eum

75 1666 153 1722 rium
168 1665 250 1737 figet,
265 1669 294 1719 et
307 1680 393 1720 nares
406 1680 495 1720 mauu
513 1664 696 1735 comprimat,
717 1669 750 1718 ut
768 1664 847 1719 ealor
864 1663 927 1734 ejus
943 1652 965 1706 Β
979 1664 1137 1737 spiramine
1156 1680 1208 1721 suo
1222 1664 1377 1734 caleleciat,
1394 1670 1425 1720 ut
1438 1666 1524 1721 etiam
1538 1668 1672 1723 madidus
1683 1670 1751 1725 inde
1765 1671 1825 1741 fiat,

75 1755 106 1809 in
127 1760 214 1825 caput
236 1753 335 1819 intret,
358 1759 389 1809 et
410 1755 547 1807 humores
565 1752 668 1822 cepitis
689 1757 769 1807 tanto
790 1751 874 1807 eitius
898 1755 928 1806 et
980 1759 1009 1807 et
1038 1757 1106 1808 tnnc
1120 1768 1185 1808 com
1207 1753 1306 1824 lingua
1327 1768 1378 1807 sus
1400 1754 1502 1824 lingat,
1519 1759 1548 1810 et
1570 1758 1748 1813 constantius
1774 1760 1826 1817 bo-

76 1843 170 1899 tenins
182 1844 345 1907 solvuntur,
360 1848 388 1896 et
401 1842 503 1896 metius
512 1840 639 1897 hebebit.
980 1841 1107 1897 minibus
1121 1840 1201 1913 toqui
1212 1841 1330 1912 poterit.

111 1932 147 1984 lit
168 1929 216 1985 eui
238 1928 271 1985 in
289 1930 376 1985 eorde
398 1933 449 1984 aut
466 1929 497 1983 in
515 1928 622 1993 lenden,
649 1934 698 1983 aut
719 1926 750 1981 in
774 1925 830 1980 alio
853 1942 925 1997 quo·
1165 1928 1231 1984 Cro.
1246 1930 1316 1985 lllll.
1331 1958 1366 1971 -
1381 1931 1421 1985 Dr
1436 1932 1639 1990 Canrsornnso.

76 2033 191 2089 cunque
212 2018 343 2072 membro
360 2015 484 2071 bominis
505 2020 691 2085 tempestates
714 2014 878 2080 humorum,
896 2013 927 2069 id
1015 2016 1196 2087 crisopassus
1211 2016 1269 2086 (sic)
1293 2016 1344 2071 illa
1362 2018 1433 2073 bora
1448 2022 1561 2089 crescit,
1578 2037 1644 2077 cum
1662 2022 1704 2078 sol
1725 2026 1826 2097 sejam

77 2111 121 2160 est
141 2104 227 2173 pult,
256 2104 422 2174 insurgunt,
448 2101 592 2173 jaspidem
616 2116 706 2173 super
723 2102 820 2156 locum
842 2101 927 2156 illum
980 2108 1072 2159 totum
1094 2104 1247 2170 subtrahit,
1264 2109 1292 2159 ct
1313 2113 1382 2160 tunc
1404 2120 1455 2161 aer
1473 2112 1501 2161 et
1524 2124 1599 2180 equa
1620 2112 1712 2182 magis
1734 2114 1828 2169 turbi-

75 2200 168 2265 ponot
181 2197 211 2247 et
229 2195 343 2263 premat
362 2206 455 2262 usque
479 2190 548 2245 dum
564 2189 605 2243 ibi
629 2189 791 2250 incalescat,
806 2195 835 2243 et
852 2189 928 2258 picit
980 2193 1050 2248 dum
1074 2198 1103 2247 et
1125 2194 1246 2261 protutor
1268 2194 1394 2249 colorem
1419 2194 1512 2252 hebet.
1539 2198 1572 2251 lit
1589 2197 1654 2253 ideo
1676 2199 1750 2271 lepis
1774 2201 1828 2256 iste

76 2283 208 2347 cessabit,
233 2280 372 2353 quonium
393 2280 486 2334 bonus
504 2276 581 2333 color
602 2283 631 2333 et
659 2277 735 2332 bona
756 2277 848 2333 uirtus
879 2277 928 2331 iu·
981 2286 1150 2336 nocturnum
1170 2282 1227 2335 rim
1246 2280 1341 2348 habet,
1364 2298 1430 2337 cum
1456 2283 1524 2338 luna
1541 2284 1652 2341 desole
1671 2288 1829 2345 fortissima

78 2372 157 2443 juste
179 2370 287 2425 calidos
307 2366 428 2439 frigidos
451 2366 590 2424 humores
608 2365 673 2421 illos
690 2372 774 2421 sanat
787 2372 816 2420 et
836 2365 926 2421 sedat.
981 2376 1035 2430 est.
1051 2368 1160 2423 scilicet
1179 2384 1244 2423 cum
1265 2370 1360 2424 media
1383 2375 1435 2438 est,
1461 2378 1491 2426 et
1512 2374 1641 2429 nondum
1657 2376 1743 2446 plens
1764 2384 1826 2443 est;

79 2462 113 2515 Et
133 2474 199 2514 cum
220 2457 337 2528 fulgora
349 2460 378 2511 et
391 2454 520 2510 tonitrua
534 2459 676 2525 apparent
689 2454 720 2507 in
736 2453 856 2520 somnis,
872 2453 928 2508 bo·
982 2463 1012 2512 at
1026 2456 1113 2512 etiam
1137 2470 1257 2527 mugnus
1280 2458 1354 2512 vires
1375 2457 1406 2511 in
1429 2464 1589 2529 temperato
1614 2468 1643 2517 at
1667 2464 1772 2535 requeti
1786 2480 1829 2519 ca·

79 2564 151 2604 num
174 2551 218 2603 est
242 2552 276 2600 ut
301 2543 390 2600 homo
412 2541 558 2613 jaspidem
581 2542 659 2613 apud
683 2558 714 2596 se
729 2541 845 2606 hebeat,
859 2540 929 2612 quia
983 2546 1044 2599 tore
1068 2551 1121 2613 est,
1142 2544 1183 2599 ita
1201 2546 1280 2617 quod
1305 2546 1393 2600 nimis
1416 2545 1525 2602 calidus
1539 2564 1596 2603 nou
1623 2555 1675 2618 est,
1693 2553 1741 2607 sed
1757 2558 1829 2607 tem-

77 2635 208 2692 fantasiae
218 2634 427 2703 etpedropuuze
436 2646 502 2685 eum
518 2629 715 2699 tunciugiunt
728 2628 927 2684 etdimittnnt.
981 2638 1109 2705 perotus.
1135 2634 1211 2688 [ltin
1235 2648 1406 2705 quocunque
1431 2636 1561 2690 membro
1583 2636 1730 2693 homiuem
1754 2640 1829 2707 ptcltt

79 2718 929 2792 Etcummulieriniuntemperitabillaborecomeomjam
982 2722 1093 2792 inligat,
1114 2722 1162 2777 ille
1182 2736 1270 2792 super
1290 2722 1399 2777 nudem
1423 2726 1518 2778 cutem
1532 2740 1614 2781 suom
1636 2727 1828 2799 crisopassum

78 2813 184 2885 gignit,
199 2827 252 2883 per
266 2826 369 2867 omues
383 2809 445 2864 dies
458 2808 590 2879 ejusdem
610 2807 737 2863 baiedebe
753 2806 929 2861 kindbette?
982 2814 1083 2882 ponat,
1103 2815 1133 2864 et
1145 2810 1220 2877 picit
1241 2811 1370 2865 cessabit.
1398 2812 1431 2865 Et
1450 2812 1473 2865 si
1487 2813 1552 2881 uuis
1568 2814 1656 2869 homo
1677 2817 1759 2871 uelde
1773 2818 1829 2872 iro-

75 2901 218 2974 Jaspidem
235 2901 265 2955 in
289 2914 379 2955 menn
400 2914 453 2953 sua
468 2896 581 2963 babeat,
597 2901 630 2950 nt
650 2897 694 2966 (eti
710 2894 830 2966 maligni
851 2894 929 2949 aerei
983 2898 1082 2964 scitur,
1098 2898 1174 2953 idem
1195 2898 1268 2969 lepis
1292 2898 1327 2953 nd
1353 2904 1455 2969 guttur
1473 2899 1551 2955 itlius
1565 2907 1625 2957 tom
1640 2902 1689 2958 din
1705 2912 1832 2975 ponetur

78 2992 198 3063 spiritns
211 2994 292 3046 moto
307 2988 405 3044 minus
418 3002 481 3043 eam
501 2990 531 3041 et
543 2985 682 3041 infantem
695 2984 810 3039 interim
825 2998 929 3039 nocere
982 2987 1050 3042 dnm
1064 2986 1226 3052 incalescet,
1248 2992 1276 3041 et
1301 2986 1350 3041 ille
1363 2988 1449 3041 rerba
1468 2988 1519 3043 irre
1538 2989 1667 3060 prolerre
1681 3006 1739 3046 non
1754 2996 1831 3064 pote-

79 3084 226 3153 poterunt‚
252 3078 322 3149 qnia
342 3077 442 3147 lingua
466 3075 578 3146 antiqui
601 3073 744 3144 serpentis
758 3072 886 3127 extendit
899 3086 929 3127 se
985 3076 1129 3145 ritusque
1143 3074 1211 3129 dum
1233 3075 1276 3129 ira
1297 3075 1360 3146 ejus
1374 3076 1511 3147 quiescat.
1527 3077 1582 3133 Sed
1601 3079 1631 3133 in
1656 3094 1831 3153 quocunqne

80 3169 117 3224 ad
131 3167 266 3223 sudorem
278 3165 398 3220 intentis
412 3164 447 3219 de
467 3164 550 3218 rutra
569 3162 669 3217 matris
690 3160 886 3234 egredientis3
901 3164 931 3215 et
982 3163 1046 3218 loeo
1061 3162 1137 3218 idem
1161 3162 1234 3233 lapis
1263 3167 1314 3233 est,
1341 3163 1391 3219 ubi
1412 3166 1592 3220 mortiferum
1611 3182 1754 3223 venenum
1777 3173 1830 3234 est,

81 3257 150 3312 ideo
164 3260 224 3310 tam
239 3252 341 3308 intanti
355 3267 443 3324 qnam
459 3252 545 3307 metri
559 3267 594 3306 eo
614 3254 745 3321 tempore
765 3249 928 3306 insidiatur.
982 3252 1057 3306 eires
1084 3266 1150 3306 suas
1176 3252 1291 3319 omittit,
1319 3250 1358 3306 ita
1387 3252 1462 3323 qood
1490 3253 1598 3326 absque
1627 3254 1735 3311 viribus
1754 3258 1833 3312 velut

80 3344 138 3401 Sed
156 3349 186 3398 et
207 3343 231 3397 si
253 3356 371 3411 serpens
389 3340 421 3394 in
435 3340 534 3411 aliquo
550 3340 614 3393 loco
628 3338 729 3393 ilatum
748 3354 832 3393 sunm
845 3338 929 3393 emit·
983 3356 1058 3412 equs
1079 3340 1172 3395 debile
1196 3342 1239 3408 tlt,
1262 3340 1355 3396 idest
1378 3342 1536 3412 unkrefftip,
1558 3348 1588 3399 et
1611 3344 1687 3416 qood
1708 3346 1832 3400 colorem

79 3435 127 3500 tit,
149 3431 191 3487 ibi
215 3429 358 3501 jaspidem
379 3443 467 3500 pone,
486 3432 516 3481 et
532 3426 618 3481 ssatus
637 3426 716 3480 itlius
739 3426 780 3480 ita
800 3423 931 3481 debilita·
983 3442 1067 3481 soom
1089 3428 1119 3483 in
1142 3426 1320 3483 debilitatem
1344 3428 1448 3495 mittat,
1472 3429 1560 3485 etita
1581 3432 1677 3486 minos
1701 3434 1833 3489 nocivum

79 3527 130 3578 tur
147 3521 225 3593 quod
248 3517 346 3573 minus
363 3514 484 3572 nocivus
506 3514 573 3581 erit,
587 3519 617 3569 et
635 3514 712 3585 quod
732 3512 842 3569 ibidem
861 3512 932 3567 flare
984 3516 1049 3571 erit.
1067 3514 1159 3571 llomo
1179 3520 1275 3571 cutam
1297 3516 1437 3571 caducum
1458 3517 1591 3573 morbum
1615 3520 1723 3575 babens
1744 3522 1832 3577 criso-

81 3626 202 3682 serpens
216 3605 337 3663 desistit.
987 3619 1103 3676 pessum
1119 3604 1196 3676 epod
1219 3620 1248 3658 se
1272 3618 1386 3674 semper
1400 3604 1515 3673 hebent,
1531 3610 1560 3660 et
1580 3611 1720 3662 nocturna
1735 3609 1832 3681 pestis,

322 3695 392 3750 cis.
405 3694 450 3748 lil.
464 3720 500 3733 -
515 3692 555 3747 lle
565 3693 679 3747 Passio.
985 3690 1094 3747 scilicet
1106 3690 1230 3747 caducos
1245 3692 1373 3759 morbus,
1384 3708 1450 3747 eum
1462 3692 1558 3749 minus
1573 3694 1668 3763 ludet,
1681 3696 1747 3767 quie
1756 3696 1834 3752 aerei

118 3785 235 3844 Presius
246 3782 359 3849 erescit,
374 3797 441 3836 cum
466 3780 509 3835 sol
529 3779 629 3835 radios
651 3794 719 3834 snos
732 3777 809 3833 circa
829 3794 932 3850 vespe-
985 3780 1105 3855 spiritus
1125 3780 1199 3835 ciros
1217 3794 1282 3835 eom
1311 3779 1476 3836 irrisionem
1497 3783 1571 3837 banc
1593 3783 1709 3839 interim
1733 3800 1834 3855 parare

82 3893 129 3933 ras
143 3892 162 3931 a
175 3871 373 3946 superioribus
397 3875 483 3925 terrie
507 3867 651 3924 subtrabit
669 3871 699 3922 et
722 3882 788 3922 eum
803 3882 851 3921 ros
870 3867 931 3936 jam
986 3884 1044 3924 non
1070 3872 1215 3941 poterunt,
1236 3869 1306 3940 quin
1329 3884 1362 3924 ex
1376 3885 1425 3924 ore
1441 3886 1492 3924 suo
1517 3886 1650 3943 spumam
1673 3872 1774 3928 dolens
1792 3874 1834 3929 ei·

84 3963 308 4037 appropinquat,
333 3964 362 4015 et
375 3960 452 4031 quod
476 3960 518 4013 sol
539 3957 680 4029 paulatim
698 3972 784 4029 super
806 3955 933 4028 lapidem
986 3957 1051 4012 ciet.
1068 3957 1102 4012 Et
1123 3958 1147 4011 si
1168 3958 1271 4029 aliquis
1289 3958 1390 4012 *homo
1416 3973 1433 4011 a
1462 3958 1586 4030 dyabulo
1613 3975 1760 4031 possessus
1781 3965 1834 4033 est,

83 4052 197 4125 prelati
221 4051 329 4105 montis
351 4048 429 4125 eadit
456 4051 487 4102 et
503 4062 570 4102 enm
599 4046 711 4101 lortiter
737 4044 875 4113 incendit,
905 4049 934 4099 et
986 4046 1130 4101 modicum
1150 4060 1233 4117 equsc
1253 4060 1422 4116 supereum
1444 4046 1543 4115 funde,
1565 4052 1595 4103 et
1615 4046 1684 4103 dio:
1707 4050 1835 4119 «lipom

84 4142 125 4197 ita
143 4140 180 4196 da
197 4139 302 4194 erdore
322 4135 390 4191 solis
412 4141 441 4191 et
462 4135 499 4191 de
513 4134 684 4191 humiditate
705 4133 780 4189 aeris
793 4137 824 4189 et
848 4148 933 4205 aquen
987 4148 1074 4207 equa,
1090 4148 1178 4205 super
1191 4132 1277 4188 istum
1301 4133 1426 4204 lapidem
1447 4134 1478 4189 in
1493 4134 1598 4190 virtute
1621 4134 1671 4191 ills
1685 4140 1714 4193 te
1733 4137 1835 4201 fundo,

84 4246 119 4285 ae
140 4229 176 4284 de
198 4226 341 4283 viriditate
361 4224 435 4281 roris
454 4223 566 4296 prasius
586 4223 628 4278 ibi
650 4222 785 4277 nescitur.
806 4222 862 4287 Qui
885 4237 932 4276 ar·
951 4224 1133 4297 pqustleus
1148 4222 1237 4277 solem
1261 4227 1468 4279 comcnrrente
1482 4222 1645 4293 lunaleoit3
1660 4246 1672 4274 s
1688 4228 1717 4281 et
1731 4242 1837 4299 aquam

84 4320 202 4375 dentem
224 4316 293 4387 tiber
320 4315 419 4379 babet,
449 4312 578 4385 prasium
603 4312 635 4367 in
660 4312 775 4367 modico
800 4310 934 4383 siligineo
988 4312 1073 4368 istem
1096 4310 1139 4366 illi
1163 4326 1294 4383 possesso
1315 4312 1348 4367 ud
1372 4310 1531 4367 bibendum
1556 4312 1637 4368 debis
1663 4330 1836 4387 quocunque

85 4422 161 4480 pane
182 4405 274 4462 ddunt
301 4402 437 4471 involvat,
463 4406 492 4457 et
519 4400 560 4457 ite
587 4400 752 4456 involutum
779 4399 810 4454 in
836 4414 936 4470 panno
990 4400 1076 4455 modo
1097 4399 1214 4471 poteris,
1232 4399 1369 4471 qnoniam
1393 4399 1500 4454 inritus
1522 4415 1586 4455 eam
1609 4400 1702 4470 bibit;
1725 4407 1754 4457 et
1776 4408 1838 4459 tota

85 4497 167 4567 liget,
191 4499 221 4550 et
238 4494 345 4564 sicper
368 4497 426 4547 tres
439 4490 506 4562 {dies
522 4494 552 4546 et
572 4494 682 4557 noctes,
704 4503 792 4560 super
813 4487 936 4543 umbili-
989 4488 1037 4544 die
1056 4487 1106 4543 illa
1130 4486 1268 4559 dyabulus
1296 4487 1326 4541 in
1351 4502 1385 4542 eo
1407 4487 1598 4558 torquebitur,
1616 4493 1645 4543 et
1669 4488 1793 4545 debilior
1807 4491 1839 4545 in

86 4600 153 4640 enm
173 4598 258 4639 suum
272 4597 340 4637 eum
356 4580 478 4652 ligatum
494 4579 609 4644 babeat,
626 4581 656 4632 et
677 4578 745 4646 liber
767 4576 804 4631 ab
817 4592 852 4632 eo
874 4592 934 4631 ces·
989 4592 1025 4633 eo
1045 4576 1111 4644 erit,
1128 4588 1180 4630 neo
1194 4574 1269 4630 vires
1284 4590 1350 4630 suae
1368 4580 1437 4629 tunc
1455 4575 1486 4629 in
1501 4590 1534 4629 eo
1553 4576 1686 4644 ostendit,
1704 4581 1738 4632 ut
1759 4578 1839 4651 prius

87 4673 171 4729 sabit.
195 4672 250 4726 Sed
276 4676 307 4727 et
320 4668 371 4743 qui
384 4669 415 4723 in
429 4683 496 4722 caso
515 4672 566 4723 aut
579 4666 638 4721 ictu
653 4664 758 4721 olicuhi
773 4664 805 4721 in
818 4679 936 4736 corpore
990 4664 1076 4732 feeit3
1093 4664 1176 4719 etsie
1195 4678 1248 4734 per
1265 4662 1393 4735 quinque
1410 4661 1470 4717 dies
1491 4662 1553 4731 lao;
1569 4663 1600 4718 in
1622 4664 1723 4735 quinta
1743 4671 1840 4723 autem

87 4776 141 4817 sno
161 4760 312 4826 contritus,
334 4762 461 4812 veterem
485 4755 615 4810 arvinam
641 4752 772 4826 accipiat,
787 4757 816 4808 et
833 4753 861 4807 ei
881 4752 938 4807 ssl-
991 4750 1048 4816 die,
1062 4764 1128 4804 curn
1143 4750 1243 4804 eedem
1267 4764 1342 4820 aqua
1357 4764 1444 4821 super
1463 4749 1557 4819 ipsum
1577 4749 1722 4807 modicum
1745 4752 1842 4807 tortel-

88 4849 166 4904 riam
187 4853 216 4902 et
229 4848 406 4918 reynefanem
429 4845 535 4916 aequali
549 4843 678 4918 pondere
700 4840 894 4906 commisceat,
909 4843 939 4893 et
991 4839 1052 4894 lum
1062 4852 1142 4909 para,
1158 4838 1236 4892 velut
1245 4837 1295 4892 der
1309 4836 1388 4903 droit,
1405 4843 1433 4891 et
1448 4852 1619 4909 quocunque
1634 4840 1720 4895 modo
1734 4841 1841 4912 poteris

23 4979 24 4986 ,
89 4934 137 4990 bis
161 4932 289 5006 prasium
315 4931 473 5003 imprimat,
503 4935 532 4986 et
558 4935 627 4985 tunc
652 4930 689 4985 ad
717 4928 807 4983 solem
833 4925 938 4982 autad
992 4925 1036 4980 illi
1050 4924 1088 4979 ad
1112 4924 1321 4979 comedendum
1344 4922 1443 4990 dabis3
1467 4926 1496 4978 et
1515 4923 1539 4977 si
1564 4938 1630 4980 acer
1647 4922 1761 4981 daemon
1782 4941 1841 4981 non

23 4997 24 5040 ¹
89 5024 189 5096 ignem
215 5020 256 5076 ita
275 5020 431 5087 celeteciat,
446 5024 477 5074 et
494 5018 536 5073 sic
549 5016 649 5073 omnia
671 5017 733 5072 brec
755 5030 821 5071 oum
836 5013 938 5069 eodem
994 5018 1048 5082 est,
1061 5013 1097 5068 ab
1111 5011 1229 5066 homine
1243 5011 1294 5067 illo
1309 5010 1432 5066 recedet.
1449 5012 1482 5066 Et
1495 5012 1550 5068 boc
1565 5013 1649 5069 modo
1665 5028 1841 5085 cognoscen-

90 5111 188 5183 lapide
212 5107 426 5164 commixtaits
448 5106 539 5162 relide
561 5106 764 5177 superiorum
790 5102 839 5158 nbi
864 5102 941 5157 dolet
995 5104 1065 5159 dnm
1096 5105 1147 5170 est,
1174 5105 1272 5155 utrum
1296 5115 1407 5168 nereus,
1437 5100 1509 5155 lenis
1533 5117 1569 5157 οη
1594 5116 1710 5157 umcros
1729 5103 1842 5159 demon

92 5203 193 5273 ponat,
207 5203 238 5254 et
250 5198 354 5254 melius
368 5196 495 5252 habebit.
995 5191 1041 5247 sit.
1067 5191 1138 5245 Nam
1154 5188 1178 5243 si
1192 5189 1278 5245 homo
1300 5188 1422 5245 libenter
1436 5188 1521 5257 ridet,
1544 5194 1574 5245 et
1592 5190 1617 5244 si
1635 5190 1768 5247 homines
1791 5190 1845 5247 be-

23 5343 24 5358 ,
298 5288 366 5343 Ger.
382 5286 441 5341 ΧΠ.
455 5312 493 5327 -
507 5284 547 5339 ur
561 5284 743 5339 enarmonio.
995 5279 1107 5345 novole,
1125 5277 1154 5333 id
1176 5282 1218 5333 est
1234 5278 1385 5343 bottrete'el,
1406 5276 1495 5345 videt,
1520 5280 1548 5332 et
1566 5278 1590 5333 si
1614 5278 1760 5335 interdum
1774 5280 1844 5336 den-

23 5371 24 5450 Ϊ
129 5376 314 5436 Galoedonins
336 5390 402 5431 eum
418 5374 461 5430 sol
482 5378 549 5447 post
561 5385 694 5441 vesperus
704 5370 767 5440 jam
785 5384 861 5437 pene
874 5368 942 5424 sub·
995 5366 1075 5422 tibus
1088 5362 1206 5433 frendit,
1223 5364 1251 5421 id
1271 5370 1315 5420 est
1337 5366 1527 5435 pmsrprornet
1551 5365 1592 5421 ibi
1607 5382 1708 5422 aereos
1729 5367 1845 5441 spiritns

92 5472 201 5524 tractus
221 5470 274 5534 cst,
294 5461 406 5531 crescit,
430 5476 497 5517 cum
520 5459 609 5515 etiam
630 5472 681 5513 uer
702 5457 798 5512 edboe
811 5455 942 5528 aliquun-
998 5456 1073 5511 lenis
1095 5458 1147 5509 est.
1164 5454 1192 5509 Si
1216 5458 1311 5509 nutem
1328 5454 1414 5509 homo
1436 5454 1485 5509 itte
1505 5454 1611 5511 inritus
1626 5456 1756 5529 loquitur
1774 5462 1803 5514 et
1821 5456 1846 5511 si

271 5565 410 5632 Person.
436 5558 582 5627 cxcvtt.
656 5662 660 5671 Ι
1628 5559 1670 5621 ⁴0
