<?xml version="1.0" encoding="UTF-8"?>
<!DOCTYPE html PUBLIC "-//W3C//DTD XHTML 1.0 Transitional//EN"
    "http://www.w3.org/TR/xhtml1/DTD/xhtml1-transitional.dtd">
<html xmlns="http://www.w3.org/1999/xhtml" xml:lang="en" lang="en">
 <head>
  <title>
</title>
<meta http-equiv="Content-Type" content="text/html;charset=utf-8" />
  <meta name='ocr-system' content='tesseract 3.04.00' />
  <meta name='ocr-capabilities' content='ocr_page ocr_carea ocr_par ocr_line ocrx_word'/>
</head>
<body>
  <div class='ocr_page' id='page_1' title='image "./patrologiaecurs125unkngoog/patrologiaecurs125unkngoog_0205.png"; bbox 0 0 3984 6034; ppageno 0'>
   <div class='ocr_carea' id='block_1_1' title="bbox 94 253 1848 323">
    <p class='ocr_par' dir='ltr' id='par_1_1' title="bbox 94 253 1848 323">
     <span class='ocr_line' id='line_1_1' title="bbox 94 253 1848 323; baseline 0.005 -17"><span class='ocrx_word' id='word_1_1' title='bbox 94 253 144 306; x_wconf 77' lang='lat' dir='ltr'><strong>tol</strong></span> <span class='ocrx_word' id='word_1_2' title='bbox 733 255 1212 323; x_wconf 76' lang='lat' dir='ltr'><strong>sc1v1e8.-t1a.l,vlsloll.</strong></span> <span class='ocrx_word' id='word_1_3' title='bbox 1794 268 1848 323; x_wconf 74' lang='lat'><strong>402</strong></span> 
     </span>
    </p>
   </div>
   <div class='ocr_carea' id='block_1_2' title="bbox 93 381 1849 3473">
    <p class='ocr_par' dir='ltr' id='par_1_2' title="bbox 93 381 1849 2672">
     <span class='ocr_line' id='line_1_2' title="bbox 94 381 1845 462; baseline 0.009 -24"><span class='ocrx_word' id='word_1_4' title='bbox 94 381 153 438; x_wconf 87' lang='lat' dir='ltr'><strong>Sed</strong></span> <span class='ocrx_word' id='word_1_5' title='bbox 166 381 239 437; x_wconf 90' lang='lat' dir='ltr'><strong>item</strong></span> <span class='ocrx_word' id='word_1_6' title='bbox 253 381 422 438; x_wconf 90' lang='lat' dir='ltr'><strong>mitissimus</strong></span> <span class='ocrx_word' id='word_1_7' title='bbox 444 384 529 438; x_wconf 81' lang='lat' dir='ltr'><strong>Pater</strong></span> <span class='ocrx_word' id='word_1_8' title='bbox 552 383 631 439; x_wconf 91' lang='lat' dir='ltr'><strong>misit</strong></span> <span class='ocrx_word' id='word_1_9' title='bbox 654 383 839 456; x_wconf 78' lang='lat' dir='ltr'><strong>Unigenitum</strong></span> <span class='ocrx_word' id='word_1_10' title='bbox 858 401 942 442; x_wconf 81' lang='lat' dir='ltr'><strong>suram</strong></span> <span class='ocrx_word' id='word_1_11' title='bbox 961 387 1112 444; x_wconf 78' lang='lat' dir='ltr'><strong>Asuhlata</strong></span> <span class='ocrx_word' id='word_1_12' title='bbox 1126 393 1170 443; x_wconf 88' lang='lat' dir='ltr'><strong>est</strong></span> <span class='ocrx_word' id='word_1_13' title='bbox 1185 403 1192 442; x_wconf 74' lang='grc' dir='ltr'><strong>ε</strong></span> <span class='ocrx_word' id='word_1_14' title='bbox 1209 405 1296 462; x_wconf 89' lang='lat' dir='ltr'><strong>quem</strong></span> <span class='ocrx_word' id='word_1_15' title='bbox 1313 393 1412 462; x_wconf 88' lang='lat' dir='ltr'><strong>postea</strong></span> <span class='ocrx_word' id='word_1_16' title='bbox 1427 390 1565 446; x_wconf 79' lang='lat' dir='ltr'><strong>Dominus</strong></span> <span class='ocrx_word' id='word_1_17' title='bbox 1590 392 1681 448; x_wconf 92' lang='lat' dir='ltr'><strong>multo</strong></span> <span class='ocrx_word' id='word_1_18' title='bbox 1704 394 1801 453; x_wconf 90' lang='lat' dir='ltr'><strong>studio</strong></span> <span class='ocrx_word' id='word_1_19' title='bbox 1816 401 1845 452; x_wconf 92' lang='lat' dir='ltr'><strong>et</strong></span> 
     </span>
     <span class='ocr_line' id='line_1_3' title="bbox 96 470 1848 555; baseline 0.008 -30"><span class='ocrx_word' id='word_1_20' title='bbox 96 470 172 525; x_wconf 75' lang='lat' dir='ltr'><strong>mori</strong></span> <span class='ocrx_word' id='word_1_21' title='bbox 182 486 235 542; x_wconf 95' lang='lat' dir='ltr'><strong>pro</strong></span> <span class='ocrx_word' id='word_1_22' title='bbox 250 470 368 541; x_wconf 90' lang='lat' dir='ltr'><strong>populo,</strong></span> <span class='ocrx_word' id='word_1_23' title='bbox 383 475 417 525; x_wconf 93' lang='lat' dir='ltr'><strong>ut</strong></span> <span class='ocrx_word' id='word_1_24' title='bbox 429 470 578 526; x_wconf 89' lang='lat' dir='ltr'><strong>hominem</strong></span> <span class='ocrx_word' id='word_1_25' title='bbox 601 488 618 525; x_wconf 91' lang='lat' dir='ltr'><strong>a</strong></span> <span class='ocrx_word' id='word_1_26' title='bbox 641 472 783 528; x_wconf 89' lang='lat' dir='ltr'><strong>diabolica</strong></span> <span class='ocrx_word' id='word_1_27' title='bbox 805 479 946 545; x_wconf 74' lang='lat' dir='ltr'><strong>potestate</strong></span> <span class='ocrx_word' id='word_1_28' title='bbox 998 477 1110 548; x_wconf 77' lang='lat' dir='ltr'><strong>iustitia</strong></span> <span class='ocrx_word' id='word_1_29' title='bbox 1135 477 1293 548; x_wconf 78' lang='lat' dir='ltr'>requisivit.</span> <span class='ocrx_word' id='word_1_30' title='bbox 1317 477 1497 551; x_wconf 73' lang='lat' dir='ltr'>Quapropter</span> <span class='ocrx_word' id='word_1_31' title='bbox 1529 484 1597 537; x_wconf 87' lang='lat' dir='ltr'><strong>tnnc</strong></span> <span class='ocrx_word' id='word_1_32' title='bbox 1627 483 1732 538; x_wconf 88' lang='lat' dir='ltr'><strong>chorus</strong></span> <span class='ocrx_word' id='word_1_33' title='bbox 1760 501 1848 555; x_wconf 88' lang='lat' dir='ltr'><strong>ange·</strong></span> 
     </span>
     <span class='ocr_line' id='line_1_4' title="bbox 94 559 1848 639; baseline 0.008 -24"><span class='ocrx_word' id='word_1_34' title='bbox 94 559 242 615; x_wconf 89' lang='lat' dir='ltr'><strong>liberaret.</strong></span> <span class='ocrx_word' id='word_1_35' title='bbox 262 559 296 615; x_wconf 81' lang='lat' dir='ltr'><strong>lit</strong></span> <span class='ocrx_word' id='word_1_36' title='bbox 319 559 468 616; x_wconf 87' lang='lat' dir='ltr'><strong>sichomo</strong></span> <span class='ocrx_word' id='word_1_37' title='bbox 492 560 631 616; x_wconf 87' lang='lat' dir='ltr'><strong>liberatas</strong></span> <span class='ocrx_word' id='word_1_38' title='bbox 656 561 748 634; x_wconf 89' lang='lat' dir='ltr'><strong>lutget</strong></span> <span class='ocrx_word' id='word_1_39' title='bbox 769 562 799 616; x_wconf 91' lang='lat' dir='ltr'><strong>in</strong></span> <span class='ocrx_word' id='word_1_40' title='bbox 824 563 894 632; x_wconf 76' lang='lat' dir='ltr'><strong>tirso,</strong></span> <span class='ocrx_word' id='word_1_41' title='bbox 917 568 947 618; x_wconf 91' lang='lat' dir='ltr'><strong>et</strong></span> <span class='ocrx_word' id='word_1_42' title='bbox 1001 567 1096 621; x_wconf 85' lang='lat' dir='ltr'><strong>lorum</strong></span> <span class='ocrx_word' id='word_1_43' title='bbox 1111 566 1142 620; x_wconf 92' lang='lat' dir='ltr'><strong>iu</strong></span> <span class='ocrx_word' id='word_1_44' title='bbox 1157 567 1282 622; x_wconf 85' lang='lat' dir='ltr'><strong>marimo</strong></span> <span class='ocrx_word' id='word_1_45' title='bbox 1301 566 1407 639; x_wconf 88' lang='lat' dir='ltr'><strong>gaudio</strong></span> <span class='ocrx_word' id='word_1_46' title='bbox 1430 568 1609 624; x_wconf 88' lang='lat' dir='ltr'><strong>illuminatus</strong></span> <span class='ocrx_word' id='word_1_47' title='bbox 1633 575 1686 635; x_wconf 91' lang='lat' dir='ltr'><strong>est,</strong></span> <span class='ocrx_word' id='word_1_48' title='bbox 1707 587 1772 628; x_wconf 91' lang='lat' dir='ltr'><strong>cum</strong></span> <span class='ocrx_word' id='word_1_49' title='bbox 1796 573 1848 628; x_wconf 90' lang='lat' dir='ltr'><strong>ho·</strong></span> 
     </span>
     <span class='ocr_line' id='line_1_5' title="bbox 94 647 1847 727; baseline 0.007 -22"><span class='ocrx_word' id='word_1_50' title='bbox 94 647 558 716; x_wconf 82' lang='lat' dir='ltr'><strong>beusinhomine3consortinm</strong></span> <span class='ocrx_word' id='word_1_51' title='bbox 573 649 739 706; x_wconf 81' lang='lat' dir='ltr'><strong>homocum</strong></span> <span class='ocrx_word' id='word_1_52' title='bbox 766 652 823 706; x_wconf 85' lang='lat' dir='ltr'><strong>lleo</strong></span> <span class='ocrx_word' id='word_1_53' title='bbox 838 653 946 708; x_wconf 88' lang='lat' dir='ltr'><strong>habeus</strong></span> <span class='ocrx_word' id='word_1_54' title='bbox 1000 655 1109 710; x_wconf 87' lang='lat' dir='ltr'><strong>minem</strong></span> <span class='ocrx_word' id='word_1_55' title='bbox 1137 655 1233 727; x_wconf 78' lang='lat' dir='ltr'>angeli</span> <span class='ocrx_word' id='word_1_56' title='bbox 1267 656 1297 710; x_wconf 93' lang='lat' dir='ltr'><strong>in</strong></span> <span class='ocrx_word' id='word_1_57' title='bbox 1320 657 1391 712; x_wconf 86' lang='lat' dir='ltr'><strong>coelo</strong></span> <span class='ocrx_word' id='word_1_58' title='bbox 1419 656 1562 712; x_wconf 82' lang='lat' dir='ltr'><strong>viderunt.</strong></span> <span class='ocrx_word' id='word_1_59' title='bbox 1588 659 1661 724; x_wconf 85' lang='lat' dir='ltr'><strong>Quid</strong></span> <span class='ocrx_word' id='word_1_60' title='bbox 1683 659 1755 716; x_wconf 87' lang='lat' dir='ltr'><strong>hoc‘?</strong></span> <span class='ocrx_word' id='word_1_61' title='bbox 1777 662 1847 718; x_wconf 89' lang='lat' dir='ltr'><strong>Cum</strong></span> 
     </span>
     <span class='ocr_line' id='line_1_6' title="bbox 95 736 1849 817; baseline 0.008 -25"><span class='ocrx_word' id='word_1_62' title='bbox 95 736 300 809; x_wconf 85' lang='lat' dir='ltr'><strong>lulgentiorem</strong></span> <span class='ocrx_word' id='word_1_63' title='bbox 317 738 476 794; x_wconf 73' lang='lat' dir='ltr'><strong>claritatem</strong></span> <span class='ocrx_word' id='word_1_64' title='bbox 499 754 589 810; x_wconf 88' lang='lat' dir='ltr'><strong>qnam</strong></span> <span class='ocrx_word' id='word_1_65' title='bbox 602 739 833 810; x_wconf 77' lang='lat' dir='ltr'><strong>priusthaberet,</strong></span> <span class='ocrx_word' id='word_1_66' title='bbox 854 742 945 812; x_wconf 88' lang='lat' dir='ltr'><strong>possi·</strong></span> <span class='ocrx_word' id='word_1_67' title='bbox 1001 744 1137 799; x_wconf 87' lang='lat' dir='ltr'><strong>innocens</strong></span> <span class='ocrx_word' id='word_1_68' title='bbox 1152 759 1243 816; x_wconf 90' lang='lat' dir='ltr'><strong>agnus</strong></span> <span class='ocrx_word' id='word_1_69' title='bbox 1256 743 1286 799; x_wconf 95' lang='lat' dir='ltr'><strong>in</strong></span> <span class='ocrx_word' id='word_1_70' title='bbox 1307 759 1419 798; x_wconf 85' lang='lat' dir='ltr'><strong>crucem</strong></span> <span class='ocrx_word' id='word_1_71' title='bbox 1446 761 1601 817; x_wconf 87' lang='lat' dir='ltr'><strong>suspensus</strong></span> <span class='ocrx_word' id='word_1_72' title='bbox 1627 752 1679 814; x_wconf 93' lang='lat' dir='ltr'><strong>est,</strong></span> <span class='ocrx_word' id='word_1_73' title='bbox 1706 751 1849 806; x_wconf 88' lang='lat' dir='ltr'><strong>elementa</strong></span> 
     </span>
     <span class='ocr_line' id='line_1_7' title="bbox 95 824 1848 906; baseline 0.008 -26"><span class='ocrx_word' id='word_1_74' title='bbox 95 824 146 880; x_wconf 91' lang='lat' dir='ltr'><strong>det</strong></span> <span class='ocrx_word' id='word_1_75' title='bbox 159 825 189 880; x_wconf 95' lang='lat' dir='ltr'><strong>in</strong></span> <span class='ocrx_word' id='word_1_76' title='bbox 204 827 285 881; x_wconf 82' lang='lat' dir='ltr'><strong>coelo.</strong></span> <span class='ocrx_word' id='word_1_77' title='bbox 297 826 379 892; x_wconf 81' lang='lat' dir='ltr'><strong>Quod</strong></span> <span class='ocrx_word' id='word_1_78' title='bbox 394 843 454 882; x_wconf 94' lang='lat' dir='ltr'><strong>uon</strong></span> <span class='ocrx_word' id='word_1_79' title='bbox 473 827 624 890; x_wconf 86' lang='lat' dir='ltr'><strong>luisset,si</strong></span> <span class='ocrx_word' id='word_1_80' title='bbox 649 828 737 884; x_wconf 85' lang='lat' dir='ltr'><strong>Filius</strong></span> <span class='ocrx_word' id='word_1_81' title='bbox 757 829 807 884; x_wconf 86' lang='lat' dir='ltr'><strong>Dei</strong></span> <span class='ocrx_word' id='word_1_82' title='bbox 829 845 946 885; x_wconf 77' lang='lat' dir='ltr'><strong>munem</strong></span> <span class='ocrx_word' id='word_1_83' title='bbox 1000 836 1191 900; x_wconf 88' lang='lat' dir='ltr'><strong>tremuerunt,</strong></span> <span class='ocrx_word' id='word_1_84' title='bbox 1227 833 1295 904; x_wconf 88' lang='lat' dir='ltr'><strong>quie</strong></span> <span class='ocrx_word' id='word_1_85' title='bbox 1328 832 1523 888; x_wconf 86' lang='lat' dir='ltr'><strong>nobilissimus</strong></span> <span class='ocrx_word' id='word_1_86' title='bbox 1553 835 1673 906; x_wconf 81' lang='lat' dir='ltr'><strong>virginis</strong></span> <span class='ocrx_word' id='word_1_87' title='bbox 1701 836 1777 892; x_wconf 88' lang='lat' dir='ltr'><strong>iilius</strong></span> <span class='ocrx_word' id='word_1_88' title='bbox 1812 839 1848 894; x_wconf 93' lang='lat' dir='ltr'><strong>de</strong></span> 
     </span>
     <span class='ocr_line' id='line_1_8' title="bbox 94 913 1849 994; baseline 0.009 -26"><span class='ocrx_word' id='word_1_89' title='bbox 94 929 156 969; x_wconf 90' lang='lat' dir='ltr'><strong>nou</strong></span> <span class='ocrx_word' id='word_1_90' title='bbox 173 913 326 982; x_wconf 76' lang='lat' dir='ltr'><strong>induisset,</strong></span> <span class='ocrx_word' id='word_1_91' title='bbox 349 915 500 987; x_wconf 88' lang='lat' dir='ltr'><strong>quoniam,</strong></span> <span class='ocrx_word' id='word_1_92' title='bbox 518 916 543 970; x_wconf 89' lang='lat' dir='ltr'><strong>si</strong></span> <span class='ocrx_word' id='word_1_93' title='bbox 564 917 651 972; x_wconf 89' lang='lat' dir='ltr'><strong>homo</strong></span> <span class='ocrx_word' id='word_1_94' title='bbox 671 917 702 972; x_wconf 90' lang='lat' dir='ltr'><strong>in</strong></span> <span class='ocrx_word' id='word_1_95' title='bbox 720 918 852 989; x_wconf 76' lang='lat' dir='ltr'><strong>paradiso</strong></span> <span class='ocrx_word' id='word_1_96' title='bbox 877 934 946 991; x_wconf 90' lang='lat' dir='ltr'><strong>per·</strong></span> <span class='ocrx_word' id='word_1_97' title='bbox 1000 921 1133 976; x_wconf 88' lang='lat' dir='ltr'><strong>manibus</strong></span> <span class='ocrx_word' id='word_1_98' title='bbox 1157 920 1368 977; x_wconf 76' lang='lat' dir='ltr'><strong>homicidarum</strong></span> <span class='ocrx_word' id='word_1_99' title='bbox 1397 923 1584 994; x_wconf 75' lang='lat' dir='ltr'><strong>corporaliter</strong></span> <span class='ocrx_word' id='word_1_100' title='bbox 1605 924 1714 980; x_wconf 93' lang='lat' dir='ltr'><strong>occisus</strong></span> <span class='ocrx_word' id='word_1_101' title='bbox 1738 933 1788 982; x_wconf 85' lang='lat' dir='ltr'><strong>e&#39;st.</strong></span> <span class='ocrx_word' id='word_1_102' title='bbox 1816 929 1849 984; x_wconf 92' lang='lat' dir='ltr'><strong>lu</strong></span> 
     </span>
     <span class='ocr_line' id='line_1_9' title="bbox 96 1002 1849 1086; baseline 0.009 -29"><span class='ocrx_word' id='word_1_103' title='bbox 96 1002 262 1072; x_wconf 84' lang='lat' dir='ltr'><strong>mansisset,</strong></span> <span class='ocrx_word' id='word_1_104' title='bbox 285 1003 372 1058; x_wconf 79' lang='lat' dir='ltr'><strong>Filius</strong></span> <span class='ocrx_word' id='word_1_105' title='bbox 397 1005 429 1059; x_wconf 94' lang='lat' dir='ltr'><strong>in</strong></span> <span class='ocrx_word' id='word_1_106' title='bbox 448 1020 532 1060; x_wconf 89' lang='lat' dir='ltr'><strong>cruce</strong></span> <span class='ocrx_word' id='word_1_107' title='bbox 550 1021 650 1078; x_wconf 88' lang='lat' dir='ltr'><strong>passus</strong></span> <span class='ocrx_word' id='word_1_108' title='bbox 674 1022 733 1061; x_wconf 91' lang='lat' dir='ltr'><strong>nou</strong></span> <span class='ocrx_word' id='word_1_109' title='bbox 754 1007 863 1061; x_wconf 87' lang='lat' dir='ltr'><strong>luisset.</strong></span> <span class='ocrx_word' id='word_1_110' title='bbox 890 1006 945 1063; x_wconf 88' lang='lat' dir='ltr'><strong>Sed</strong></span> <span class='ocrx_word' id='word_1_111' title='bbox 1000 1010 1082 1081; x_wconf 90' lang='lat' dir='ltr'><strong>cujus</strong></span> <span class='ocrx_word' id='word_1_112' title='bbox 1096 1016 1188 1066; x_wconf 90' lang='lat' dir='ltr'><strong>morte</strong></span> <span class='ocrx_word' id='word_1_113' title='bbox 1204 1011 1316 1082; x_wconf 89' lang='lat' dir='ltr'><strong>perdita</strong></span> <span class='ocrx_word' id='word_1_114' title='bbox 1339 1011 1399 1065; x_wconf 88' lang='lat' dir='ltr'><strong>ovis</strong></span> <span class='ocrx_word' id='word_1_115' title='bbox 1422 1012 1458 1066; x_wconf 88' lang='lat' dir='ltr'><strong>ad</strong></span> <span class='ocrx_word' id='word_1_116' title='bbox 1482 1027 1587 1084; x_wconf 88' lang='lat' dir='ltr'><strong>pascua</strong></span> <span class='ocrx_word' id='word_1_117' title='bbox 1612 1013 1679 1068; x_wconf 78' lang='lat' dir='ltr'><strong>vitae</strong></span> <span class='ocrx_word' id='word_1_118' title='bbox 1701 1021 1849 1086; x_wconf 86' lang='lat' dir='ltr'><strong>reportata</strong></span> 
     </span>
     <span class='ocr_line' id='line_1_10' title="bbox 96 1090 1848 1176; baseline 0.011 -33"><span class='ocrx_word' id='word_1_119' title='bbox 96 1104 163 1143; x_wconf 90' lang='lat' dir='ltr'><strong>cum</strong></span> <span class='ocrx_word' id='word_1_120' title='bbox 196 1090 285 1145; x_wconf 90' lang='lat' dir='ltr'><strong>homo</strong></span> <span class='ocrx_word' id='word_1_121' title='bbox 307 1106 359 1161; x_wconf 94' lang='lat' dir='ltr'><strong>per</strong></span> <span class='ocrx_word' id='word_1_122' title='bbox 381 1091 517 1147; x_wconf 90' lang='lat' dir='ltr'><strong>callidum</strong></span> <span class='ocrx_word' id='word_1_123' title='bbox 548 1097 712 1164; x_wconf 83' lang='lat' dir='ltr'><strong>serpentem</strong></span> <span class='ocrx_word' id='word_1_124' title='bbox 734 1094 871 1166; x_wconf 83' lang='lat' dir='ltr'><strong>deceptus</strong></span> <span class='ocrx_word' id='word_1_125' title='bbox 893 1099 945 1164; x_wconf 90' lang='lat' dir='ltr'><strong>est,</strong></span> <span class='ocrx_word' id='word_1_126' title='bbox 1001 1103 1051 1154; x_wconf 88' lang='lat' dir='ltr'><strong>est.</strong></span> <span class='ocrx_word' id='word_1_127' title='bbox 1070 1099 1141 1155; x_wconf 87' lang='lat' dir='ltr'><strong>Nam</strong></span> <span class='ocrx_word' id='word_1_128' title='bbox 1157 1099 1292 1171; x_wconf 88' lang='lat' dir='ltr'><strong>antiquus</strong></span> <span class='ocrx_word' id='word_1_129' title='bbox 1311 1105 1488 1172; x_wconf 86' lang='lat' dir='ltr'><strong>persecutor,</strong></span> <span class='ocrx_word' id='word_1_130' title='bbox 1510 1106 1662 1172; x_wconf 88' lang='lat' dir='ltr'><strong>postquam</strong></span> <span class='ocrx_word' id='word_1_131' title='bbox 1688 1103 1756 1158; x_wconf 84' lang='lat' dir='ltr'><strong>vidit</strong></span> <span class='ocrx_word' id='word_1_132' title='bbox 1772 1104 1848 1176; x_wconf 90' lang='lat' dir='ltr'><strong>qnod</strong></span> 
     </span>
     <span class='ocr_line' id='line_1_11' title="bbox 95 1177 1847 1264; baseline 0.009 -33"><span class='ocrx_word' id='word_1_133' title='bbox 95 1177 174 1232; x_wconf 82' lang='lat' dir='ltr'><strong>Deus</strong></span> <span class='ocrx_word' id='word_1_134' title='bbox 188 1178 220 1232; x_wconf 93' lang='lat' dir='ltr'><strong>in</strong></span> <span class='ocrx_word' id='word_1_135' title='bbox 238 1193 304 1232; x_wconf 88' lang='lat' dir='ltr'><strong>rere</strong></span> <span class='ocrx_word' id='word_1_136' title='bbox 324 1178 522 1235; x_wconf 86' lang='lat' dir='ltr'><strong>misericordia</strong></span> <span class='ocrx_word' id='word_1_137' title='bbox 539 1184 641 1248; x_wconf 89' lang='lat' dir='ltr'><strong>tactus,</strong></span> <span class='ocrx_word' id='word_1_138' title='bbox 659 1181 843 1254; x_wconf 82' lang='lat' dir='ltr'><strong>Unigenitum</strong></span> <span class='ocrx_word' id='word_1_139' title='bbox 860 1200 945 1239; x_wconf 89' lang='lat' dir='ltr'><strong>snum</strong></span> <span class='ocrx_word' id='word_1_140' title='bbox 1000 1203 1082 1243; x_wconf 88' lang='lat' dir='ltr'><strong>orem</strong></span> <span class='ocrx_word' id='word_1_141' title='bbox 1096 1188 1174 1244; x_wconf 90' lang='lat' dir='ltr'><strong>illam</strong></span> <span class='ocrx_word' id='word_1_142' title='bbox 1191 1193 1308 1259; x_wconf 90' lang='lat' dir='ltr'><strong>propter</strong></span> <span class='ocrx_word' id='word_1_143' title='bbox 1321 1189 1490 1260; x_wconf 88' lang='lat' dir='ltr'><strong>sauguinem</strong></span> <span class='ocrx_word' id='word_1_144' title='bbox 1502 1189 1664 1244; x_wconf 88' lang='lat' dir='ltr'><strong>innocentis</strong></span> <span class='ocrx_word' id='word_1_145' title='bbox 1677 1192 1744 1262; x_wconf 86' lang='lat' dir='ltr'><strong>egui</strong></span> <span class='ocrx_word' id='word_1_146' title='bbox 1759 1207 1847 1264; x_wconf 90' lang='lat' dir='ltr'><strong>quem</strong></span> 
     </span>
     <span class='ocr_line' id='line_1_12' title="bbox 94 1266 1847 1349; baseline 0.008 -29"><span class='ocrx_word' id='word_1_147' title='bbox 94 1266 126 1320; x_wconf 90' lang='lat' dir='ltr'><strong>iu</strong></span> <span class='ocrx_word' id='word_1_148' title='bbox 137 1266 415 1339; x_wconf 87' lang='lat' dir='ltr'><strong>purissimarirgine</strong></span> <span class='ocrx_word' id='word_1_149' title='bbox 424 1268 568 1323; x_wconf 88' lang='lat' dir='ltr'><strong>incarnari</strong></span> <span class='ocrx_word' id='word_1_150' title='bbox 593 1269 692 1339; x_wconf 85' lang='lat' dir='ltr'><strong>voluit,</strong></span> <span class='ocrx_word' id='word_1_151' title='bbox 709 1276 797 1342; x_wconf 86' lang='lat' dir='ltr'><strong>atque</strong></span> <span class='ocrx_word' id='word_1_152' title='bbox 819 1271 859 1326; x_wconf 85' lang='lat' dir='ltr'><strong>ita</strong></span> <span class='ocrx_word' id='word_1_153' title='bbox 880 1277 944 1344; x_wconf 93' lang='lat' dir='ltr'><strong>post</strong></span> <span class='ocrx_word' id='word_1_154' title='bbox 1000 1293 1091 1348; x_wconf 84' lang='lat' dir='ltr'><strong>agnus</strong></span> <span class='ocrx_word' id='word_1_155' title='bbox 1114 1277 1144 1331; x_wconf 93' lang='lat' dir='ltr'><strong>in</strong></span> <span class='ocrx_word' id='word_1_156' title='bbox 1168 1275 1367 1332; x_wconf 87' lang='lat' dir='ltr'><strong>remissionem</strong></span> <span class='ocrx_word' id='word_1_157' title='bbox 1393 1282 1573 1349; x_wconf 90' lang='lat' dir='ltr'><strong>peccatorum</strong></span> <span class='ocrx_word' id='word_1_158' title='bbox 1599 1278 1751 1334; x_wconf 88' lang='lat' dir='ltr'><strong>homiuum</strong></span> <span class='ocrx_word' id='word_1_159' title='bbox 1776 1279 1847 1334; x_wconf 88' lang='lat' dir='ltr'><strong>ellu-</strong></span> 
     </span>
     <span class='ocr_line' id='line_1_13' title="bbox 96 1355 1846 1439; baseline 0.007 -31"><span class='ocrx_word' id='word_1_160' title='bbox 96 1355 213 1410; x_wconf 91' lang='lat' dir='ltr'><strong>ruinam</strong></span> <span class='ocrx_word' id='word_1_161' title='bbox 234 1355 360 1410; x_wconf 89' lang='lat' dir='ltr'><strong>hominis</strong></span> <span class='ocrx_word' id='word_1_162' title='bbox 387 1356 504 1412; x_wconf 75' lang='lat' dir='ltr'><strong>elevatae</strong></span> <span class='ocrx_word' id='word_1_163' title='bbox 529 1361 597 1412; x_wconf 90' lang='lat' dir='ltr'><strong>sunt</strong></span> <span class='ocrx_word' id='word_1_164' title='bbox 616 1357 750 1429; x_wconf 85' lang='lat' dir='ltr'><strong>plurimae</strong></span> <span class='ocrx_word' id='word_1_165' title='bbox 774 1359 894 1432; x_wconf 66' lang='lat' dir='ltr'><strong>virtutes</strong></span> <span class='ocrx_word' id='word_1_166' title='bbox 915 1359 946 1416; x_wconf 90' lang='lat' dir='ltr'><strong>iu</strong></span> <span class='ocrx_word' id='word_1_167' title='bbox 1000 1365 1080 1420; x_wconf 88' lang='lat' dir='ltr'><strong>derat</strong></span> <span class='ocrx_word' id='word_1_168' title='bbox 1105 1365 1225 1437; x_wconf 90' lang='lat' dir='ltr'><strong>perdere</strong></span> <span class='ocrx_word' id='word_1_169' title='bbox 1249 1364 1357 1432; x_wconf 84' lang='lat' dir='ltr'><strong>debuit,</strong></span> <span class='ocrx_word' id='word_1_170' title='bbox 1381 1371 1450 1421; x_wconf 91' lang='lat' dir='ltr'><strong>tunc</strong></span> <span class='ocrx_word' id='word_1_171' title='bbox 1473 1367 1601 1438; x_wconf 89' lang='lat' dir='ltr'><strong>primum</strong></span> <span class='ocrx_word' id='word_1_172' title='bbox 1625 1368 1760 1439; x_wconf 85' lang='lat' dir='ltr'><strong>cognorit</strong></span> <span class='ocrx_word' id='word_1_173' title='bbox 1782 1367 1846 1439; x_wconf 88' lang='lat' dir='ltr'><strong>quis</strong></span> 
     </span>
     <span class='ocr_line' id='line_1_14' title="bbox 95 1443 1845 1528; baseline 0.007 -32"><span class='ocrx_word' id='word_1_174' title='bbox 95 1444 169 1497; x_wconf 74' lang='lat' dir='ltr'><strong>creto</strong></span> <span class='ocrx_word' id='word_1_175' title='bbox 196 1443 350 1515; x_wconf 76' lang='lat' dir='ltr'><strong>fulgentes,</strong></span> <span class='ocrx_word' id='word_1_176' title='bbox 376 1444 465 1499; x_wconf 84' lang='lat' dir='ltr'><strong>veluti</strong></span> <span class='ocrx_word' id='word_1_177' title='bbox 492 1451 537 1500; x_wconf 90' lang='lat' dir='ltr'><strong>cst</strong></span> <span class='ocrx_word' id='word_1_178' title='bbox 562 1445 712 1511; x_wconf 82' lang='lat' dir='ltr'><strong>humilitas</strong></span> <span class='ocrx_word' id='word_1_179' title='bbox 734 1449 834 1517; x_wconf 89' lang='lat' dir='ltr'><strong>regina</strong></span> <span class='ocrx_word' id='word_1_180' title='bbox 860 1449 946 1503; x_wconf 81' lang='lat' dir='ltr'><strong>virtu·</strong></span> <span class='ocrx_word' id='word_1_181' title='bbox 1000 1470 1091 1526; x_wconf 87' lang='lat' dir='ltr'><strong>agnus</strong></span> <span class='ocrx_word' id='word_1_182' title='bbox 1114 1453 1163 1508; x_wconf 92' lang='lat' dir='ltr'><strong>ille</strong></span> <span class='ocrx_word' id='word_1_183' title='bbox 1186 1459 1270 1521; x_wconf 89' lang='lat' dir='ltr'><strong>esset,</strong></span> <span class='ocrx_word' id='word_1_184' title='bbox 1298 1453 1437 1528; x_wconf 86' lang='lat' dir='ltr'><strong>quoniam</strong></span> <span class='ocrx_word' id='word_1_185' title='bbox 1460 1454 1541 1525; x_wconf 91' lang='lat' dir='ltr'><strong>prius</strong></span> <span class='ocrx_word' id='word_1_186' title='bbox 1562 1456 1634 1510; x_wconf 91' lang='lat' dir='ltr'><strong>scire</strong></span> <span class='ocrx_word' id='word_1_187' title='bbox 1655 1471 1714 1510; x_wconf 92' lang='lat' dir='ltr'><strong>non</strong></span> <span class='ocrx_word' id='word_1_188' title='bbox 1741 1456 1845 1525; x_wconf 92' lang='lat' dir='ltr'><strong>potuit,</strong></span> 
     </span>
     <span class='ocr_line' id='line_1_15' title="bbox 94 1531 1846 1614; baseline 0.007 -29"><span class='ocrx_word' id='word_1_189' title='bbox 94 1535 170 1597; x_wconf 90' lang='lat' dir='ltr'><strong>tum,</strong></span> <span class='ocrx_word' id='word_1_190' title='bbox 191 1547 256 1603; x_wconf 81' lang='lat' dir='ltr'><strong>quos</strong></span> <span class='ocrx_word' id='word_1_191' title='bbox 281 1532 311 1587; x_wconf 92' lang='lat' dir='ltr'><strong>in</strong></span> <span class='ocrx_word' id='word_1_192' title='bbox 331 1531 463 1604; x_wconf 76' lang='lat' dir='ltr'><strong>virgineo</strong></span> <span class='ocrx_word' id='word_1_193' title='bbox 485 1539 569 1604; x_wconf 83' lang='lat' dir='ltr'><strong>partu</strong></span> <span class='ocrx_word' id='word_1_194' title='bbox 591 1534 698 1602; x_wconf 87' lang='lat' dir='ltr'><strong>iloruit,</strong></span> <span class='ocrx_word' id='word_1_195' title='bbox 724 1541 755 1590; x_wconf 90' lang='lat' dir='ltr'><strong>ut</strong></span> <span class='ocrx_word' id='word_1_196' title='bbox 777 1537 863 1591; x_wconf 90' lang='lat' dir='ltr'><strong>etiam</strong></span> <span class='ocrx_word' id='word_1_197' title='bbox 888 1554 945 1593; x_wconf 74' lang='lat' dir='ltr'><strong>cae·</strong></span> <span class='ocrx_word' id='word_1_198' title='bbox 1000 1542 1146 1614; x_wconf 85' lang='lat' dir='ltr'><strong>quomodo</strong></span> <span class='ocrx_word' id='word_1_199' title='bbox 1167 1540 1289 1596; x_wconf 63' lang='lat' dir='ltr'><strong>eoelestis</strong></span> <span class='ocrx_word' id='word_1_200' title='bbox 1303 1557 1396 1612; x_wconf 89' lang='lat' dir='ltr'><strong>agnus</strong></span> <span class='ocrx_word' id='word_1_201' title='bbox 1418 1542 1479 1596; x_wconf 89' lang='lat' dir='ltr'><strong>sine</strong></span> <span class='ocrx_word' id='word_1_202' title='bbox 1501 1542 1577 1598; x_wconf 79' lang='lat' dir='ltr'><strong>virili</strong></span> <span class='ocrx_word' id='word_1_203' title='bbox 1601 1543 1711 1598; x_wconf 91' lang='lat' dir='ltr'><strong>semine</strong></span> <span class='ocrx_word' id='word_1_204' title='bbox 1735 1548 1763 1598; x_wconf 90' lang='lat' dir='ltr'><strong>et</strong></span> <span class='ocrx_word' id='word_1_205' title='bbox 1785 1543 1846 1598; x_wconf 89' lang='lat' dir='ltr'><strong>sine</strong></span> 
     </span>
     <span class='ocr_line' id='line_1_16' title="bbox 94 1620 1845 1704; baseline 0.007 -30"><span class='ocrx_word' id='word_1_206' title='bbox 94 1624 167 1674; x_wconf 80' lang='lat' dir='ltr'><strong>terae</strong></span> <span class='ocrx_word' id='word_1_207' title='bbox 194 1620 315 1676; x_wconf 81' lang='lat' dir='ltr'><strong>virtutes</strong></span> <span class='ocrx_word' id='word_1_208' title='bbox 344 1637 409 1694; x_wconf 77' lang='lat' dir='ltr'><strong>qua</strong></span> <span class='ocrx_word' id='word_1_209' title='bbox 432 1621 536 1678; x_wconf 89' lang='lat' dir='ltr'><strong>electos</strong></span> <span class='ocrx_word' id='word_1_210' title='bbox 566 1623 614 1678; x_wconf 87' lang='lat' dir='ltr'><strong>[tei</strong></span> <span class='ocrx_word' id='word_1_211' title='bbox 633 1623 670 1679; x_wconf 90' lang='lat' dir='ltr'><strong>ad</strong></span> <span class='ocrx_word' id='word_1_212' title='bbox 693 1625 820 1680; x_wconf 85' lang='lat' dir='ltr'><strong>ooelestia</strong></span> <span class='ocrx_word' id='word_1_213' title='bbox 842 1627 945 1697; x_wconf 87' lang='lat' dir='ltr'><strong>perdo·</strong></span> <span class='ocrx_word' id='word_1_214' title='bbox 1000 1631 1058 1686; x_wconf 89' lang='lat' dir='ltr'><strong>ulla</strong></span> <span class='ocrx_word' id='word_1_215' title='bbox 1073 1629 1302 1702; x_wconf 87' lang='lat' dir='ltr'><strong>concupiscentia</strong></span> <span class='ocrx_word' id='word_1_216' title='bbox 1323 1631 1433 1700; x_wconf 87' lang='lat' dir='ltr'><strong>peccati</strong></span> <span class='ocrx_word' id='word_1_217' title='bbox 1457 1631 1492 1686; x_wconf 90' lang='lat' dir='ltr'><strong>de</strong></span> <span class='ocrx_word' id='word_1_218' title='bbox 1513 1630 1624 1704; x_wconf 83' lang='lat' dir='ltr'><strong>virgine</strong></span> <span class='ocrx_word' id='word_1_219' title='bbox 1640 1631 1670 1686; x_wconf 90' lang='lat' dir='ltr'><strong>iu</strong></span> <span class='ocrx_word' id='word_1_220' title='bbox 1691 1631 1845 1687; x_wconf 87' lang='lat' dir='ltr'><strong>obumbre-</strong></span> 
     </span>
     <span class='ocr_line' id='line_1_17' title="bbox 95 1709 1844 1791; baseline 0.006 -27"><span class='ocrx_word' id='word_1_221' title='bbox 95 1713 175 1764; x_wconf 88' lang='lat' dir='ltr'><strong>cunt.</strong></span> <span class='ocrx_word' id='word_1_222' title='bbox 193 1709 264 1764; x_wconf 82' lang='lat' dir='ltr'><strong>Nam</strong></span> <span class='ocrx_word' id='word_1_223' title='bbox 283 1724 349 1764; x_wconf 90' lang='lat' dir='ltr'><strong>cum</strong></span> <span class='ocrx_word' id='word_1_224' title='bbox 364 1725 435 1782; x_wconf 88' lang='lat' dir='ltr'><strong>ager</strong></span> <span class='ocrx_word' id='word_1_225' title='bbox 456 1711 548 1767; x_wconf 88' lang='lat' dir='ltr'><strong>multo</strong></span> <span class='ocrx_word' id='word_1_226' title='bbox 572 1712 668 1768; x_wconf 85' lang='lat' dir='ltr'><strong>labore</strong></span> <span class='ocrx_word' id='word_1_227' title='bbox 686 1713 800 1783; x_wconf 87' lang='lat' dir='ltr'><strong>colitur,</strong></span> <span class='ocrx_word' id='word_1_228' title='bbox 820 1715 945 1771; x_wconf 89' lang='lat' dir='ltr'><strong>multum</strong></span> <span class='ocrx_word' id='word_1_229' title='bbox 1000 1719 1078 1775; x_wconf 77' lang='lat' dir='ltr'><strong>done</strong></span> <span class='ocrx_word' id='word_1_230' title='bbox 1092 1717 1214 1791; x_wconf 85' lang='lat' dir='ltr'><strong>Spiritus</strong></span> <span class='ocrx_word' id='word_1_231' title='bbox 1227 1718 1317 1773; x_wconf 86' lang='lat' dir='ltr'><strong>sancti</strong></span> <span class='ocrx_word' id='word_1_232' title='bbox 1334 1719 1499 1774; x_wconf 87' lang='lat' dir='ltr'><strong>incarnatus</strong></span> <span class='ocrx_word' id='word_1_233' title='bbox 1512 1725 1569 1786; x_wconf 88' lang='lat' dir='ltr'><strong>est;</strong></span> <span class='ocrx_word' id='word_1_234' title='bbox 1585 1719 1663 1774; x_wconf 92' lang='lat' dir='ltr'><strong>idam</strong></span> <span class='ocrx_word' id='word_1_235' title='bbox 1678 1719 1755 1774; x_wconf 89' lang='lat' dir='ltr'><strong>enim</strong></span> <span class='ocrx_word' id='word_1_236' title='bbox 1779 1735 1844 1790; x_wconf 91' lang='lat' dir='ltr'><strong>per·</strong></span> 
     </span>
     <span class='ocr_line' id='line_1_18' title="bbox 94 1797 1845 1880; baseline 0.006 -28"><span class='ocrx_word' id='word_1_237' title='bbox 94 1797 222 1852; x_wconf 76' lang='lat' dir='ltr'><strong>fructum</strong></span> <span class='ocrx_word' id='word_1_238' title='bbox 246 1798 365 1869; x_wconf 82' lang='lat' dir='ltr'><strong>profert,</strong></span> <span class='ocrx_word' id='word_1_239' title='bbox 402 1805 435 1854; x_wconf 94' lang='lat' dir='ltr'><strong>ut</strong></span> <span class='ocrx_word' id='word_1_240' title='bbox 458 1799 487 1854; x_wconf 91' lang='lat' dir='ltr'><strong>iu</strong></span> <span class='ocrx_word' id='word_1_241' title='bbox 518 1801 645 1855; x_wconf 90' lang='lat' dir='ltr'><strong>hnmano</strong></span> <span class='ocrx_word' id='word_1_242' title='bbox 668 1817 774 1873; x_wconf 90' lang='lat' dir='ltr'><strong>genere</strong></span> <span class='ocrx_word' id='word_1_243' title='bbox 799 1807 944 1859; x_wconf 61' lang='lat' dir='ltr'><strong>ostensum</strong></span> <span class='ocrx_word' id='word_1_244' title='bbox 999 1813 1112 1863; x_wconf 89' lang='lat' dir='ltr'><strong>secutor</strong></span> <span class='ocrx_word' id='word_1_245' title='bbox 1133 1807 1163 1862; x_wconf 90' lang='lat' dir='ltr'><strong>iu</strong></span> <span class='ocrx_word' id='word_1_246' title='bbox 1187 1807 1270 1862; x_wconf 94' lang='lat' dir='ltr'><strong>initio</strong></span> <span class='ocrx_word' id='word_1_247' title='bbox 1292 1808 1444 1862; x_wconf 80' lang='lat' dir='ltr'><strong>creationis</strong></span> <span class='ocrx_word' id='word_1_248' title='bbox 1468 1824 1526 1863; x_wconf 79' lang='lat' dir='ltr'><strong>suae</strong></span> <span class='ocrx_word' id='word_1_249' title='bbox 1551 1807 1677 1863; x_wconf 85' lang='lat' dir='ltr'><strong>inflatu</strong></span> <span class='ocrx_word' id='word_1_250' title='bbox 1703 1807 1845 1880; x_wconf 87' lang='lat' dir='ltr'><strong>superbire</strong></span> 
     </span>
     <span class='ocr_line' id='line_1_19' title="bbox 96 1887 1845 1968; baseline 0.003 -22"><span class='ocrx_word' id='word_1_251' title='bbox 96 1892 155 1953; x_wconf 74' lang='lat'><strong>0³13</strong></span> <span class='ocrx_word' id='word_1_252' title='bbox 168 1887 235 1957; x_wconf 77' lang='lat' dir='ltr'><strong>quie</strong></span> <span class='ocrx_word' id='word_1_253' title='bbox 250 1893 313 1959; x_wconf 82' lang='lat' dir='ltr'><strong>post</strong></span> <span class='ocrx_word' id='word_1_254' title='bbox 324 1887 438 1942; x_wconf 74' lang='lat' dir='ltr'><strong>ruinam</strong></span> <span class='ocrx_word' id='word_1_255' title='bbox 458 1889 595 1956; x_wconf 80' lang='lat' dir='ltr'><strong>hominis,</strong></span> <span class='ocrx_word' id='word_1_256' title='bbox 621 1890 753 1961; x_wconf 68' lang='lat' dir='ltr'><strong>plurime</strong></span> <span class='ocrx_word' id='word_1_257' title='bbox 767 1890 887 1946; x_wconf 70' lang='lat' dir='ltr'><strong>virtutos</strong></span> <span class='ocrx_word' id='word_1_258' title='bbox 908 1893 944 1948; x_wconf 77' lang='lat' dir='ltr'><strong>ad</strong></span> <span class='ocrx_word' id='word_1_259' title='bbox 999 1898 1088 1953; x_wconf 87' lang='lat' dir='ltr'><strong>erexit</strong></span> <span class='ocrx_word' id='word_1_260' title='bbox 1102 1913 1142 1966; x_wconf 90' lang='lat' dir='ltr'><strong>se,</strong></span> <span class='ocrx_word' id='word_1_261' title='bbox 1158 1896 1189 1951; x_wconf 91' lang='lat' dir='ltr'><strong>in</strong></span> <span class='ocrx_word' id='word_1_262' title='bbox 1206 1901 1327 1951; x_wconf 89' lang='lat' dir='ltr'><strong>mortem</strong></span> <span class='ocrx_word' id='word_1_263' title='bbox 1343 1896 1468 1967; x_wconf 87' lang='lat' dir='ltr'><strong>seipsum</strong></span> <span class='ocrx_word' id='word_1_264' title='bbox 1491 1897 1683 1968; x_wconf 63' lang='lat' dir='ltr'><strong>praecipitans,</strong></span> <span class='ocrx_word' id='word_1_265' title='bbox 1699 1901 1728 1952; x_wconf 94' lang='lat' dir='ltr'><strong>et</strong></span> <span class='ocrx_word' id='word_1_266' title='bbox 1749 1897 1845 1952; x_wconf 90' lang='lat' dir='ltr'><strong>homi·</strong></span> 
     </span>
     <span class='ocr_line' id='line_1_20' title="bbox 96 1974 1844 2058; baseline 0.008 -31"><span class='ocrx_word' id='word_1_267' title='bbox 96 1974 324 2030; x_wconf 86' lang='lat' dir='ltr'><strong>sublevationem</strong></span> <span class='ocrx_word' id='word_1_268' title='bbox 353 1977 415 2047; x_wconf 87' lang='lat' dir='ltr'><strong>ejns</strong></span> <span class='ocrx_word' id='word_1_269' title='bbox 448 1983 641 2034; x_wconf 88' lang='lat' dir='ltr'><strong>surrexerunt</strong></span> <span class='ocrx_word' id='word_1_270' title='bbox 664 1978 728 2045; x_wconf 85' lang='lat' dir='ltr'><strong>Sed,</strong></span> <span class='ocrx_word' id='word_1_271' title='bbox 758 1996 775 2034; x_wconf 95' lang='lat' dir='ltr'><strong>o</strong></span> <span class='ocrx_word' id='word_1_272' title='bbox 802 1979 943 2050; x_wconf 90' lang='lat' dir='ltr'><strong>homines,</strong></span> <span class='ocrx_word' id='word_1_273' title='bbox 998 2003 1066 2042; x_wconf 83' lang='lat' dir='ltr'><strong>nem</strong></span> <span class='ocrx_word' id='word_1_274' title='bbox 1097 1986 1131 2041; x_wconf 92' lang='lat' dir='ltr'><strong>de</strong></span> <span class='ocrx_word' id='word_1_275' title='bbox 1167 1985 1259 2058; x_wconf 87' lang='lat' dir='ltr'><strong>glorie</strong></span> <span class='ocrx_word' id='word_1_276' title='bbox 1285 1985 1410 2055; x_wconf 87' lang='lat' dir='ltr'><strong>paradisi</strong></span> <span class='ocrx_word' id='word_1_277' title='bbox 1444 1985 1599 2057; x_wconf 84' lang='lat' dir='ltr'><strong>dejiciens,</strong></span> <span class='ocrx_word' id='word_1_278' title='bbox 1629 1985 1676 2040; x_wconf 92' lang='lat' dir='ltr'><strong>cui</strong></span> <span class='ocrx_word' id='word_1_279' title='bbox 1707 1986 1782 2041; x_wconf 87' lang='lat' dir='ltr'><strong>Dens</strong></span> <span class='ocrx_word' id='word_1_280' title='bbox 1815 1985 1844 2041; x_wconf 91' lang='lat' dir='ltr'><strong>in</strong></span> 
     </span>
     <span class='ocr_line' id='line_1_21' title="bbox 95 2065 1845 2147; baseline 0.005 -29"><span class='ocrx_word' id='word_1_281' title='bbox 95 2079 146 2118; x_wconf 85' lang='lat' dir='ltr'><strong>ros</strong></span> <span class='ocrx_word' id='word_1_282' title='bbox 176 2065 285 2134; x_wconf 82' lang='lat' dir='ltr'><strong>gravati</strong></span> <span class='ocrx_word' id='word_1_283' title='bbox 312 2066 455 2137; x_wconf 85' lang='lat' dir='ltr'><strong>corporati</strong></span> <span class='ocrx_word' id='word_1_284' title='bbox 484 2067 622 2138; x_wconf 90' lang='lat' dir='ltr'><strong>pondere,</strong></span> <span class='ocrx_word' id='word_1_285' title='bbox 654 2083 711 2122; x_wconf 91' lang='lat' dir='ltr'><strong>nou</strong></span> <span class='ocrx_word' id='word_1_286' title='bbox 740 2068 842 2123; x_wconf 85' lang='lat' dir='ltr'><strong>videtis</strong></span> <span class='ocrx_word' id='word_1_287' title='bbox 865 2071 944 2126; x_wconf 89' lang='lat' dir='ltr'><strong>illam</strong></span> <span class='ocrx_word' id='word_1_288' title='bbox 999 2078 1139 2147; x_wconf 83' lang='lat' dir='ltr'><strong>potestate</strong></span> <span class='ocrx_word' id='word_1_289' title='bbox 1164 2090 1215 2129; x_wconf 87' lang='lat' dir='ltr'><strong>sua</strong></span> <span class='ocrx_word' id='word_1_290' title='bbox 1243 2073 1373 2129; x_wconf 91' lang='lat' dir='ltr'><strong>resistere</strong></span> <span class='ocrx_word' id='word_1_291' title='bbox 1397 2073 1500 2142; x_wconf 91' lang='lat' dir='ltr'><strong>noluit,</strong></span> <span class='ocrx_word' id='word_1_292' title='bbox 1525 2074 1573 2128; x_wconf 89' lang='lat' dir='ltr'><strong>sed</strong></span> <span class='ocrx_word' id='word_1_293' title='bbox 1598 2073 1719 2129; x_wconf 91' lang='lat' dir='ltr'><strong>eumin</strong></span> <span class='ocrx_word' id='word_1_294' title='bbox 1749 2073 1845 2128; x_wconf 90' lang='lat' dir='ltr'><strong>hnmi-</strong></span> 
     </span>
     <span class='ocr_line' id='line_1_22' title="bbox 94 2153 1846 2234; baseline 0.006 -29"><span class='ocrx_word' id='word_1_295' title='bbox 94 2167 233 2222; x_wconf 87' lang='lat' dir='ltr'><strong>magnam</strong></span> <span class='ocrx_word' id='word_1_296' title='bbox 256 2153 378 2223; x_wconf 75' lang='lat' dir='ltr'><strong>gloriam</strong></span> <span class='ocrx_word' id='word_1_297' title='bbox 401 2170 466 2225; x_wconf 80' lang='lat' dir='ltr'><strong>qrsre</strong></span> <span class='ocrx_word' id='word_1_298' title='bbox 494 2155 575 2211; x_wconf 88' lang='lat' dir='ltr'><strong>vohis</strong></span> <span class='ocrx_word' id='word_1_299' title='bbox 600 2156 662 2210; x_wconf 90' lang='lat' dir='ltr'><strong>siue</strong></span> <span class='ocrx_word' id='word_1_300' title='bbox 691 2159 803 2212; x_wconf 86' lang='lat' dir='ltr'><strong>mocula</strong></span> <span class='ocrx_word' id='word_1_301' title='bbox 828 2163 857 2213; x_wconf 91' lang='lat' dir='ltr'><strong>et</strong></span> <span class='ocrx_word' id='word_1_302' title='bbox 883 2159 944 2214; x_wconf 90' lang='lat' dir='ltr'><strong>sine</strong></span> <span class='ocrx_word' id='word_1_303' title='bbox 999 2165 1077 2219; x_wconf 90' lang='lat' dir='ltr'><strong>litate</strong></span> <span class='ocrx_word' id='word_1_304' title='bbox 1098 2179 1150 2234; x_wconf 92' lang='lat' dir='ltr'><strong>per</strong></span> <span class='ocrx_word' id='word_1_305' title='bbox 1173 2162 1266 2218; x_wconf 92' lang='lat' dir='ltr'><strong>lilium</strong></span> <span class='ocrx_word' id='word_1_306' title='bbox 1291 2178 1375 2218; x_wconf 91' lang='lat' dir='ltr'><strong>suum</strong></span> <span class='ocrx_word' id='word_1_307' title='bbox 1398 2162 1554 2234; x_wconf 84' lang='lat' dir='ltr'><strong>superavit.</strong></span> <span class='ocrx_word' id='word_1_308' title='bbox 1587 2162 1621 2217; x_wconf 87' lang='lat' dir='ltr'><strong>Et</strong></span> <span class='ocrx_word' id='word_1_309' title='bbox 1642 2163 1710 2234; x_wconf 84' lang='lat' dir='ltr'><strong>quia</strong></span> <span class='ocrx_word' id='word_1_310' title='bbox 1735 2161 1846 2218; x_wconf 77' lang='lat' dir='ltr'><strong>Lucifer</strong></span> 
     </span>
     <span class='ocr_line' id='line_1_23' title="bbox 95 2240 1847 2324; baseline 0.007 -31"><span class='ocrx_word' id='word_1_311' title='bbox 95 2241 156 2294; x_wconf 89' lang='lat' dir='ltr'><strong>ulla</strong></span> <span class='ocrx_word' id='word_1_312' title='bbox 181 2240 384 2312; x_wconf 88' lang='lat' dir='ltr'><strong>dedignatione</strong></span> <span class='ocrx_word' id='word_1_313' title='bbox 407 2242 438 2298; x_wconf 93' lang='lat' dir='ltr'><strong>in</strong></span> <span class='ocrx_word' id='word_1_314' title='bbox 466 2244 551 2314; x_wconf 90' lang='lat' dir='ltr'><strong>plena</strong></span> <span class='ocrx_word' id='word_1_315' title='bbox 574 2245 685 2315; x_wconf 83' lang='lat' dir='ltr'><strong>justitie</strong></span> <span class='ocrx_word' id='word_1_316' title='bbox 708 2246 760 2302; x_wconf 87' lang='lat' dir='ltr'><strong>Dei</strong></span> <span class='ocrx_word' id='word_1_317' title='bbox 784 2253 945 2320; x_wconf 77' lang='lat' dir='ltr'><strong>preparata</strong></span> <span class='ocrx_word' id='word_1_318' title='bbox 995 2252 1137 2324; x_wconf 86' lang='lat' dir='ltr'><strong>justitiam</strong></span> <span class='ocrx_word' id='word_1_319' title='bbox 1155 2250 1202 2306; x_wconf 85' lang='lat' dir='ltr'><strong>bei</strong></span> <span class='ocrx_word' id='word_1_320' title='bbox 1217 2251 1391 2322; x_wconf 87' lang='lat' dir='ltr'><strong>contempsit</strong></span> <span class='ocrx_word' id='word_1_321' title='bbox 1412 2251 1490 2322; x_wconf 90' lang='lat' dir='ltr'><strong>justo</strong></span> <span class='ocrx_word' id='word_1_322' title='bbox 1508 2251 1618 2322; x_wconf 88' lang='lat' dir='ltr'><strong>jndicio</strong></span> <span class='ocrx_word' id='word_1_323' title='bbox 1634 2251 1696 2320; x_wconf 85' lang='lat' dir='ltr'><strong>Ilei,</strong></span> <span class='ocrx_word' id='word_1_324' title='bbox 1718 2249 1847 2306; x_wconf 89' lang='lat' dir='ltr'><strong>incarna-</strong></span> 
     </span>
     <span class='ocr_line' id='line_1_24' title="bbox 95 2330 1845 2410; baseline 0.007 -28"><span class='ocrx_word' id='word_1_325' title='bbox 95 2335 147 2396; x_wconf 89' lang='lat' dir='ltr'><strong>est,</strong></span> <span class='ocrx_word' id='word_1_326' title='bbox 164 2345 253 2401; x_wconf 88' lang='lat' dir='ltr'><strong>quam</strong></span> <span class='ocrx_word' id='word_1_327' title='bbox 274 2330 371 2385; x_wconf 89' lang='lat' dir='ltr'><strong>nullus</strong></span> <span class='ocrx_word' id='word_1_328' title='bbox 393 2331 505 2387; x_wconf 80' lang='lat' dir='ltr'><strong>anferre</strong></span> <span class='ocrx_word' id='word_1_329' title='bbox 529 2339 636 2405; x_wconf 85' lang='lat' dir='ltr'><strong>potest;</strong></span> <span class='ocrx_word' id='word_1_330' title='bbox 654 2335 735 2406; x_wconf 90' lang='lat' dir='ltr'><strong>prius</strong></span> <span class='ocrx_word' id='word_1_331' title='bbox 757 2337 835 2392; x_wconf 90' lang='lat' dir='ltr'><strong>enim</strong></span> <span class='ocrx_word' id='word_1_332' title='bbox 857 2354 944 2410; x_wconf 91' lang='lat' dir='ltr'><strong>quam</strong></span> <span class='ocrx_word' id='word_1_333' title='bbox 998 2340 1107 2395; x_wconf 90' lang='lat' dir='ltr'><strong>tionem</strong></span> <span class='ocrx_word' id='word_1_334' title='bbox 1123 2339 1266 2410; x_wconf 82' lang='lat' dir='ltr'><strong>unigeniti</strong></span> <span class='ocrx_word' id='word_1_335' title='bbox 1285 2338 1348 2393; x_wconf 79' lang='lat' dir='ltr'><strong>Filii</strong></span> <span class='ocrx_word' id='word_1_336' title='bbox 1365 2338 1415 2394; x_wconf 84' lang='lat' dir='ltr'><strong>liei</strong></span> <span class='ocrx_word' id='word_1_337' title='bbox 1430 2339 1501 2394; x_wconf 87' lang='lat' dir='ltr'><strong>scire</strong></span> <span class='ocrx_word' id='word_1_338' title='bbox 1518 2355 1576 2394; x_wconf 91' lang='lat' dir='ltr'><strong>uon</strong></span> <span class='ocrx_word' id='word_1_339' title='bbox 1598 2340 1701 2410; x_wconf 93' lang='lat' dir='ltr'><strong>potuit.</strong></span> <span class='ocrx_word' id='word_1_340' title='bbox 1721 2341 1790 2394; x_wconf 88' lang='lat' dir='ltr'><strong>Nam</strong></span> <span class='ocrx_word' id='word_1_341' title='bbox 1814 2340 1845 2394; x_wconf 94' lang='lat' dir='ltr'><strong>in</strong></span> 
     </span>
     <span class='ocr_line' id='line_1_25' title="bbox 94 2416 1846 2500; baseline 0.007 -29"><span class='ocrx_word' id='word_1_342' title='bbox 94 2416 169 2472; x_wconf 84' lang='lat' dir='ltr'><strong>labri</strong></span> <span class='ocrx_word' id='word_1_343' title='bbox 193 2434 210 2472; x_wconf 86' lang='lat' dir='ltr'><strong>a</strong></span> <span class='ocrx_word' id='word_1_344' title='bbox 232 2418 332 2474; x_wconf 90' lang='lat' dir='ltr'><strong>muudi</strong></span> <span class='ocrx_word' id='word_1_345' title='bbox 357 2419 514 2475; x_wconf 91' lang='lat' dir='ltr'><strong>constituta</strong></span> <span class='ocrx_word' id='word_1_346' title='bbox 537 2421 647 2488; x_wconf 88' lang='lat' dir='ltr'><strong>luisset,</strong></span> <span class='ocrx_word' id='word_1_347' title='bbox 667 2422 729 2478; x_wconf 79' lang='lat' dir='ltr'><strong>hac</strong></span> <span class='ocrx_word' id='word_1_348' title='bbox 751 2425 849 2480; x_wconf 88' lang='lat' dir='ltr'><strong>omnia</strong></span> <span class='ocrx_word' id='word_1_349' title='bbox 870 2427 945 2482; x_wconf 87' lang='lat' dir='ltr'><strong>lleus</strong></span> <span class='ocrx_word' id='word_1_350' title='bbox 998 2428 1053 2484; x_wconf 93' lang='lat' dir='ltr'><strong>hoc</strong></span> <span class='ocrx_word' id='word_1_351' title='bbox 1066 2427 1231 2483; x_wconf 86' lang='lat' dir='ltr'><strong>abscondito</strong></span> <span class='ocrx_word' id='word_1_352' title='bbox 1246 2427 1364 2482; x_wconf 88' lang='lat' dir='ltr'><strong>consilio</strong></span> <span class='ocrx_word' id='word_1_353' title='bbox 1380 2427 1490 2498; x_wconf 89' lang='lat' dir='ltr'><strong>perdita</strong></span> <span class='ocrx_word' id='word_1_354' title='bbox 1505 2427 1565 2483; x_wconf 85' lang='lat' dir='ltr'><strong>oris</strong></span> <span class='ocrx_word' id='word_1_355' title='bbox 1579 2427 1614 2484; x_wconf 87' lang='lat' dir='ltr'><strong>ed</strong></span> <span class='ocrx_word' id='word_1_356' title='bbox 1638 2429 1726 2484; x_wconf 88' lang='lat' dir='ltr'><strong>ritem</strong></span> <span class='ocrx_word' id='word_1_357' title='bbox 1749 2444 1846 2500; x_wconf 89' lang='lat' dir='ltr'><strong>repor-</strong></span> 
     </span>
     <span class='ocr_line' id='line_1_26' title="bbox 93 2506 1845 2586; baseline 0.007 -27"><span class='ocrx_word' id='word_1_358' title='bbox 93 2506 126 2559; x_wconf 91' lang='lat' dir='ltr'><strong>iu</strong></span> <span class='ocrx_word' id='word_1_359' title='bbox 140 2522 207 2561; x_wconf 83' lang='lat' dir='ltr'><strong>vers</strong></span> <span class='ocrx_word' id='word_1_360' title='bbox 219 2508 333 2577; x_wconf 86' lang='lat' dir='ltr'><strong>justitia</strong></span> <span class='ocrx_word' id='word_1_361' title='bbox 353 2508 534 2578; x_wconf 78' lang='lat' dir='ltr'><strong>previderat.</strong></span> <span class='ocrx_word' id='word_1_362' title='bbox 561 2509 652 2577; x_wconf 91' lang='lat' dir='ltr'><strong>Unde,</strong></span> <span class='ocrx_word' id='word_1_363' title='bbox 675 2529 691 2563; x_wconf 93' lang='lat' dir='ltr'><strong>o</strong></span> <span class='ocrx_word' id='word_1_364' title='bbox 716 2511 814 2580; x_wconf 91' lang='lat' dir='ltr'><strong>homo,</strong></span> <span class='ocrx_word' id='word_1_365' title='bbox 840 2514 944 2569; x_wconf 91' lang='lat' dir='ltr'><strong>simili·</strong></span> <span class='ocrx_word' id='word_1_366' title='bbox 997 2522 1058 2572; x_wconf 88' lang='lat' dir='ltr'><strong>tnta</strong></span> <span class='ocrx_word' id='word_1_367' title='bbox 1072 2521 1125 2572; x_wconf 90' lang='lat' dir='ltr'><strong>est.</strong></span> <span class='ocrx_word' id='word_1_368' title='bbox 1144 2515 1234 2582; x_wconf 86' lang='lat' dir='ltr'><strong>Unde,</strong></span> <span class='ocrx_word' id='word_1_369' title='bbox 1251 2533 1268 2570; x_wconf 93' lang='lat' dir='ltr'><strong>o</strong></span> <span class='ocrx_word' id='word_1_370' title='bbox 1284 2515 1406 2571; x_wconf 86' lang='lat' dir='ltr'><strong>rebelles</strong></span> <span class='ocrx_word' id='word_1_371' title='bbox 1426 2515 1579 2586; x_wconf 88' lang='lat' dir='ltr'><strong>homimes,</strong></span> <span class='ocrx_word' id='word_1_372' title='bbox 1603 2531 1652 2572; x_wconf 87' lang='lat' dir='ltr'><strong>cur</strong></span> <span class='ocrx_word' id='word_1_373' title='bbox 1668 2522 1776 2572; x_wconf 74' lang='lat' dir='ltr'><strong>mntem</strong></span> <span class='ocrx_word' id='word_1_374' title='bbox 1792 2517 1845 2572; x_wconf 90' lang='lat' dir='ltr'><strong>du·</strong></span> 
     </span>
     <span class='ocr_line' id='line_1_27' title="bbox 94 2595 1845 2672; baseline 0.006 -23"><span class='ocrx_word' id='word_1_375' title='bbox 94 2595 227 2650; x_wconf 89' lang='lat' dir='ltr'><strong>tudinem</strong></span> <span class='ocrx_word' id='word_1_376' title='bbox 241 2596 485 2652; x_wconf 87' lang='lat' dir='ltr'><strong>hancconsidera.</strong></span> <span class='ocrx_word' id='word_1_377' title='bbox 999 2606 1096 2661; x_wconf 88' lang='lat' dir='ltr'><strong>ritiam</strong></span> <span class='ocrx_word' id='word_1_378' title='bbox 1131 2604 1298 2662; x_wconf 80' lang='lat' dir='ltr'><strong>assumitis?</strong></span> <span class='ocrx_word' id='word_1_379' title='bbox 1320 2605 1396 2660; x_wconf 86' lang='lat' dir='ltr'><strong>Deus</strong></span> <span class='ocrx_word' id='word_1_380' title='bbox 1420 2605 1567 2660; x_wconf 90' lang='lat' dir='ltr'><strong>hominem</strong></span> <span class='ocrx_word' id='word_1_381' title='bbox 1588 2606 1718 2661; x_wconf 90' lang='lat' dir='ltr'><strong>deserere</strong></span> <span class='ocrx_word' id='word_1_382' title='bbox 1742 2605 1845 2672; x_wconf 91' lang='lat' dir='ltr'><strong>uoluit,</strong></span> 
     </span>
    </p>

    <p class='ocr_par' dir='ltr' id='par_1_3' title="bbox 93 2684 1846 3473">
     <span class='ocr_line' id='line_1_28' title="bbox 132 2684 1846 2766; baseline 0.007 -29"><span class='ocrx_word' id='word_1_383' title='bbox 132 2684 272 2740; x_wconf 81' lang='lat' dir='ltr'><strong>[lominus</strong></span> <span class='ocrx_word' id='word_1_384' title='bbox 286 2686 381 2757; x_wconf 90' lang='lat' dir='ltr'><strong>quiin</strong></span> <span class='ocrx_word' id='word_1_385' title='bbox 395 2687 487 2740; x_wconf 86' lang='lat' dir='ltr'><strong>multo</strong></span> <span class='ocrx_word' id='word_1_386' title='bbox 501 2686 595 2742; x_wconf 90' lang='lat' dir='ltr'><strong>studio</strong></span> <span class='ocrx_word' id='word_1_387' title='bbox 615 2687 732 2743; x_wconf 89' lang='lat' dir='ltr'><strong>bortum</strong></span> <span class='ocrx_word' id='word_1_388' title='bbox 755 2687 848 2744; x_wconf 85' lang='lat' dir='ltr'><strong>facere</strong></span> <span class='ocrx_word' id='word_1_389' title='bbox 874 2689 943 2756; x_wconf 86' lang='lat' dir='ltr'><strong>vult.</strong></span> <span class='ocrx_word' id='word_1_390' title='bbox 999 2694 1048 2751; x_wconf 89' lang='lat' dir='ltr'><strong>sed</strong></span> <span class='ocrx_word' id='word_1_391' title='bbox 1077 2695 1179 2750; x_wconf 81' lang='lat' dir='ltr'><strong>Filium</strong></span> <span class='ocrx_word' id='word_1_392' title='bbox 1212 2709 1296 2748; x_wconf 90' lang='lat' dir='ltr'><strong>suum</strong></span> <span class='ocrx_word' id='word_1_393' title='bbox 1320 2695 1354 2749; x_wconf 90' lang='lat' dir='ltr'><strong>ad</strong></span> <span class='ocrx_word' id='word_1_394' title='bbox 1377 2695 1563 2750; x_wconf 80' lang='lat' dir='ltr'><strong>salvationem</strong></span> <span class='ocrx_word' id='word_1_395' title='bbox 1580 2695 1641 2766; x_wconf 89' lang='lat' dir='ltr'><strong>ejus</strong></span> <span class='ocrx_word' id='word_1_396' title='bbox 1661 2695 1753 2764; x_wconf 89' lang='lat' dir='ltr'><strong>misit;</strong></span> <span class='ocrx_word' id='word_1_397' title='bbox 1770 2711 1846 2766; x_wconf 92' lang='lat' dir='ltr'><strong>quo-</strong></span> 
     </span>
     <span class='ocr_line' id='line_1_29' title="bbox 94 2768 1845 2854; baseline 0.006 -27"><span class='ocrx_word' id='word_1_398' title='bbox 94 2773 233 2846; x_wconf 88' lang='lat' dir='ltr'><strong>primitus</strong></span> <span class='ocrx_word' id='word_1_399' title='bbox 244 2779 343 2846; x_wconf 88' lang='lat' dir='ltr'><strong>aptum</strong></span> <span class='ocrx_word' id='word_1_400' title='bbox 357 2775 453 2830; x_wconf 89' lang='lat' dir='ltr'><strong>locum</strong></span> <span class='ocrx_word' id='word_1_401' title='bbox 468 2775 546 2830; x_wconf 90' lang='lat' dir='ltr'><strong>horti</strong></span> <span class='ocrx_word' id='word_1_402' title='bbox 566 2775 659 2848; x_wconf 91' lang='lat' dir='ltr'><strong>ponit,</strong></span> <span class='ocrx_word' id='word_1_403' title='bbox 675 2792 706 2830; x_wconf 92' lang='lat' dir='ltr'><strong>ac</strong></span> <span class='ocrx_word' id='word_1_404' title='bbox 722 2777 827 2833; x_wconf 89' lang='lat' dir='ltr'><strong>deinde</strong></span> <span class='ocrx_word' id='word_1_405' title='bbox 850 2768 943 2833; x_wconf 80' lang='lat' dir='ltr'><strong>locum</strong></span> <span class='ocrx_word' id='word_1_406' title='bbox 999 2784 1077 2839; x_wconf 87' lang='lat' dir='ltr'><strong>niem</strong></span> <span class='ocrx_word' id='word_1_407' title='bbox 1091 2784 1132 2838; x_wconf 88' lang='lat' dir='ltr'><strong>sic</strong></span> <span class='ocrx_word' id='word_1_408' title='bbox 1148 2785 1223 2838; x_wconf 86' lang='lat' dir='ltr'><strong>bens</strong></span> <span class='ocrx_word' id='word_1_409' title='bbox 1245 2787 1332 2852; x_wconf 89' lang='lat' dir='ltr'><strong>caput</strong></span> <span class='ocrx_word' id='word_1_410' title='bbox 1350 2782 1492 2853; x_wconf 74' lang='lat' dir='ltr'><strong>superbie</strong></span> <span class='ocrx_word' id='word_1_411' title='bbox 1516 2783 1545 2836; x_wconf 89' lang='lat' dir='ltr'><strong>in</strong></span> <span class='ocrx_word' id='word_1_412' title='bbox 1568 2783 1686 2854; x_wconf 86' lang='lat' dir='ltr'><strong>antiquo</strong></span> <span class='ocrx_word' id='word_1_413' title='bbox 1712 2787 1845 2854; x_wconf 87' lang='lat' dir='ltr'><strong>serpente</strong></span> 
     </span>
     <span class='ocr_line' id='line_1_30' title="bbox 95 2862 1845 2941; baseline 0.004 -24"><span class='ocrx_word' id='word_1_414' title='bbox 95 2863 238 2933; x_wconf 79' lang='lat' dir='ltr'><strong>cujusque</strong></span> <span class='ocrx_word' id='word_1_415' title='bbox 255 2862 442 2934; x_wconf 85' lang='lat' dir='ltr'><strong>plantationis</strong></span> <span class='ocrx_word' id='word_1_416' title='bbox 471 2863 637 2936; x_wconf 89' lang='lat' dir='ltr'><strong>disponens,</strong></span> <span class='ocrx_word' id='word_1_417' title='bbox 662 2865 786 2920; x_wconf 87' lang='lat' dir='ltr'><strong>lructum</strong></span> <span class='ocrx_word' id='word_1_418' title='bbox 804 2867 944 2922; x_wconf 90' lang='lat' dir='ltr'><strong>honarum</strong></span> <span class='ocrx_word' id='word_1_419' title='bbox 999 2871 1142 2927; x_wconf 86' lang='lat' dir='ltr'><strong>contrivit.</strong></span> <span class='ocrx_word' id='word_1_420' title='bbox 1163 2871 1196 2926; x_wconf 92' lang='lat' dir='ltr'><strong>ln</strong></span> <span class='ocrx_word' id='word_1_421' title='bbox 1218 2869 1365 2941; x_wconf 86' lang='lat' dir='ltr'><strong>ereptione</strong></span> <span class='ocrx_word' id='word_1_422' title='bbox 1387 2870 1464 2924; x_wconf 89' lang='lat' dir='ltr'><strong>euim</strong></span> <span class='ocrx_word' id='word_1_423' title='bbox 1489 2870 1616 2926; x_wconf 90' lang='lat' dir='ltr'><strong>hominis</strong></span> <span class='ocrx_word' id='word_1_424' title='bbox 1632 2871 1667 2926; x_wconf 89' lang='lat' dir='ltr'><strong>de</strong></span> <span class='ocrx_word' id='word_1_425' title='bbox 1683 2875 1775 2926; x_wconf 87' lang='lat' dir='ltr'><strong>morta</strong></span> <span class='ocrx_word' id='word_1_426' title='bbox 1797 2870 1845 2925; x_wconf 91' lang='lat' dir='ltr'><strong>in·</strong></span> 
     </span>
     <span class='ocr_line' id='line_1_31' title="bbox 95 2951 1843 3034; baseline 0.005 -29"><span class='ocrx_word' id='word_1_427' title='bbox 95 2951 234 3006; x_wconf 82' lang='lat' dir='ltr'><strong>arborum</strong></span> <span class='ocrx_word' id='word_1_428' title='bbox 260 2951 425 3020; x_wconf 86' lang='lat' dir='ltr'><strong>utilitatem,</strong></span> <span class='ocrx_word' id='word_1_429' title='bbox 456 2969 600 3023; x_wconf 87' lang='lat' dir='ltr'><strong>saporem,</strong></span> <span class='ocrx_word' id='word_1_430' title='bbox 631 2954 748 3010; x_wconf 68' lang='lat' dir='ltr'><strong>morem</strong></span> <span class='ocrx_word' id='word_1_431' title='bbox 776 2954 944 3012; x_wconf 87' lang='lat' dir='ltr'><strong>habentium</strong></span> <span class='ocrx_word' id='word_1_432' title='bbox 963 2978 983 3034; x_wconf 75' lang='lat' dir='ltr'><strong>g</strong></span> <span class='ocrx_word' id='word_1_433' title='bbox 1000 2961 1098 3016; x_wconf 85' lang='lat' dir='ltr'><strong>fernus</strong></span> <span class='ocrx_word' id='word_1_434' title='bbox 1121 2959 1278 3014; x_wconf 88' lang='lat' dir='ltr'><strong>claustrum</strong></span> <span class='ocrx_word' id='word_1_435' title='bbox 1295 2973 1379 3012; x_wconf 89' lang='lat' dir='ltr'><strong>snum</strong></span> <span class='ocrx_word' id='word_1_436' title='bbox 1404 2958 1527 3028; x_wconf 87' lang='lat' dir='ltr'><strong>apernit,</strong></span> <span class='ocrx_word' id='word_1_437' title='bbox 1555 2959 1657 3014; x_wconf 85' lang='lat' dir='ltr'><strong>Satana</strong></span> <span class='ocrx_word' id='word_1_438' title='bbox 1679 2959 1843 3013; x_wconf 90' lang='lat' dir='ltr'><strong>clamante:</strong></span> 
     </span>
     <span class='ocr_line' id='line_1_32' title="bbox 95 3040 1846 3119; baseline 0.005 -25"><span class='ocrx_word' id='word_1_439' title='bbox 95 3045 126 3095; x_wconf 94' lang='lat' dir='ltr'><strong>et</strong></span> <span class='ocrx_word' id='word_1_440' title='bbox 160 3040 342 3096; x_wconf 87' lang='lat' dir='ltr'><strong>diversorum</strong></span> <span class='ocrx_word' id='word_1_441' title='bbox 371 3057 512 3113; x_wconf 88' lang='lat' dir='ltr'><strong>generum</strong></span> <span class='ocrx_word' id='word_1_442' title='bbox 541 3049 672 3098; x_wconf 87' lang='lat' dir='ltr'><strong>aromate</strong></span> <span class='ocrx_word' id='word_1_443' title='bbox 699 3043 876 3101; x_wconf 86' lang='lat' dir='ltr'><strong>considerat.</strong></span> <span class='ocrx_word' id='word_1_444' title='bbox 911 3046 945 3101; x_wconf 84' lang='lat' dir='ltr'><strong>Et</strong></span> <span class='ocrx_word' id='word_1_445' title='bbox 999 3051 1057 3116; x_wconf 81' lang='lat' dir='ltr'><strong>Vas,</strong></span> <span class='ocrx_word' id='word_1_446' title='bbox 1071 3049 1126 3104; x_wconf 81' lang='lat' dir='ltr'><strong>veel</strong></span> <span class='ocrx_word' id='word_1_447' title='bbox 1144 3047 1209 3119; x_wconf 88' lang='lat' dir='ltr'><strong>quis</strong></span> <span class='ocrx_word' id='word_1_448' title='bbox 1223 3062 1268 3101; x_wconf 93' lang='lat' dir='ltr'><strong>me</strong></span> <span class='ocrx_word' id='word_1_449' title='bbox 1283 3045 1517 3116; x_wconf 75' lang='lat' dir='ltr'><strong>adjuvabittsed</strong></span> <span class='ocrx_word' id='word_1_450' title='bbox 1539 3051 1567 3101; x_wconf 90' lang='lat' dir='ltr'><strong>et</strong></span> <span class='ocrx_word' id='word_1_451' title='bbox 1589 3047 1684 3102; x_wconf 87' lang='lat' dir='ltr'><strong>omnis</strong></span> <span class='ocrx_word' id='word_1_452' title='bbox 1705 3046 1846 3102; x_wconf 90' lang='lat' dir='ltr'><strong>diabolica</strong></span> 
     </span>
     <span class='ocr_line' id='line_1_33' title="bbox 94 3129 1846 3206; baseline 0.003 -23"><span class='ocrx_word' id='word_1_453' title='bbox 94 3129 136 3184; x_wconf 90' lang='lat' dir='ltr'><strong>sic</strong></span> <span class='ocrx_word' id='word_1_454' title='bbox 149 3129 291 3184; x_wconf 81' lang='lat' dir='ltr'><strong>hominus</strong></span> <span class='ocrx_word' id='word_1_455' title='bbox 305 3145 427 3201; x_wconf 88' lang='lat' dir='ltr'><strong>magnus</strong></span> <span class='ocrx_word' id='word_1_456' title='bbox 441 3136 471 3185; x_wconf 92' lang='lat' dir='ltr'><strong>et</strong></span> <span class='ocrx_word' id='word_1_457' title='bbox 485 3130 645 3204; x_wconf 74' lang='lat' dir='ltr'><strong>profundus</strong></span> <span class='ocrx_word' id='word_1_458' title='bbox 671 3132 772 3187; x_wconf 87' lang='lat' dir='ltr'><strong>artilex</strong></span> <span class='ocrx_word' id='word_1_459' title='bbox 798 3150 944 3205; x_wconf 86' lang='lat' dir='ltr'><strong>quamque</strong></span> <span class='ocrx_word' id='word_1_460' title='bbox 999 3138 1082 3193; x_wconf 85' lang='lat' dir='ltr'><strong>turha</strong></span> <span class='ocrx_word' id='word_1_461' title='bbox 1102 3138 1132 3191; x_wconf 93' lang='lat' dir='ltr'><strong>in</strong></span> <span class='ocrx_word' id='word_1_462' title='bbox 1155 3136 1270 3191; x_wconf 78' lang='lat' dir='ltr'><strong>fremitu</strong></span> <span class='ocrx_word' id='word_1_463' title='bbox 1301 3151 1407 3205; x_wconf 90' lang='lat' dir='ltr'><strong>magno</strong></span> <span class='ocrx_word' id='word_1_464' title='bbox 1432 3135 1555 3205; x_wconf 89' lang='lat' dir='ltr'><strong>seipsam</strong></span> <span class='ocrx_word' id='word_1_465' title='bbox 1580 3134 1730 3206; x_wconf 86' lang='lat' dir='ltr'><strong>decerpsit,</strong></span> <span class='ocrx_word' id='word_1_466' title='bbox 1753 3133 1846 3189; x_wconf 89' lang='lat' dir='ltr'><strong>admi-</strong></span> 
     </span>
     <span class='ocr_line' id='line_1_34' title="bbox 94 3217 1846 3298; baseline 0.002 -26"><span class='ocrx_word' id='word_1_467' title='bbox 94 3217 305 3290; x_wconf 85' lang='lat' dir='ltr'><strong>plantatiouem</strong></span> <span class='ocrx_word' id='word_1_468' title='bbox 320 3235 403 3274; x_wconf 80' lang='lat' dir='ltr'><strong>saram</strong></span> <span class='ocrx_word' id='word_1_469' title='bbox 417 3219 448 3275; x_wconf 93' lang='lat' dir='ltr'><strong>in</strong></span> <span class='ocrx_word' id='word_1_470' title='bbox 467 3236 501 3275; x_wconf 92' lang='lat' dir='ltr'><strong>eo</strong></span> <span class='ocrx_word' id='word_1_471' title='bbox 523 3219 660 3292; x_wconf 86' lang='lat' dir='ltr'><strong>disponit,</strong></span> <span class='ocrx_word' id='word_1_472' title='bbox 680 3226 712 3275; x_wconf 91' lang='lat' dir='ltr'><strong>ut</strong></span> <span class='ocrx_word' id='word_1_473' title='bbox 726 3221 800 3276; x_wconf 89' lang='lat' dir='ltr'><strong>bene</strong></span> <span class='ocrx_word' id='word_1_474' title='bbox 822 3221 945 3279; x_wconf 88' lang='lat' dir='ltr'><strong>discerni</strong></span> <span class='ocrx_word' id='word_1_475' title='bbox 999 3241 1066 3280; x_wconf 89' lang='lat' dir='ltr'><strong>rans</strong></span> <span class='ocrx_word' id='word_1_476' title='bbox 1082 3241 1146 3298; x_wconf 83' lang='lat' dir='ltr'><strong>qnae</strong></span> <span class='ocrx_word' id='word_1_477' title='bbox 1160 3229 1238 3280; x_wconf 89' lang='lat' dir='ltr'><strong>tenta</strong></span> <span class='ocrx_word' id='word_1_478' title='bbox 1253 3227 1379 3295; x_wconf 87' lang='lat' dir='ltr'><strong>potestas</strong></span> <span class='ocrx_word' id='word_1_479' title='bbox 1394 3229 1478 3290; x_wconf 89' lang='lat' dir='ltr'><strong>esset,</strong></span> <span class='ocrx_word' id='word_1_480' title='bbox 1499 3223 1545 3278; x_wconf 90' lang='lat' dir='ltr'><strong>cui</strong></span> <span class='ocrx_word' id='word_1_481' title='bbox 1560 3222 1622 3294; x_wconf 92' lang='lat' dir='ltr'><strong>ipsa</strong></span> <span class='ocrx_word' id='word_1_482' title='bbox 1636 3239 1701 3277; x_wconf 93' lang='lat' dir='ltr'><strong>cum</strong></span> <span class='ocrx_word' id='word_1_483' title='bbox 1716 3221 1846 3293; x_wconf 89' lang='lat' dir='ltr'><strong>principe</strong></span> 
     </span>
     <span class='ocr_line' id='line_1_35' title="bbox 93 3305 1845 3384; baseline 0.002 -23"><span class='ocrx_word' id='word_1_484' title='bbox 93 3306 125 3361; x_wconf 93' lang='lat' dir='ltr'><strong>in</strong></span> <span class='ocrx_word' id='word_1_485' title='bbox 154 3305 280 3360; x_wconf 89' lang='lat' dir='ltr'><strong>utilitate</strong></span> <span class='ocrx_word' id='word_1_486' title='bbox 312 3323 365 3361; x_wconf 87' lang='lat' dir='ltr'><strong>sna</strong></span> <span class='ocrx_word' id='word_1_487' title='bbox 386 3308 485 3379; x_wconf 89' lang='lat' dir='ltr'><strong>possit,</strong></span> <span class='ocrx_word' id='word_1_488' title='bbox 511 3325 543 3362; x_wconf 88' lang='lat' dir='ltr'><strong>ec</strong></span> <span class='ocrx_word' id='word_1_489' title='bbox 570 3309 674 3364; x_wconf 90' lang='lat' dir='ltr'><strong>deinde</strong></span> <span class='ocrx_word' id='word_1_490' title='bbox 707 3311 811 3382; x_wconf 87' lang='lat' dir='ltr'><strong>cogitet</strong></span> <span class='ocrx_word' id='word_1_491' title='bbox 838 3317 945 3383; x_wconf 86' lang='lat' dir='ltr'><strong>quantu</strong></span> <span class='ocrx_word' id='word_1_492' title='bbox 1000 3313 1118 3370; x_wconf 73' lang='lat' dir='ltr'><strong>malitiae</strong></span> <span class='ocrx_word' id='word_1_493' title='bbox 1133 3314 1266 3368; x_wconf 85' lang='lat' dir='ltr'><strong>resistere</strong></span> <span class='ocrx_word' id='word_1_494' title='bbox 1281 3329 1341 3367; x_wconf 91' lang='lat' dir='ltr'><strong>non</strong></span> <span class='ocrx_word' id='word_1_495' title='bbox 1356 3317 1462 3384; x_wconf 89' lang='lat' dir='ltr'><strong>posset,</strong></span> <span class='ocrx_word' id='word_1_496' title='bbox 1478 3328 1543 3367; x_wconf 77' lang='lat' dir='ltr'><strong>carm</strong></span> <span class='ocrx_word' id='word_1_497' title='bbox 1559 3311 1612 3368; x_wconf 91' lang='lat' dir='ltr'><strong>sibi</strong></span> <span class='ocrx_word' id='word_1_498' title='bbox 1621 3311 1720 3367; x_wconf 83' lang='lat' dir='ltr'><strong>fideles</strong></span> <span class='ocrx_word' id='word_1_499' title='bbox 1736 3311 1845 3366; x_wconf 86' lang='lat' dir='ltr'><strong>animae</strong></span> 
     </span>
     <span class='ocr_line' id='line_1_36' title="bbox 94 3395 1845 3473; baseline 0.003 -24"><span class='ocrx_word' id='word_1_500' title='bbox 94 3395 262 3451; x_wconf 92' lang='lat' dir='ltr'><strong>munitione</strong></span> <span class='ocrx_word' id='word_1_501' title='bbox 292 3411 359 3450; x_wconf 90' lang='lat' dir='ltr'><strong>eum</strong></span> <span class='ocrx_word' id='word_1_502' title='bbox 390 3396 558 3465; x_wconf 87' lang='lat' dir='ltr'><strong>circumdet,</strong></span> <span class='ocrx_word' id='word_1_503' title='bbox 583 3403 616 3453; x_wconf 94' lang='lat' dir='ltr'><strong>ut</strong></span> <span class='ocrx_word' id='word_1_504' title='bbox 639 3398 735 3453; x_wconf 87' lang='lat' dir='ltr'><strong>nullus</strong></span> <span class='ocrx_word' id='word_1_505' title='bbox 760 3399 944 3456; x_wconf 88' lang='lat' dir='ltr'><strong>inimicorum</strong></span> <span class='ocrx_word' id='word_1_506' title='bbox 999 3401 1106 3458; x_wconf 78' lang='lat' dir='ltr'><strong>auferri</strong></span> <span class='ocrx_word' id='word_1_507' title='bbox 1123 3401 1240 3458; x_wconf 86' lang='lat' dir='ltr'><strong>rideret.</strong></span> <span class='ocrx_word' id='word_1_508' title='bbox 1258 3400 1405 3458; x_wconf 90' lang='lat' dir='ltr'><strong>Sichomo</strong></span> <span class='ocrx_word' id='word_1_509' title='bbox 1426 3415 1513 3473; x_wconf 88' lang='lat' dir='ltr'><strong>super</strong></span> <span class='ocrx_word' id='word_1_510' title='bbox 1532 3401 1618 3456; x_wconf 84' lang='lat' dir='ltr'><strong>coelos</strong></span> <span class='ocrx_word' id='word_1_511' title='bbox 1641 3401 1767 3455; x_wconf 84' lang='lat' dir='ltr'><strong>elevatus</strong></span> <span class='ocrx_word' id='word_1_512' title='bbox 1788 3405 1845 3468; x_wconf 85' lang='lat' dir='ltr'><strong>est;</strong></span> 
     </span>
    </p>
   </div>
   <div class='ocr_carea' id='block_1_3' title="bbox 94 3483 1942 3564">
    <p class='ocr_par' dir='ltr' id='par_1_4' title="bbox 94 3483 1942 3564">
     <span class='ocr_line' id='line_1_37' title="bbox 94 3483 1942 3564; baseline 0.003 -26"><span class='ocrx_word' id='word_1_513' title='bbox 94 3483 306 3556; x_wconf 90' lang='lat' dir='ltr'><strong>plantationem</strong></span> <span class='ocrx_word' id='word_1_514' title='bbox 322 3485 385 3556; x_wconf 86' lang='lat' dir='ltr'><strong>ejus</strong></span> <span class='ocrx_word' id='word_1_515' title='bbox 403 3484 545 3557; x_wconf 86' lang='lat' dir='ltr'><strong>dissipare</strong></span> <span class='ocrx_word' id='word_1_516' title='bbox 560 3487 661 3541; x_wconf 84' lang='lat' dir='ltr'><strong>valeat.</strong></span> <span class='ocrx_word' id='word_1_517' title='bbox 675 3488 755 3542; x_wconf 85' lang='lat' dir='ltr'><strong>Tunc</strong></span> <span class='ocrx_word' id='word_1_518' title='bbox 779 3487 866 3542; x_wconf 90' lang='lat' dir='ltr'><strong>etiam</strong></span> <span class='ocrx_word' id='word_1_519' title='bbox 881 3487 944 3558; x_wconf 91' lang='lat' dir='ltr'><strong>pig·</strong></span> <span class='ocrx_word' id='word_1_520' title='bbox 999 3493 1067 3564; x_wconf 89' lang='lat' dir='ltr'><strong>qnia</strong></span> <span class='ocrx_word' id='word_1_521' title='bbox 1084 3492 1157 3546; x_wconf 87' lang='lat' dir='ltr'><strong>lteus</strong></span> <span class='ocrx_word' id='word_1_522' title='bbox 1172 3491 1201 3544; x_wconf 91' lang='lat' dir='ltr'><strong>iu</strong></span> <span class='ocrx_word' id='word_1_523' title='bbox 1221 3490 1350 3558; x_wconf 91' lang='lat' dir='ltr'><strong>homine,</strong></span> <span class='ocrx_word' id='word_1_524' title='bbox 1367 3495 1396 3544; x_wconf 89' lang='lat' dir='ltr'><strong>ot</strong></span> <span class='ocrx_word' id='word_1_525' title='bbox 1419 3490 1507 3544; x_wconf 89' lang='lat' dir='ltr'><strong>homo</strong></span> <span class='ocrx_word' id='word_1_526' title='bbox 1531 3489 1561 3544; x_wconf 93' lang='lat' dir='ltr'><strong>in</strong></span> <span class='ocrx_word' id='word_1_527' title='bbox 1588 3491 1645 3544; x_wconf 88' lang='lat' dir='ltr'><strong>lleo</strong></span> <span class='ocrx_word' id='word_1_528' title='bbox 1666 3505 1719 3560; x_wconf 88' lang='lat' dir='ltr'><strong>per</strong></span> <span class='ocrx_word' id='word_1_529' title='bbox 1743 3489 1845 3545; x_wconf 77' lang='lat' dir='ltr'><strong>l&#39;ilinm</strong></span> <span class='ocrx_word' id='word_1_530' title='bbox 1938 3545 1942 3554; x_wconf 82' lang='grc'><strong>,</strong></span> 
     </span>
    </p>
   </div>
   <div class='ocr_carea' id='block_1_4' title="bbox 94 3573 1853 5598">
    <p class='ocr_par' dir='ltr' id='par_1_5' title="bbox 94 3573 1853 5598">
     <span class='ocr_line' id='line_1_38' title="bbox 95 3573 1846 3651; baseline 0.002 -23"><span class='ocrx_word' id='word_1_531' title='bbox 95 3573 256 3628; x_wconf 84' lang='lat' dir='ltr'><strong>menterios</strong></span> <span class='ocrx_word' id='word_1_532' title='bbox 290 3589 357 3629; x_wconf 92' lang='lat' dir='ltr'><strong>suos</strong></span> <span class='ocrx_word' id='word_1_533' title='bbox 387 3574 548 3644; x_wconf 89' lang='lat' dir='ltr'><strong>constitnit,</strong></span> <span class='ocrx_word' id='word_1_534' title='bbox 578 3575 630 3647; x_wconf 92' lang='lat' dir='ltr'><strong>qui</strong></span> <span class='ocrx_word' id='word_1_535' title='bbox 661 3576 796 3631; x_wconf 90' lang='lat' dir='ltr'><strong>eumdem</strong></span> <span class='ocrx_word' id='word_1_536' title='bbox 828 3578 944 3632; x_wconf 91' lang='lat' dir='ltr'><strong>hortum</strong></span> <span class='ocrx_word' id='word_1_537' title='bbox 1002 3579 1052 3634; x_wconf 82' lang='lat' dir='ltr'><strong>[tei</strong></span> <span class='ocrx_word' id='word_1_538' title='bbox 1075 3579 1218 3651; x_wconf 89' lang='lat' dir='ltr'><strong>apperuit.</strong></span> <span class='ocrx_word' id='word_1_539' title='bbox 1245 3578 1423 3633; x_wconf 87' lang='lat' dir='ltr'><strong>ldemetiam</strong></span> <span class='ocrx_word' id='word_1_540' title='bbox 1449 3577 1653 3646; x_wconf 80' lang='lat' dir='ltr'><strong>hominesqui</strong></span> <span class='ocrx_word' id='word_1_541' title='bbox 1678 3593 1759 3633; x_wconf 87' lang='lat' dir='ltr'><strong>ovem</strong></span> <span class='ocrx_word' id='word_1_542' title='bbox 1781 3593 1846 3649; x_wconf 88' lang='lat' dir='ltr'><strong>per-</strong></span> 
     </span>
     <span class='ocr_line' id='line_1_39' title="bbox 94 3662 1845 3737; baseline 0.002 -19"><span class='ocrx_word' id='word_1_543' title='bbox 94 3663 194 3733; x_wconf 89' lang='lat' dir='ltr'><strong>rigere</strong></span> <span class='ocrx_word' id='word_1_544' title='bbox 216 3662 307 3718; x_wconf 89' lang='lat' dir='ltr'><strong>sciant</strong></span> <span class='ocrx_word' id='word_1_545' title='bbox 325 3668 354 3718; x_wconf 94' lang='lat' dir='ltr'><strong>et</strong></span> <span class='ocrx_word' id='word_1_546' title='bbox 374 3664 425 3735; x_wconf 90' lang='lat' dir='ltr'><strong>qui</strong></span> <span class='ocrx_word' id='word_1_547' title='bbox 448 3664 572 3719; x_wconf 81' lang='lat' dir='ltr'><strong>tractum</strong></span> <span class='ocrx_word' id='word_1_548' title='bbox 597 3665 660 3735; x_wconf 91' lang='lat' dir='ltr'><strong>ejus</strong></span> <span class='ocrx_word' id='word_1_549' title='bbox 679 3664 826 3737; x_wconf 90' lang='lat' dir='ltr'><strong>colligant,</strong></span> <span class='ocrx_word' id='word_1_550' title='bbox 851 3671 880 3720; x_wconf 89' lang='lat' dir='ltr'><strong>et</strong></span> <span class='ocrx_word' id='word_1_551' title='bbox 901 3681 946 3720; x_wconf 85' lang='lat' dir='ltr'><strong>er·</strong></span> <span class='ocrx_word' id='word_1_552' title='bbox 1000 3669 1120 3735; x_wconf 84' lang='lat' dir='ltr'><strong>diderat,</strong></span> <span class='ocrx_word' id='word_1_553' title='bbox 1138 3667 1186 3722; x_wconf 87' lang='lat' dir='ltr'><strong>sed</strong></span> <span class='ocrx_word' id='word_1_554' title='bbox 1207 3682 1269 3721; x_wconf 87' lang='lat' dir='ltr'><strong>eam</strong></span> <span class='ocrx_word' id='word_1_555' title='bbox 1294 3670 1352 3720; x_wconf 81' lang='lat' dir='ltr'><strong>tans</strong></span> <span class='ocrx_word' id='word_1_556' title='bbox 1375 3666 1499 3737; x_wconf 89' lang='lat' dir='ltr'><strong>gloriose</strong></span> <span class='ocrx_word' id='word_1_557' title='bbox 1519 3666 1552 3720; x_wconf 90' lang='lat' dir='ltr'><strong>ad</strong></span> <span class='ocrx_word' id='word_1_558' title='bbox 1578 3665 1664 3721; x_wconf 83' lang='lat' dir='ltr'><strong>vitam</strong></span> <span class='ocrx_word' id='word_1_559' title='bbox 1684 3667 1845 3734; x_wconf 89' lang='lat' dir='ltr'><strong>reduxerat,</strong></span> 
     </span>
     <span class='ocr_line' id='line_1_40' title="bbox 94 3751 1845 3828; baseline 0.001 -22"><span class='ocrx_word' id='word_1_560' title='bbox 94 3751 165 3806; x_wconf 92' lang='lat' dir='ltr'><strong>iude</strong></span> <span class='ocrx_word' id='word_1_561' title='bbox 193 3751 306 3807; x_wconf 85' lang='lat' dir='ltr'><strong>diversa</strong></span> <span class='ocrx_word' id='word_1_562' title='bbox 328 3752 477 3824; x_wconf 88' lang='lat' dir='ltr'><strong>pigmenta</strong></span> <span class='ocrx_word' id='word_1_563' title='bbox 509 3751 674 3808; x_wconf 76' lang='lat' dir='ltr'><strong>conficiant</strong></span> <span class='ocrx_word' id='word_1_564' title='bbox 703 3753 893 3825; x_wconf 82' lang='lat' dir='ltr'><strong>Quapropter,</strong></span> <span class='ocrx_word' id='word_1_565' title='bbox 928 3770 945 3809; x_wconf 94' lang='lat' dir='ltr'><strong>o</strong></span> <span class='ocrx_word' id='word_1_566' title='bbox 999 3757 1155 3828; x_wconf 87' lang='lat' dir='ltr'><strong>pretiosam</strong></span> <span class='ocrx_word' id='word_1_567' title='bbox 1189 3755 1374 3827; x_wconf 89' lang='lat' dir='ltr'><strong>margaritam</strong></span> <span class='ocrx_word' id='word_1_568' title='bbox 1404 3753 1434 3807; x_wconf 91' lang='lat' dir='ltr'><strong>in</strong></span> <span class='ocrx_word' id='word_1_569' title='bbox 1469 3754 1601 3809; x_wconf 89' lang='lat' dir='ltr'><strong>eamdem</strong></span> <span class='ocrx_word' id='word_1_570' title='bbox 1627 3752 1845 3808; x_wconf 90' lang='lat' dir='ltr'><strong>similitudinem</strong></span> 
     </span>
     <span class='ocr_line' id='line_1_41' title="bbox 95 3839 1846 3918; baseline 0.001 -23"><span class='ocrx_word' id='word_1_571' title='bbox 95 3839 196 3908; x_wconf 91' lang='lat' dir='ltr'><strong>homo,</strong></span> <span class='ocrx_word' id='word_1_572' title='bbox 221 3839 378 3911; x_wconf 85' lang='lat' dir='ltr'><strong>diligenter</strong></span> <span class='ocrx_word' id='word_1_573' title='bbox 406 3839 565 3908; x_wconf 88' lang='lat' dir='ltr'><strong>considera,</strong></span> <span class='ocrx_word' id='word_1_574' title='bbox 600 3841 714 3913; x_wconf 88' lang='lat' dir='ltr'><strong>quiesi</strong></span> <span class='ocrx_word' id='word_1_575' title='bbox 739 3841 878 3898; x_wconf 82' lang='lat' dir='ltr'><strong>hominus</strong></span> <span class='ocrx_word' id='word_1_576' title='bbox 895 3842 945 3898; x_wconf 91' lang='lat' dir='ltr'><strong>ille</strong></span> <span class='ocrx_word' id='word_1_577' title='bbox 999 3846 1108 3914; x_wconf 87' lang='lat' dir='ltr'><strong>habuit,</strong></span> <span class='ocrx_word' id='word_1_578' title='bbox 1129 3843 1327 3918; x_wconf 87' lang='lat' dir='ltr'><strong>quaeperdita</strong></span> <span class='ocrx_word' id='word_1_579' title='bbox 1349 3843 1380 3898; x_wconf 92' lang='lat' dir='ltr'><strong>in</strong></span> <span class='ocrx_word' id='word_1_580' title='bbox 1404 3844 1508 3897; x_wconf 89' lang='lat' dir='ltr'><strong>multas</strong></span> <span class='ocrx_word' id='word_1_581' title='bbox 1531 3842 1628 3897; x_wconf 90' lang='lat' dir='ltr'><strong>sordes</strong></span> <span class='ocrx_word' id='word_1_582' title='bbox 1654 3841 1765 3897; x_wconf 91' lang='lat' dir='ltr'><strong>incidit.</strong></span> <span class='ocrx_word' id='word_1_583' title='bbox 1792 3842 1846 3897; x_wconf 83' lang='lat' dir='ltr'><strong>Sed</strong></span> 
     </span>
     <span class='ocr_line' id='line_1_42' title="bbox 95 3927 1842 4006; baseline 0.001 -24"><span class='ocrx_word' id='word_1_584' title='bbox 95 3927 279 4000; x_wconf 74' lang='lat' dir='ltr'><strong>praesidetct</strong></span> <span class='ocrx_word' id='word_1_585' title='bbox 297 3928 376 4000; x_wconf 87' lang='lat' dir='ltr'><strong>qnod</strong></span> <span class='ocrx_word' id='word_1_586' title='bbox 399 3929 500 3984; x_wconf 90' lang='lat' dir='ltr'><strong>hortus</strong></span> <span class='ocrx_word' id='word_1_587' title='bbox 517 3945 586 3984; x_wconf 89' lang='lat' dir='ltr'><strong>snus</strong></span> <span class='ocrx_word' id='word_1_588' title='bbox 610 3931 723 3985; x_wconf 87' lang='lat' dir='ltr'><strong>nullum</strong></span> <span class='ocrx_word' id='word_1_589' title='bbox 742 3930 867 3985; x_wconf 84' lang='lat' dir='ltr'><strong>fructum</strong></span> <span class='ocrx_word' id='word_1_590' title='bbox 893 3947 946 3985; x_wconf 92' lang='lat' dir='ltr'><strong>uec</strong></span> <span class='ocrx_word' id='word_1_591' title='bbox 999 3935 1061 4006; x_wconf 86' lang='lat' dir='ltr'><strong>ipse</strong></span> <span class='ocrx_word' id='word_1_592' title='bbox 1076 3951 1138 3990; x_wconf 90' lang='lat' dir='ltr'><strong>eam</strong></span> <span class='ocrx_word' id='word_1_593' title='bbox 1164 3933 1204 3989; x_wconf 87' lang='lat' dir='ltr'><strong>ite</strong></span> <span class='ocrx_word' id='word_1_594' title='bbox 1225 3934 1256 3988; x_wconf 91' lang='lat' dir='ltr'><strong>in</strong></span> <span class='ocrx_word' id='word_1_595' title='bbox 1279 3933 1362 3988; x_wconf 90' lang='lat' dir='ltr'><strong>sorde</strong></span> <span class='ocrx_word' id='word_1_596' title='bbox 1380 3927 1477 4006; x_wconf 82' lang='lat' dir='ltr'><strong>jacere</strong></span> <span class='ocrx_word' id='word_1_597' title='bbox 1501 3947 1559 3985; x_wconf 90' lang='lat' dir='ltr'><strong>non</strong></span> <span class='ocrx_word' id='word_1_598' title='bbox 1586 3929 1756 4002; x_wconf 89' lang='lat' dir='ltr'><strong>permittens</strong></span> <span class='ocrx_word' id='word_1_599' title='bbox 1779 3945 1842 3985; x_wconf 89' lang='lat' dir='ltr'><strong>eam</strong></span> 
     </span>
     <span class='ocr_line' id='line_1_43' title="bbox 98 4016 1846 4096; baseline 0.001 -24"><span class='ocrx_word' id='word_1_600' title='bbox 98 4017 189 4072; x_wconf 91' lang='lat' dir='ltr'><strong>ullam</strong></span> <span class='ocrx_word' id='word_1_601' title='bbox 212 4016 363 4073; x_wconf 86' lang='lat' dir='ltr'><strong>utilitatem</strong></span> <span class='ocrx_word' id='word_1_602' title='bbox 386 4017 537 4089; x_wconf 82' lang='lat' dir='ltr'><strong>proterens</strong></span> <span class='ocrx_word' id='word_1_603' title='bbox 561 4017 751 4074; x_wconf 89' lang='lat' dir='ltr'><strong>destruendus</strong></span> <span class='ocrx_word' id='word_1_604' title='bbox 777 4023 829 4085; x_wconf 91' lang='lat' dir='ltr'><strong>est,</strong></span> <span class='ocrx_word' id='word_1_605' title='bbox 845 4033 945 4090; x_wconf 66' lang='lat' dir='ltr'><strong>nuere</strong></span> <span class='ocrx_word' id='word_1_606' title='bbox 999 4023 1141 4096; x_wconf 60' lang='lat' dir='ltr'><strong>quamdi,</strong></span> <span class='ocrx_word' id='word_1_607' title='bbox 1169 4029 1197 4078; x_wconf 76' lang='lat' dir='ltr'><strong>st</strong></span> <span class='ocrx_word' id='word_1_608' title='bbox 1224 4023 1371 4077; x_wconf 71' lang='lat' dir='ltr'><strong>inventam</strong></span> <span class='ocrx_word' id='word_1_609' title='bbox 1404 4021 1565 4094; x_wconf 84' lang='lat' dir='ltr'><strong>gaudenter</strong></span> <span class='ocrx_word' id='word_1_610' title='bbox 1592 4019 1723 4087; x_wconf 78' lang='lat' dir='ltr'><strong>extruxit,</strong></span> <span class='ocrx_word' id='word_1_611' title='bbox 1751 4023 1780 4074; x_wconf 94' lang='lat' dir='ltr'><strong>et</strong></span> <span class='ocrx_word' id='word_1_612' title='bbox 1811 4017 1846 4073; x_wconf 90' lang='lat' dir='ltr'><strong>de</strong></span> 
     </span>
     <span class='ocr_line' id='line_1_44' title="bbox 96 4106 1849 4184; baseline -0.001 -24"><span class='ocrx_word' id='word_1_613' title='bbox 96 4111 168 4160; x_wconf 90' lang='lat' dir='ltr'><strong>tuuc</strong></span> <span class='ocrx_word' id='word_1_614' title='bbox 184 4111 281 4160; x_wconf 87' lang='lat' dir='ltr'><strong>tantus</strong></span> <span class='ocrx_word' id='word_1_615' title='bbox 294 4110 323 4160; x_wconf 92' lang='lat' dir='ltr'><strong>et</strong></span> <span class='ocrx_word' id='word_1_616' title='bbox 341 4110 401 4161; x_wconf 91' lang='lat' dir='ltr'><strong>tem</strong></span> <span class='ocrx_word' id='word_1_617' title='bbox 425 4106 584 4179; x_wconf 84' lang='lat' dir='ltr'><strong>profundus</strong></span> <span class='ocrx_word' id='word_1_618' title='bbox 599 4106 699 4162; x_wconf 84' lang='lat' dir='ltr'><strong>artilex</strong></span> <span class='ocrx_word' id='word_1_619' title='bbox 724 4106 840 4162; x_wconf 89' lang='lat' dir='ltr'><strong>hortum</strong></span> <span class='ocrx_word' id='word_1_620' title='bbox 862 4106 946 4161; x_wconf 93' lang='lat' dir='ltr'><strong>illum</strong></span> <span class='ocrx_word' id='word_1_621' title='bbox 999 4112 1084 4167; x_wconf 77' lang='lat' dir='ltr'><strong>sorde</strong></span> <span class='ocrx_word' id='word_1_622' title='bbox 1099 4113 1127 4166; x_wconf 90' lang='lat' dir='ltr'><strong>iu</strong></span> <span class='ocrx_word' id='word_1_623' title='bbox 1143 4129 1201 4184; x_wconf 87' lang='lat' dir='ltr'><strong>qua</strong></span> <span class='ocrx_word' id='word_1_624' title='bbox 1222 4113 1361 4182; x_wconf 85' lang='lat' dir='ltr'><strong>jacuerat,</strong></span> <span class='ocrx_word' id='word_1_625' title='bbox 1377 4114 1531 4164; x_wconf 81' lang='lat' dir='ltr'><strong>extractam</strong></span> <span class='ocrx_word' id='word_1_626' title='bbox 1552 4107 1592 4163; x_wconf 86' lang='lat' dir='ltr'><strong>ita</strong></span> <span class='ocrx_word' id='word_1_627' title='bbox 1607 4107 1799 4180; x_wconf 82' lang='lat' dir='ltr'><strong>expurgavit:</strong></span> <span class='ocrx_word' id='word_1_628' title='bbox 1818 4112 1849 4162; x_wconf 92' lang='lat' dir='ltr'><strong>ut</strong></span> 
     </span>
     <span class='ocr_line' id='line_1_45' title="bbox 96 4195 1847 4268; baseline -0.001 -18"><span class='ocrx_word' id='word_1_629' title='bbox 96 4200 157 4250; x_wconf 86' lang='lat' dir='ltr'><strong>tam</strong></span> <span class='ocrx_word' id='word_1_630' title='bbox 188 4210 295 4264; x_wconf 91' lang='lat' dir='ltr'><strong>magno</strong></span> <span class='ocrx_word' id='word_1_631' title='bbox 322 4195 417 4251; x_wconf 91' lang='lat' dir='ltr'><strong>studio</strong></span> <span class='ocrx_word' id='word_1_632' title='bbox 440 4202 470 4251; x_wconf 93' lang='lat' dir='ltr'><strong>et</strong></span> <span class='ocrx_word' id='word_1_633' title='bbox 496 4201 555 4251; x_wconf 91' lang='lat' dir='ltr'><strong>tam</strong></span> <span class='ocrx_word' id='word_1_634' title='bbox 584 4196 695 4267; x_wconf 89' lang='lat' dir='ltr'><strong>magnis</strong></span> <span class='ocrx_word' id='word_1_635' title='bbox 722 4195 869 4251; x_wconf 86' lang='lat' dir='ltr'><strong>laboribus</strong></span> <span class='ocrx_word' id='word_1_636' title='bbox 895 4211 944 4250; x_wconf 83' lang='lat' dir='ltr'><strong>cx·</strong></span> <span class='ocrx_word' id='word_1_637' title='bbox 1000 4199 1274 4255; x_wconf 87' lang='lat' dir='ltr'><strong>auruminlornace</strong></span> <span class='ocrx_word' id='word_1_638' title='bbox 1289 4197 1495 4268; x_wconf 89' lang='lat' dir='ltr'><strong>pnrgarisolet</strong></span> <span class='ocrx_word' id='word_1_639' title='bbox 1517 4200 1622 4252; x_wconf 87' lang='lat' dir='ltr'><strong>eteam</strong></span> <span class='ocrx_word' id='word_1_640' title='bbox 1640 4197 1670 4250; x_wconf 94' lang='lat' dir='ltr'><strong>in</strong></span> <span class='ocrx_word' id='word_1_641' title='bbox 1693 4195 1847 4268; x_wconf 87' lang='lat' dir='ltr'><strong>pristinum</strong></span> 
     </span>
     <span class='ocr_line' id='line_1_46' title="bbox 97 4272 1849 4360; baseline 0 -22"><span class='ocrx_word' id='word_1_642' title='bbox 97 4283 196 4350; x_wconf 89' lang='lat' dir='ltr'><strong>struit,</strong></span> <span class='ocrx_word' id='word_1_643' title='bbox 213 4284 333 4355; x_wconf 88' lang='lat' dir='ltr'><strong>plantat,</strong></span> <span class='ocrx_word' id='word_1_644' title='bbox 354 4283 429 4355; x_wconf 90' lang='lat' dir='ltr'><strong>rigat</strong></span> <span class='ocrx_word' id='word_1_645' title='bbox 442 4288 469 4339; x_wconf 89' lang='lat' dir='ltr'><strong>et</strong></span> <span class='ocrx_word' id='word_1_646' title='bbox 484 4283 597 4339; x_wconf 80' lang='lat' dir='ltr'><strong>uruniti</strong></span> <span class='ocrx_word' id='word_1_647' title='bbox 618 4282 693 4339; x_wconf 78' lang='lat' dir='ltr'><strong>Audi</strong></span> <span class='ocrx_word' id='word_1_648' title='bbox 715 4284 805 4356; x_wconf 89' lang='lat' dir='ltr'><strong>igitur</strong></span> <span class='ocrx_word' id='word_1_649' title='bbox 818 4290 848 4339; x_wconf 92' lang='lat' dir='ltr'><strong>et</strong></span> <span class='ocrx_word' id='word_1_650' title='bbox 861 4284 945 4338; x_wconf 92' lang='lat' dir='ltr'><strong>intel·</strong></span> <span class='ocrx_word' id='word_1_651' title='bbox 965 4272 1142 4344; x_wconf 79' lang='lat' dir='ltr'><strong>Dhonorem</strong></span> <span class='ocrx_word' id='word_1_652' title='bbox 1158 4287 1260 4360; x_wconf 85' lang='lat' dir='ltr'><strong>majori</strong></span> <span class='ocrx_word' id='word_1_653' title='bbox 1275 4287 1369 4357; x_wconf 84' lang='lat' dir='ltr'><strong>glorie</strong></span> <span class='ocrx_word' id='word_1_654' title='bbox 1384 4285 1536 4357; x_wconf 79' lang='lat' dir='ltr'><strong>reperavit.</strong></span> <span class='ocrx_word' id='word_1_655' title='bbox 1561 4287 1632 4341; x_wconf 83' lang='lat' dir='ltr'><strong>Nam</strong></span> <span class='ocrx_word' id='word_1_656' title='bbox 1655 4285 1729 4340; x_wconf 85' lang='lat' dir='ltr'><strong>[lene</strong></span> <span class='ocrx_word' id='word_1_657' title='bbox 1754 4283 1849 4338; x_wconf 88' lang='lat' dir='ltr'><strong>homi·</strong></span> 
     </span>
     <span class='ocr_line' id='line_1_47' title="bbox 96 4372 1848 4446; baseline 0.001 -21"><span class='ocrx_word' id='word_1_658' title='bbox 96 4372 167 4443; x_wconf 90' lang='lat' dir='ltr'><strong>lige.</strong></span> <span class='ocrx_word' id='word_1_659' title='bbox 192 4372 268 4426; x_wconf 86' lang='lat' dir='ltr'><strong>Deus</strong></span> <span class='ocrx_word' id='word_1_660' title='bbox 296 4372 345 4445; x_wconf 90' lang='lat' dir='ltr'><strong>qui</strong></span> <span class='ocrx_word' id='word_1_661' title='bbox 369 4372 412 4427; x_wconf 87' lang='lat' dir='ltr'><strong>scl</strong></span> <span class='ocrx_word' id='word_1_662' title='bbox 436 4372 556 4443; x_wconf 82' lang='lat' dir='ltr'><strong>justitiae</strong></span> <span class='ocrx_word' id='word_1_663' title='bbox 580 4377 632 4440; x_wconf 92' lang='lat' dir='ltr'><strong>est,</strong></span> <span class='ocrx_word' id='word_1_664' title='bbox 657 4372 839 4444; x_wconf 87' lang='lat' dir='ltr'><strong>splendorem</strong></span> <span class='ocrx_word' id='word_1_665' title='bbox 861 4387 946 4426; x_wconf 88' lang='lat' dir='ltr'><strong>suum</strong></span> <span class='ocrx_word' id='word_1_666' title='bbox 1002 4375 1327 4446; x_wconf 82' lang='lat' dir='ltr'><strong>nemereuvit,eedipse</strong></span> <span class='ocrx_word' id='word_1_667' title='bbox 1342 4373 1848 4446; x_wconf 86' lang='lat' dir='ltr'><strong>diabolicapersuesioneinmortem</strong></span> 
     </span>
     <span class='ocr_line' id='line_1_48' title="bbox 96 4458 1849 4537; baseline -0.002 -19"><span class='ocrx_word' id='word_1_668' title='bbox 96 4475 187 4530; x_wconf 79' lang='lat' dir='ltr'><strong>super</strong></span> <span class='ocrx_word' id='word_1_669' title='bbox 200 4458 293 4514; x_wconf 80' lang='lat' dir='ltr'><strong>lutum</strong></span> <span class='ocrx_word' id='word_1_670' title='bbox 318 4460 397 4532; x_wconf 84' lang='lat' dir='ltr'><strong>quod</strong></span> <span class='ocrx_word' id='word_1_671' title='bbox 421 4459 616 4532; x_wconf 77' lang='lat' dir='ltr'><strong>prevaricatio</strong></span> <span class='ocrx_word' id='word_1_672' title='bbox 638 4460 764 4515; x_wconf 76' lang='lat' dir='ltr'><strong>bominis</strong></span> <span class='ocrx_word' id='word_1_673' title='bbox 788 4465 832 4515; x_wconf 75' lang='lat' dir='ltr'><strong>est</strong></span> <span class='ocrx_word' id='word_1_674' title='bbox 852 4459 945 4537; x_wconf 74' lang='lat' dir='ltr'><strong>misil3</strong></span> <span class='ocrx_word' id='word_1_675' title='bbox 1002 4465 1124 4534; x_wconf 80' lang='lat' dir='ltr'><strong>corruit3</strong></span> <span class='ocrx_word' id='word_1_676' title='bbox 1141 4464 1175 4519; x_wconf 90' lang='lat' dir='ltr'><strong>de</strong></span> <span class='ocrx_word' id='word_1_677' title='bbox 1191 4481 1246 4536; x_wconf 86' lang='lat' dir='ltr'><strong>qua</strong></span> <span class='ocrx_word' id='word_1_678' title='bbox 1261 4480 1327 4519; x_wconf 91' lang='lat' dir='ltr'><strong>eum</strong></span> <span class='ocrx_word' id='word_1_679' title='bbox 1343 4464 1430 4520; x_wconf 83' lang='lat' dir='ltr'><strong>Filius</strong></span> <span class='ocrx_word' id='word_1_680' title='bbox 1447 4465 1496 4518; x_wconf 88' lang='lat' dir='ltr'><strong>llei</strong></span> <span class='ocrx_word' id='word_1_681' title='bbox 1511 4479 1565 4534; x_wconf 89' lang='lat' dir='ltr'><strong>per</strong></span> <span class='ocrx_word' id='word_1_682' title='bbox 1577 4462 1849 4533; x_wconf 81' lang='lat' dir='ltr'><strong>sanguinemauum</strong></span> 
     </span>
     <span class='ocr_line' id='line_1_49' title="bbox 96 4547 1850 4624; baseline -0.001 -22"><span class='ocrx_word' id='word_1_683' title='bbox 96 4553 127 4602; x_wconf 78' lang='lat' dir='ltr'><strong>ei</strong></span> <span class='ocrx_word' id='word_1_684' title='bbox 143 4547 282 4619; x_wconf 78' lang='lat' dir='ltr'><strong>splendor</strong></span> <span class='ocrx_word' id='word_1_685' title='bbox 300 4547 350 4604; x_wconf 77' lang='lat' dir='ltr'><strong>iile</strong></span> <span class='ocrx_word' id='word_1_686' title='bbox 369 4548 400 4602; x_wconf 88' lang='lat' dir='ltr'><strong>in</strong></span> <span class='ocrx_word' id='word_1_687' title='bbox 415 4549 506 4603; x_wconf 75' lang='lat' dir='ltr'><strong>mulia</strong></span> <span class='ocrx_word' id='word_1_688' title='bbox 520 4547 649 4603; x_wconf 69' lang='lat' dir='ltr'><strong>claritate</strong></span> <span class='ocrx_word' id='word_1_689' title='bbox 664 4547 852 4620; x_wconf 77' lang='lat' dir='ltr'><strong>resplenduit,</strong></span> <span class='ocrx_word' id='word_1_690' title='bbox 872 4563 946 4619; x_wconf 84' lang='lat' dir='ltr'><strong>quo·</strong></span> <span class='ocrx_word' id='word_1_691' title='bbox 1003 4554 1120 4624; x_wconf 81' lang='lat' dir='ltr'><strong>eripuit,</strong></span> <span class='ocrx_word' id='word_1_692' title='bbox 1141 4557 1169 4607; x_wconf 81' lang='lat' dir='ltr'><strong>et</strong></span> <span class='ocrx_word' id='word_1_693' title='bbox 1184 4569 1250 4608; x_wconf 80' lang='lat' dir='ltr'><strong>eum</strong></span> <span class='ocrx_word' id='word_1_694' title='bbox 1265 4554 1301 4609; x_wconf 74' lang='lat' dir='ltr'><strong>ad</strong></span> <span class='ocrx_word' id='word_1_695' title='bbox 1319 4553 1461 4607; x_wconf 82' lang='lat' dir='ltr'><strong>coelestem</strong></span> <span class='ocrx_word' id='word_1_696' title='bbox 1482 4552 1621 4607; x_wconf 85' lang='lat' dir='ltr'><strong>honorem</strong></span> <span class='ocrx_word' id='word_1_697' title='bbox 1637 4549 1763 4622; x_wconf 74' lang='lat' dir='ltr'><strong>gloriose</strong></span> <span class='ocrx_word' id='word_1_698' title='bbox 1785 4565 1850 4620; x_wconf 86' lang='lat' dir='ltr'><strong>per·</strong></span> 
     </span>
     <span class='ocr_line' id='line_1_50' title="bbox 98 4635 1847 4708; baseline -0.001 -17"><span class='ocrx_word' id='word_1_699' title='bbox 98 4636 180 4691; x_wconf 91' lang='lat' dir='ltr'><strong>niam</strong></span> <span class='ocrx_word' id='word_1_700' title='bbox 194 4636 289 4691; x_wconf 92' lang='lat' dir='ltr'><strong>lutum</strong></span> <span class='ocrx_word' id='word_1_701' title='bbox 303 4636 375 4691; x_wconf 91' lang='lat' dir='ltr'><strong>illud</strong></span> <span class='ocrx_word' id='word_1_702' title='bbox 391 4637 472 4692; x_wconf 87' lang='lat' dir='ltr'><strong>ratde</strong></span> <span class='ocrx_word' id='word_1_703' title='bbox 493 4636 602 4692; x_wconf 86' lang='lat' dir='ltr'><strong>loedum</strong></span> <span class='ocrx_word' id='word_1_704' title='bbox 616 4642 646 4692; x_wconf 92' lang='lat' dir='ltr'><strong>et</strong></span> <span class='ocrx_word' id='word_1_705' title='bbox 670 4652 794 4708; x_wconf 90' lang='lat' dir='ltr'><strong>opacum</strong></span> <span class='ocrx_word' id='word_1_706' title='bbox 812 4636 875 4693; x_wconf 85' lang='lat' dir='ltr'><strong>hrit.</strong></span> <span class='ocrx_word' id='word_1_707' title='bbox 898 4636 946 4692; x_wconf 94' lang='lat' dir='ltr'><strong>Sol</strong></span> <span class='ocrx_word' id='word_1_708' title='bbox 1003 4642 1093 4697; x_wconf 86' lang='lat' dir='ltr'><strong>doxit.</strong></span> <span class='ocrx_word' id='word_1_709' title='bbox 1114 4641 1287 4706; x_wconf 74' lang='lat' dir='ltr'><strong>Quomodo?</strong></span> <span class='ocrx_word' id='word_1_710' title='bbox 1305 4641 1338 4696; x_wconf 91' lang='lat' dir='ltr'><strong>ln</strong></span> <span class='ocrx_word' id='word_1_711' title='bbox 1354 4639 1516 4696; x_wconf 89' lang='lat' dir='ltr'><strong>humilitate</strong></span> <span class='ocrx_word' id='word_1_712' title='bbox 1533 4645 1562 4694; x_wconf 93' lang='lat' dir='ltr'><strong>et</strong></span> <span class='ocrx_word' id='word_1_713' title='bbox 1580 4638 1729 4694; x_wconf 87' lang='lat' dir='ltr'><strong>charitate.</strong></span> <span class='ocrx_word' id='word_1_714' title='bbox 1746 4635 1847 4692; x_wconf 89' lang='lat' dir='ltr'><strong>llumi·</strong></span> 
     </span>
     <span class='ocr_line' id='line_1_51' title="bbox 98 4723 1851 4799; baseline 0 -21"><span class='ocrx_word' id='word_1_715' title='bbox 98 4723 221 4779; x_wconf 89' lang='lat' dir='ltr'><strong>enimin</strong></span> <span class='ocrx_word' id='word_1_716' title='bbox 236 4741 287 4779; x_wconf 90' lang='lat' dir='ltr'><strong>sua</strong></span> <span class='ocrx_word' id='word_1_717' title='bbox 304 4725 433 4781; x_wconf 80' lang='lat' dir='ltr'><strong>claritate</strong></span> <span class='ocrx_word' id='word_1_718' title='bbox 446 4725 564 4793; x_wconf 79' lang='lat' dir='ltr'><strong>effulsit,</strong></span> <span class='ocrx_word' id='word_1_719' title='bbox 580 4731 610 4780; x_wconf 90' lang='lat' dir='ltr'><strong>et</strong></span> <span class='ocrx_word' id='word_1_720' title='bbox 630 4726 725 4781; x_wconf 89' lang='lat' dir='ltr'><strong>lutum</strong></span> <span class='ocrx_word' id='word_1_721' title='bbox 745 4725 776 4780; x_wconf 92' lang='lat' dir='ltr'><strong>in</strong></span> <span class='ocrx_word' id='word_1_722' title='bbox 800 4741 851 4781; x_wconf 90' lang='lat' dir='ltr'><strong>sna</strong></span> <span class='ocrx_word' id='word_1_723' title='bbox 865 4725 947 4780; x_wconf 86' lang='lat' dir='ltr'><strong>loedi·</strong></span> <span class='ocrx_word' id='word_1_724' title='bbox 1005 4729 1068 4783; x_wconf 91' lang='lat' dir='ltr'><strong>litas</strong></span> <span class='ocrx_word' id='word_1_725' title='bbox 1080 4727 1157 4784; x_wconf 91' lang='lat' dir='ltr'><strong>enim</strong></span> <span class='ocrx_word' id='word_1_726' title='bbox 1173 4728 1276 4784; x_wconf 85' lang='lat' dir='ltr'><strong>Filium</strong></span> <span class='ocrx_word' id='word_1_727' title='bbox 1293 4728 1345 4785; x_wconf 85' lang='lat' dir='ltr'><strong>Dei</strong></span> <span class='ocrx_word' id='word_1_728' title='bbox 1360 4727 1394 4782; x_wconf 95' lang='lat' dir='ltr'><strong>de</strong></span> <span class='ocrx_word' id='word_1_729' title='bbox 1409 4727 1520 4799; x_wconf 83' lang='lat' dir='ltr'><strong>virgine</strong></span> <span class='ocrx_word' id='word_1_730' title='bbox 1537 4727 1614 4781; x_wconf 87' lang='lat' dir='ltr'><strong>nasci</strong></span> <span class='ocrx_word' id='word_1_731' title='bbox 1627 4725 1704 4794; x_wconf 84' lang='lat' dir='ltr'><strong>fecit,</strong></span> <span class='ocrx_word' id='word_1_732' title='bbox 1724 4724 1775 4779; x_wconf 90' lang='lat' dir='ltr'><strong>ubi</strong></span> <span class='ocrx_word' id='word_1_733' title='bbox 1788 4723 1851 4791; x_wconf 86' lang='lat' dir='ltr'><strong>ipsa</strong></span> 
     </span>
     <span class='ocr_line' id='line_1_52' title="bbox 95 4812 1851 4888; baseline -0.002 -20"><span class='ocrx_word' id='word_1_734' title='bbox 95 4819 158 4869; x_wconf 91' lang='lat' dir='ltr'><strong>tate</strong></span> <span class='ocrx_word' id='word_1_735' title='bbox 172 4815 298 4885; x_wconf 89' lang='lat' dir='ltr'><strong>putruit;</strong></span> <span class='ocrx_word' id='word_1_736' title='bbox 316 4814 395 4871; x_wconf 91' lang='lat' dir='ltr'><strong>unde</strong></span> <span class='ocrx_word' id='word_1_737' title='bbox 418 4815 459 4870; x_wconf 91' lang='lat' dir='ltr'><strong>sol</strong></span> <span class='ocrx_word' id='word_1_738' title='bbox 474 4814 578 4886; x_wconf 89' lang='lat' dir='ltr'><strong>majori</strong></span> <span class='ocrx_word' id='word_1_739' title='bbox 601 4814 789 4871; x_wconf 87' lang='lat' dir='ltr'><strong>delectatione</strong></span> <span class='ocrx_word' id='word_1_740' title='bbox 812 4830 829 4869; x_wconf 92' lang='lat' dir='ltr'><strong>a</strong></span> <span class='ocrx_word' id='word_1_741' title='bbox 849 4815 947 4871; x_wconf 84' lang='lat' dir='ltr'><strong>viden·</strong></span> <span class='ocrx_word' id='word_1_742' title='bbox 1003 4817 1151 4874; x_wconf 91' lang='lat' dir='ltr'><strong>humilitas</strong></span> <span class='ocrx_word' id='word_1_743' title='bbox 1166 4818 1260 4872; x_wconf 90' lang='lat' dir='ltr'><strong>necin</strong></span> <span class='ocrx_word' id='word_1_744' title='bbox 1281 4815 1368 4872; x_wconf 87' lang='lat' dir='ltr'><strong>maris</strong></span> <span class='ocrx_word' id='word_1_745' title='bbox 1390 4815 1581 4888; x_wconf 84' lang='lat' dir='ltr'><strong>amplexibus,</strong></span> <span class='ocrx_word' id='word_1_746' title='bbox 1602 4831 1655 4869; x_wconf 92' lang='lat' dir='ltr'><strong>nec</strong></span> <span class='ocrx_word' id='word_1_747' title='bbox 1678 4815 1709 4870; x_wconf 93' lang='lat' dir='ltr'><strong>in</strong></span> <span class='ocrx_word' id='word_1_748' title='bbox 1733 4812 1851 4867; x_wconf 87' lang='lat' dir='ltr'><strong>curiosi-</strong></span> 
     </span>
     <span class='ocr_line' id='line_1_53' title="bbox 97 4899 1850 4976; baseline -0.002 -18"><span class='ocrx_word' id='word_1_749' title='bbox 97 4903 179 4958; x_wconf 89' lang='lat' dir='ltr'><strong>tibus</strong></span> <span class='ocrx_word' id='word_1_750' title='bbox 202 4904 439 4975; x_wconf 88' lang='lat' dir='ltr'><strong>amplectebatur,</strong></span> <span class='ocrx_word' id='word_1_751' title='bbox 459 4919 546 4976; x_wconf 86' lang='lat' dir='ltr'><strong>qnam</strong></span> <span class='ocrx_word' id='word_1_752' title='bbox 568 4904 592 4958; x_wconf 92' lang='lat' dir='ltr'><strong>si</strong></span> <span class='ocrx_word' id='word_1_753' title='bbox 614 4904 707 4959; x_wconf 92' lang='lat' dir='ltr'><strong>lutum</strong></span> <span class='ocrx_word' id='word_1_754' title='bbox 731 4904 758 4960; x_wconf 92' lang='lat' dir='ltr'><strong>ei</strong></span> <span class='ocrx_word' id='word_1_755' title='bbox 782 4905 948 4976; x_wconf 89' lang='lat' dir='ltr'><strong>appositum</strong></span> <span class='ocrx_word' id='word_1_756' title='bbox 1003 4911 1060 4962; x_wconf 89' lang='lat' dir='ltr'><strong>tate</strong></span> <span class='ocrx_word' id='word_1_757' title='bbox 1090 4905 1194 4974; x_wconf 87' lang='lat' dir='ltr'><strong>carnis,</strong></span> <span class='ocrx_word' id='word_1_758' title='bbox 1217 4920 1270 4960; x_wconf 91' lang='lat' dir='ltr'><strong>nec</strong></span> <span class='ocrx_word' id='word_1_759' title='bbox 1292 4905 1322 4960; x_wconf 89' lang='lat' dir='ltr'><strong>in</strong></span> <span class='ocrx_word' id='word_1_760' title='bbox 1347 4903 1453 4960; x_wconf 85' lang='lat' dir='ltr'><strong>divitiis</strong></span> <span class='ocrx_word' id='word_1_761' title='bbox 1475 4903 1608 4970; x_wconf 90' lang='lat' dir='ltr'><strong>terrenis,</strong></span> <span class='ocrx_word' id='word_1_762' title='bbox 1631 4901 1732 4959; x_wconf 88' lang='lat' dir='ltr'><strong>necin</strong></span> <span class='ocrx_word' id='word_1_763' title='bbox 1755 4899 1850 4956; x_wconf 89' lang='lat' dir='ltr'><strong>aureis</strong></span> 
     </span>
     <span class='ocr_line' id='line_1_54' title="bbox 97 4989 1852 5063; baseline -0.002 -18"><span class='ocrx_word' id='word_1_764' title='bbox 97 5008 159 5046; x_wconf 92' lang='lat' dir='ltr'><strong>non</strong></span> <span class='ocrx_word' id='word_1_765' title='bbox 181 4997 264 5047; x_wconf 88' lang='lat' dir='ltr'><strong>esset.</strong></span> <span class='ocrx_word' id='word_1_766' title='bbox 290 4992 345 5048; x_wconf 85' lang='lat' dir='ltr'><strong>Sed</strong></span> <span class='ocrx_word' id='word_1_767' title='bbox 368 4993 441 5048; x_wconf 89' lang='lat' dir='ltr'><strong>sicut</strong></span> <span class='ocrx_word' id='word_1_768' title='bbox 463 4992 556 5047; x_wconf 89' lang='lat' dir='ltr'><strong>lutum</strong></span> <span class='ocrx_word' id='word_1_769' title='bbox 580 4993 615 5048; x_wconf 91' lang='lat' dir='ltr'><strong>ad</strong></span> <span class='ocrx_word' id='word_1_770' title='bbox 638 4992 857 5048; x_wconf 89' lang='lat' dir='ltr'><strong>similitudinem</strong></span> <span class='ocrx_word' id='word_1_771' title='bbox 880 4994 949 5049; x_wconf 90' lang='lat' dir='ltr'><strong>solis</strong></span> <span class='ocrx_word' id='word_1_772' title='bbox 1004 4994 1194 5063; x_wconf 88' lang='lat' dir='ltr'><strong>ornamentis,</strong></span> <span class='ocrx_word' id='word_1_773' title='bbox 1221 5009 1273 5048; x_wconf 92' lang='lat' dir='ltr'><strong>nec</strong></span> <span class='ocrx_word' id='word_1_774' title='bbox 1293 4993 1324 5048; x_wconf 95' lang='lat' dir='ltr'><strong>in</strong></span> <span class='ocrx_word' id='word_1_775' title='bbox 1350 4991 1534 5048; x_wconf 66' lang='lat' dir='ltr'><strong>saecularibus</strong></span> <span class='ocrx_word' id='word_1_776' title='bbox 1553 4991 1713 5047; x_wconf 89' lang='lat' dir='ltr'><strong>honoribus</strong></span> <span class='ocrx_word' id='word_1_777' title='bbox 1737 4989 1852 5044; x_wconf 86' lang='lat' dir='ltr'><strong>invente</strong></span> 
     </span>
     <span class='ocr_line' id='line_1_55' title="bbox 98 5079 1853 5155; baseline -0.002 -21"><span class='ocrx_word' id='word_1_778' title='bbox 98 5079 209 5135; x_wconf 81' lang='lat' dir='ltr'><strong>ioednm</strong></span> <span class='ocrx_word' id='word_1_779' title='bbox 224 5085 276 5147; x_wconf 89' lang='lat' dir='ltr'><strong>est,</strong></span> <span class='ocrx_word' id='word_1_780' title='bbox 290 5081 331 5135; x_wconf 90' lang='lat' dir='ltr'><strong>sic</strong></span> <span class='ocrx_word' id='word_1_781' title='bbox 345 5081 432 5136; x_wconf 89' lang='lat' dir='ltr'><strong>etiam</strong></span> <span class='ocrx_word' id='word_1_782' title='bbox 446 5081 636 5152; x_wconf 91' lang='lat' dir='ltr'><strong>transgressio</strong></span> <span class='ocrx_word' id='word_1_783' title='bbox 657 5079 784 5136; x_wconf 91' lang='lat' dir='ltr'><strong>hominis</strong></span> <span class='ocrx_word' id='word_1_784' title='bbox 806 5081 843 5136; x_wconf 93' lang='lat' dir='ltr'><strong>ad</strong></span> <span class='ocrx_word' id='word_1_785' title='bbox 862 5081 948 5155; x_wconf 84' lang='lat' dir='ltr'><strong>justi·</strong></span> <span class='ocrx_word' id='word_1_786' title='bbox 1005 5090 1058 5152; x_wconf 90' lang='lat' dir='ltr'><strong>est,</strong></span> <span class='ocrx_word' id='word_1_787' title='bbox 1083 5083 1133 5138; x_wconf 90' lang='lat' dir='ltr'><strong>sed</strong></span> <span class='ocrx_word' id='word_1_788' title='bbox 1157 5081 1245 5138; x_wconf 82' lang='lat' dir='ltr'><strong>Filius</strong></span> <span class='ocrx_word' id='word_1_789' title='bbox 1271 5082 1320 5138; x_wconf 85' lang='lat' dir='ltr'><strong>[lei</strong></span> <span class='ocrx_word' id='word_1_790' title='bbox 1341 5083 1371 5137; x_wconf 89' lang='lat' dir='ltr'><strong>in</strong></span> <span class='ocrx_word' id='word_1_791' title='bbox 1393 5081 1533 5154; x_wconf 75' lang='lat' dir='ltr'><strong>praesepio</strong></span> <span class='ocrx_word' id='word_1_792' title='bbox 1547 5080 1648 5154; x_wconf 84' lang='lat' dir='ltr'><strong>jacuit,</strong></span> <span class='ocrx_word' id='word_1_793' title='bbox 1669 5079 1738 5151; x_wconf 85' lang='lat' dir='ltr'><strong>quia</strong></span> <span class='ocrx_word' id='word_1_794' title='bbox 1760 5081 1853 5132; x_wconf 83' lang='lat' dir='ltr'><strong>meter</strong></span> 
     </span>
     <span class='ocr_line' id='line_1_56' title="bbox 98 5165 1850 5245; baseline -0.002 -21"><span class='ocrx_word' id='word_1_795' title='bbox 98 5169 173 5224; x_wconf 91' lang='lat' dir='ltr'><strong>tiam</strong></span> <span class='ocrx_word' id='word_1_796' title='bbox 194 5169 246 5224; x_wconf 85' lang='lat' dir='ltr'><strong>bei</strong></span> <span class='ocrx_word' id='word_1_797' title='bbox 275 5169 376 5242; x_wconf 87' lang='lat' dir='ltr'><strong>iniqua</strong></span> <span class='ocrx_word' id='word_1_798' title='bbox 399 5175 452 5225; x_wconf 88' lang='lat' dir='ltr'><strong>est.</strong></span> <span class='ocrx_word' id='word_1_799' title='bbox 480 5169 559 5225; x_wconf 92' lang='lat' dir='ltr'><strong>Unde</strong></span> <span class='ocrx_word' id='word_1_800' title='bbox 586 5169 708 5240; x_wconf 88' lang='lat' dir='ltr'><strong>justitia,</strong></span> <span class='ocrx_word' id='word_1_801' title='bbox 734 5172 803 5241; x_wconf 86' lang='lat' dir='ltr'><strong>qnia</strong></span> <span class='ocrx_word' id='word_1_802' title='bbox 829 5170 950 5241; x_wconf 86' lang='lat' dir='ltr'><strong>pulchre</strong></span> <span class='ocrx_word' id='word_1_803' title='bbox 1005 5174 1067 5245; x_wconf 85' lang='lat' dir='ltr'><strong>ejus</strong></span> <span class='ocrx_word' id='word_1_804' title='bbox 1091 5173 1265 5245; x_wconf 86' lang='lat' dir='ltr'><strong>paupercula</strong></span> <span class='ocrx_word' id='word_1_805' title='bbox 1285 5170 1349 5227; x_wconf 81' lang='lat' dir='ltr'><strong>init.</strong></span> <span class='ocrx_word' id='word_1_806' title='bbox 1377 5171 1409 5227; x_wconf 81' lang='lat' dir='ltr'><strong>lit</strong></span> <span class='ocrx_word' id='word_1_807' title='bbox 1429 5170 1578 5225; x_wconf 88' lang='lat' dir='ltr'><strong>humilitas</strong></span> <span class='ocrx_word' id='word_1_808' title='bbox 1604 5184 1719 5240; x_wconf 90' lang='lat' dir='ltr'><strong>semper</strong></span> <span class='ocrx_word' id='word_1_809' title='bbox 1751 5165 1850 5237; x_wconf 90' lang='lat' dir='ltr'><strong>gemit,</strong></span> 
     </span>
     <span class='ocr_line' id='line_1_57' title="bbox 100 5254 1852 5332; baseline -0.002 -21"><span class='ocrx_word' id='word_1_810' title='bbox 100 5263 154 5326; x_wconf 87' lang='lat' dir='ltr'><strong>est,</strong></span> <span class='ocrx_word' id='word_1_811' title='bbox 172 5257 319 5330; x_wconf 89' lang='lat' dir='ltr'><strong>diligenda</strong></span> <span class='ocrx_word' id='word_1_812' title='bbox 338 5263 394 5323; x_wconf 88' lang='lat' dir='ltr'><strong>est;</strong></span> <span class='ocrx_word' id='word_1_813' title='bbox 421 5262 450 5313; x_wconf 91' lang='lat' dir='ltr'><strong>et</strong></span> <span class='ocrx_word' id='word_1_814' title='bbox 472 5257 622 5329; x_wconf 84' lang='lat' dir='ltr'><strong>iniqnitas,</strong></span> <span class='ocrx_word' id='word_1_815' title='bbox 648 5257 786 5329; x_wconf 86' lang='lat' dir='ltr'><strong>quoniam</strong></span> <span class='ocrx_word' id='word_1_816' title='bbox 806 5257 881 5314; x_wconf 86' lang='lat' dir='ltr'><strong>loede</strong></span> <span class='ocrx_word' id='word_1_817' title='bbox 896 5264 948 5327; x_wconf 88' lang='lat' dir='ltr'><strong>est,</strong></span> <span class='ocrx_word' id='word_1_818' title='bbox 1006 5260 1100 5332; x_wconf 89' lang='lat' dir='ltr'><strong>plorat</strong></span> <span class='ocrx_word' id='word_1_819' title='bbox 1115 5265 1144 5316; x_wconf 93' lang='lat' dir='ltr'><strong>et</strong></span> <span class='ocrx_word' id='word_1_820' title='bbox 1158 5261 1257 5316; x_wconf 91' lang='lat' dir='ltr'><strong>omnia</strong></span> <span class='ocrx_word' id='word_1_821' title='bbox 1269 5259 1390 5316; x_wconf 90' lang='lat' dir='ltr'><strong>crimina</strong></span> <span class='ocrx_word' id='word_1_822' title='bbox 1404 5260 1563 5315; x_wconf 88' lang='lat' dir='ltr'><strong>interimit:</strong></span> <span class='ocrx_word' id='word_1_823' title='bbox 1579 5257 1655 5330; x_wconf 90' lang='lat' dir='ltr'><strong>quod</strong></span> <span class='ocrx_word' id='word_1_824' title='bbox 1675 5271 1748 5328; x_wconf 89' lang='lat' dir='ltr'><strong>opus</strong></span> <span class='ocrx_word' id='word_1_825' title='bbox 1762 5254 1852 5327; x_wconf 89' lang='lat' dir='ltr'><strong>ipsius</strong></span> 
     </span>
     <span class='ocr_line' id='line_1_58' title="bbox 100 5345 1852 5420; baseline -0.003 -18"><span class='ocrx_word' id='word_1_826' title='bbox 100 5346 237 5402; x_wconf 90' lang='lat' dir='ltr'><strong>odienda.</strong></span> <span class='ocrx_word' id='word_1_827' title='bbox 264 5347 296 5401; x_wconf 93' lang='lat' dir='ltr'><strong>ln</strong></span> <span class='ocrx_word' id='word_1_828' title='bbox 323 5348 398 5402; x_wconf 90' lang='lat' dir='ltr'><strong>hanc</strong></span> <span class='ocrx_word' id='word_1_829' title='bbox 427 5345 586 5403; x_wconf 85' lang='lat' dir='ltr'><strong>ioeditetem</strong></span> <span class='ocrx_word' id='word_1_830' title='bbox 616 5345 719 5401; x_wconf 90' lang='lat' dir='ltr'><strong>cecidit</strong></span> <span class='ocrx_word' id='word_1_831' title='bbox 749 5346 811 5400; x_wconf 85' lang='lat' dir='ltr'><strong>oris</strong></span> <span class='ocrx_word' id='word_1_832' title='bbox 836 5346 950 5402; x_wconf 87' lang='lat' dir='ltr'><strong>Domini</strong></span> <span class='ocrx_word' id='word_1_833' title='bbox 1006 5352 1056 5402; x_wconf 89' lang='lat' dir='ltr'><strong>est.</strong></span> <span class='ocrx_word' id='word_1_834' title='bbox 1090 5349 1168 5404; x_wconf 89' lang='lat' dir='ltr'><strong>Unde</strong></span> <span class='ocrx_word' id='word_1_835' title='bbox 1201 5348 1331 5420; x_wconf 90' lang='lat' dir='ltr'><strong>quisquis</strong></span> <span class='ocrx_word' id='word_1_836' title='bbox 1364 5346 1511 5403; x_wconf 86' lang='lat' dir='ltr'><strong>diabolum</strong></span> <span class='ocrx_word' id='word_1_837' title='bbox 1534 5347 1596 5402; x_wconf 83' lang='lat' dir='ltr'><strong>vult</strong></span> <span class='ocrx_word' id='word_1_838' title='bbox 1617 5357 1794 5415; x_wconf 83' lang='lat' dir='ltr'><strong>expugnare,</strong></span> <span class='ocrx_word' id='word_1_839' title='bbox 1822 5358 1852 5397; x_wconf 91' lang='lat' dir='ltr'><strong>se</strong></span> 
     </span>
     <span class='ocr_line' id='line_1_59' title="bbox 101 5433 1852 5508; baseline -0.002 -18"><span class='ocrx_word' id='word_1_840' title='bbox 101 5436 153 5507; x_wconf 87' lang='lat' dir='ltr'><strong>qui</strong></span> <span class='ocrx_word' id='word_1_841' title='bbox 167 5435 285 5491; x_wconf 88' lang='lat' dir='ltr'><strong>hortum</strong></span> <span class='ocrx_word' id='word_1_842' title='bbox 298 5437 485 5507; x_wconf 77' lang='lat' dir='ltr'><strong>plantaverat,</strong></span> <span class='ocrx_word' id='word_1_843' title='bbox 506 5436 541 5490; x_wconf 84' lang='lat' dir='ltr'><strong>Et</strong></span> <span class='ocrx_word' id='word_1_844' title='bbox 560 5435 725 5508; x_wconf 86' lang='lat' dir='ltr'><strong>hujusmodi</strong></span> <span class='ocrx_word' id='word_1_845' title='bbox 739 5433 801 5491; x_wconf 84' lang='lat' dir='ltr'><strong>ovis</strong></span> <span class='ocrx_word' id='word_1_846' title='bbox 817 5452 870 5507; x_wconf 90' lang='lat' dir='ltr'><strong>per</strong></span> <span class='ocrx_word' id='word_1_847' title='bbox 883 5451 949 5492; x_wconf 90' lang='lat' dir='ltr'><strong>con·</strong></span> <span class='ocrx_word' id='word_1_848' title='bbox 1006 5437 1118 5501; x_wconf 87' lang='lat' dir='ltr'><strong>muniat</strong></span> <span class='ocrx_word' id='word_1_849' title='bbox 1130 5443 1159 5494; x_wconf 90' lang='lat' dir='ltr'><strong>et</strong></span> <span class='ocrx_word' id='word_1_850' title='bbox 1183 5443 1276 5492; x_wconf 90' lang='lat' dir='ltr'><strong>armet</strong></span> <span class='ocrx_word' id='word_1_851' title='bbox 1299 5435 1473 5502; x_wconf 88' lang='lat' dir='ltr'><strong>humilitate,</strong></span> <span class='ocrx_word' id='word_1_852' title='bbox 1499 5435 1636 5508; x_wconf 85' lang='lat' dir='ltr'><strong>quoniam</strong></span> <span class='ocrx_word' id='word_1_853' title='bbox 1660 5433 1772 5490; x_wconf 73' lang='lat' dir='ltr'><strong>truciter</strong></span> <span class='ocrx_word' id='word_1_854' title='bbox 1793 5437 1852 5486; x_wconf 89' lang='lat' dir='ltr'><strong>tam</strong></span> 
     </span>
     <span class='ocr_line' id='line_1_60' title="bbox 101 5522 1852 5598; baseline -0.003 -19"><span class='ocrx_word' id='word_1_855' title='bbox 101 5540 219 5581; x_wconf 88' lang='lat' dir='ltr'><strong>sensum</strong></span> <span class='ocrx_word' id='word_1_856' title='bbox 239 5541 336 5594; x_wconf 90' lang='lat' dir='ltr'><strong>suum,</strong></span> <span class='ocrx_word' id='word_1_857' title='bbox 355 5541 477 5597; x_wconf 91' lang='lat' dir='ltr'><strong>nonper</strong></span> <span class='ocrx_word' id='word_1_858' title='bbox 492 5524 608 5580; x_wconf 85' lang='lat' dir='ltr'><strong>Domini</strong></span> <span class='ocrx_word' id='word_1_859' title='bbox 629 5525 806 5596; x_wconf 79' lang='lat' dir='ltr'><strong>ignariama</strong></span> <span class='ocrx_word' id='word_1_860' title='bbox 828 5526 950 5580; x_wconf 85' lang='lat' dir='ltr'><strong>Domino</strong></span> <span class='ocrx_word' id='word_1_861' title='bbox 1008 5525 1088 5586; x_wconf 83' lang='lat' dir='ltr'><strong>valde</strong></span> <span class='ocrx_word' id='word_1_862' title='bbox 1103 5525 1186 5598; x_wconf 82' lang='lat' dir='ltr'><strong>sugit,</strong></span> <span class='ocrx_word' id='word_1_863' title='bbox 1202 5533 1232 5582; x_wconf 91' lang='lat' dir='ltr'><strong>et</strong></span> <span class='ocrx_word' id='word_1_864' title='bbox 1245 5527 1323 5581; x_wconf 84' lang='lat' dir='ltr'><strong>relut</strong></span> <span class='ocrx_word' id='word_1_865' title='bbox 1335 5525 1452 5580; x_wconf 89' lang='lat' dir='ltr'><strong>coluber</strong></span> <span class='ocrx_word' id='word_1_866' title='bbox 1473 5542 1502 5580; x_wconf 90' lang='lat' dir='ltr'><strong>se</strong></span> <span class='ocrx_word' id='word_1_867' title='bbox 1525 5540 1622 5580; x_wconf 89' lang='lat' dir='ltr'><strong>coram</strong></span> <span class='ocrx_word' id='word_1_868' title='bbox 1646 5539 1681 5578; x_wconf 88' lang='lat' dir='ltr'><strong>ee</strong></span> <span class='ocrx_word' id='word_1_869' title='bbox 1701 5522 1732 5578; x_wconf 92' lang='lat' dir='ltr'><strong>in</strong></span> <span class='ocrx_word' id='word_1_870' title='bbox 1752 5536 1852 5576; x_wconf 80' lang='lat' dir='ltr'><strong>ceser-</strong></span> 
     </span>
    </p>
   </div>
   <div class='ocr_carea' id='block_1_5' title="bbox 0 0 1999 6034">
    <p class='ocr_par' dir='ltr' id='par_1_6' title="bbox 0 0 1999 6034">
     <span class='ocr_line' id='line_1_61' title="bbox 0 0 1999 6034; baseline 0 0"><span class='ocrx_word' id='word_1_871' title='bbox 0 0 1999 6034; x_wconf 95' lang='lat' dir='ltr'><strong> </strong></span> 
     </span>
    </p>
   </div>
  </div>
 </body>
</html>
