3984 6034
100 223 165 274 ¹¹57

684 219 840 276 euveum.
855 190 888 261 ἷ-
904 220 969 276 uu.
991 222 1014 276 r.
1034 221 1080 277 uu
1103 222 1255 278 clauus

1778 229 1844 282 tint

97 351 120 404 si
132 350 162 405 iu
187 354 287 406 estate
306 355 359 417 est,
389 349 566 416 foeniculum,
594 355 623 405 et
651 349 694 404 bis
718 353 830 406 tacitum
850 352 941 406 mille·
960 350 1257 418 hsuovesherhulas,
1282 356 1313 408 ut
1331 351 1508 421 foeniculum,
1533 359 1562 408 et
1585 369 1699 410 asarrrur
1716 355 1746 410 iu
1769 371 1844 428 aqua

5 440 6 479 l
50 426 57 438 ’
97 437 158 495 folii
174 438 284 495 modice
305 443 420 510 coquat,
439 444 557 510 utaque
582 454 725 512 expressa,
751 440 854 494 herbas
876 440 945 495 istas

5 565 6 600 ,
97 527 202 584 calidas
216 526 394 600 temporibus
415 532 444 582 et
461 526 549 582 fronti
569 532 599 582 ct
618 527 705 600 capiti
733 528 941 600 circumponat,

97 621 126 670 et
138 615 261 688 desuper
284 630 382 686 pauno
403 613 483 686 liget.
517 613 573 670 Sed
605 625 633 669 et
665 614 786 670 viridem
823 615 942 671 salviam

5 762 6 765 Ἴ
97 703 229 776 accipiat,
244 708 347 758 eteam
359 701 426 757 vino
443 701 555 758 modice
579 706 722 774 aspergat,
748 708 778 757 et
801 704 841 758 sic
857 720 945 774 supra

5 781 6 813 ³
98 808 147 846 cor
165 807 260 858 suum,
276 795 305 845 et
326 791 400 845 circa
420 789 526 846 collum
552 807 636 845 suum
665 797 764 862 ponat,
779 797 807 845 et
831 791 944 846 dormi·

98 880 174 935 tione
184 879 374 935 alleviabitur.
390 878 471 944 Quod
484 878 508 933 si
518 877 549 933 iu
564 878 667 948 hyeme
691 887 743 944 est,
771 896 870 936 semen
895 881 944 936 foe-

98 967 196 1036 nicoli,
210 973 239 1024 et
254 968 379 1023 radicem
394 965 537 1022 millefolii
565 967 596 1021 in
619 984 695 1038 aqua
714 974 873 1040 coquat,et
901 985 945 1023 ca-

97 1054 163 1128 piti,
186 1061 218 1111 ut
245 1056 414 1128 praedictum
438 1062 492 1124 est,
531 1055 738 1127 circumponat,
770 1062 799 1111 et
822 1057 941 1117 sutriam

98 1145 313 1217 pulverizatam,
356 1149 386 1198 st
407 1145 475 1198 vino
511 1143 621 1200 modice
648 1145 833 1200 madefactam
857 1162 944 1218 super

98 1233 302 1288 coretcollum
319 1237 419 1304 ponat,
440 1238 468 1287 et
491 1233 596 1288 melius
624 1233 749 1288 habebit.
776 1235 845 1289 Cum
873 1251 941 1290 vero

99 1322 203 1394 aliquis
216 1323 324 1394 griseos
345 1321 443 1376 oculos
465 1321 585 1388 liabens,
617 1321 647 1376 iu
674 1322 715 1376 eis
737 1322 832 1395 aliquo
858 1324 943 1378 modo

98 1410 212 1482 caligat,
241 1414 270 1464 et
291 1409 379 1477 dolet,
395 1424 461 1464 cum
477 1409 561 1465 dolor
574 1411 623 1464 ille
652 1410 747 1464 adhuc
772 1427 870 1465 recens
891 1415 942 1472 est,

97 1495 265 1551 foeniculum
279 1495 323 1550 vel
350 1511 448 1549 semen
462 1496 525 1567 ejus
545 1499 630 1562 terat,
652 1501 682 1551 et
707 1497 747 1550 sic
772 1502 865 1551 strurat
881 1513 943 1551 suc-

98 1600 163 1639 cum
174 1585 245 1656 elus,
261 1590 290 1638 et
304 1599 399 1638 rorem
414 1599 501 1656 «luem
514 1600 601 1656 super
615 1588 692 1639 recto
715 1586 847 1655 gramine
867 1586 943 1640 iure·

999 444 1113 514 coquat,
1133 444 1162 496 el
1181 457 1316 515 expressa
1338 457 1424 514 aqna,
1454 441 1494 496 ita
1524 441 1613 498 calide
1638 443 1711 500 circa
1735 443 1844 500 femora

998 535 1027 585 et
1040 529 1156 586 dorsum
1178 531 1240 602 eius
1259 536 1413 601 ponantur,
1444 535 1473 585 et
1496 531 1620 603 desurper
1642 549 1740 604 penno
1754 533 1843 604 ligato

998 617 1122 674 suaviter
1136 623 1299 686 teneantur,
1317 622 1348 672 ut
1363 617 1456 683 dulor,
1473 626 1501 674 et
1515 619 1639 675 claustra
1662 621 1739 676 illius
1763 627 1843 676 tauto

999 705 1113 760 suarius
1128 711 1158 760 et
1179 705 1291 761 facilius
1310 706 1466 760 solvantur.
1493 707 1583 762 Homo
1606 723 1723 780 quoque
1745 725 1843 765 semen

997 793 1124 850 loeniculi
1139 794 1269 866 accipiat,
1282 798 1311 850 et
1331 794 1368 850 ad
1390 795 1574 852 medietatem
1590 797 1652 867 ejus
1679 798 1842 869 galangam,

998 887 1027 950 et
1042 881 1078 938 ad
1099 882 1231 938 eamdem
1246 883 1428 938 medietatem
1444 881 1633 950 dictamnum,
1647 889 1676 941 et
1690 884 1725 941 ad
1741 886 1846 941 medie-

999 974 1085 1026 tatem
1101 970 1239 1028 dictamni
1254 970 1428 1042 pilosellam,
1445 978 1473 1026 et
1488 969 1549 1026 haec
1570 971 1655 1027 simul
1678 974 1843 1043 pulverizet,

998 1065 1027 1114 et
1053 1074 1105 1130 per
1134 1075 1263 1130 pannum
1292 1059 1375 1128 colet,
1408 1065 1437 1113 ct
1463 1065 1528 1130 post
1564 1059 1707 1116 modicam
1742 1062 1845 1117 horam

998 1147 1123 1218 prandii,
1149 1149 1298 1219 pulverem
1325 1148 1403 1203 huuc
1423 1147 1515 1202 calido
1545 1148 1621 1216 vino,
1655 1155 1684 1204 et
1708 1165 1765 1204 nou
1787 1150 1843 1206 fer·

999 1241 1081 1290 vente
1105 1235 1246 1307 imponat,
1273 1243 1302 1291 et
1327 1235 1416 1292 bibat.
1443 1237 1476 1290 Et
1495 1235 1589 1307 puluis
1616 1237 1670 1292 iste
1695 1237 1844 1298 hominem

999 1323 1049 1395 qui
1068 1339 1154 1378 mnus
1167 1330 1220 1392 est,
1236 1339 1340 1379 sanum
1355 1323 1636 1392 retinentissimum
1655 1326 1751 1380 autem
1775 1340 1844 1379 con-

997 1413 1094 1480 fortat,
1114 1417 1144 1468 et
1165 1411 1353 1478 digestionem
1381 1413 1493 1468 homini
1521 1417 1612 1483 parat,
1637 1417 1665 1466 et
1690 1414 1764 1468 vires
1793 1413 1844 1466 tri·
1937 1430 1942 1440 ,

998 1499 1071 1565 buit,
1084 1505 1113 1555 et
1126 1501 1237 1556 bunum
1252 1506 1281 1556 et
1304 1499 1457 1572 pulchrum
1482 1501 1608 1556 colorem
1633 1500 1716 1556 faciei
1740 1500 1845 1556 subrui-

999 1587 1109 1656 nislrst,
1137 1592 1165 1643 et
1186 1587 1343 1661 uuicuique
1367 1587 1491 1654 bomini,
1515 1587 1574 1642 sire
1599 1603 1695 1656 sanus,
1720 1587 1779 1643 sive
1800 1589 1844 1644 iu·

98 1671 183 1740 nerii,
214 1675 242 1726 et
265 1671 410 1727 modicum
439 1671 539 1727 farinae
565 1671 679 1740 similia,
701 1678 729 1728 et
757 1671 811 1727 hoc
828 1674 943 1728 tortello
961 1649 983 1704 B
1000 1677 1101 1730 firmus
1116 1675 1162 1743 sit,
1179 1680 1244 1747 post
1256 1676 1352 1732 cibum
1367 1677 1430 1749 ejus
1448 1680 1592 1732 comestus
1613 1675 1738 1748 prodest.
1764 1678 1843 1742 Quod

99 1760 292 1827 commisceat,
315 1764 344 1815 et
366 1759 397 1814 in
425 1763 508 1815 nocte
533 1760 622 1815 oculis
652 1759 711 1814 suis
735 1759 943 1832 circumponat,
999 1763 1023 1819 si
1037 1778 1103 1819 ures
1124 1763 1266 1820 iullrmari
1288 1765 1444 1837 incipiunt,
1467 1763 1645 1832 foeniculum,
1671 1770 1702 1819 et
1724 1765 1791 1836 plus
1809 1767 1844 1820 de

99 1854 127 1903 et
142 1863 238 1919 pauno
249 1847 328 1919 liget,
345 1852 374 1902 et
392 1848 496 1903 melius
521 1847 649 1904 habehit.
673 1847 727 1904 Sed
752 1853 780 1904 et
796 1849 819 1903 si
841 1848 945 1921 aliquis
998 1856 1083 1907 aneto
1099 1852 1230 1924 accipiat,
1255 1859 1284 1908 et
1310 1853 1460 1926 inaquam
1488 1857 1586 1925 ponat,
1608 1859 1641 1910 ut
1664 1869 1738 1926 aqua
1758 1869 1844 1926 supo-

98 1935 196 1991 oculos
219 1935 327 1990 similes
347 1936 469 1991 turbidae
499 1936 580 1999 nubi,
606 1953 670 2008 quta
688 1937 789 1992 necad
825 1939 943 2008 plenum
998 1940 1355 2012 remobeisaccipiat,et
1379 1941 1499 1996 infirmis
1520 1941 1844 2013 ovibusadpotandum

98 2025 193 2095 ignea,
219 2041 272 2080 uec
293 2025 330 2080 ad
366 2026 484 2097 plenum
519 2025 645 2094 turbida,
682 2026 730 2081 sed
762 2026 943 2098 aliquantum
998 2027 1138 2100 imponat.
1155 2029 1230 2084 Ado.
1247 2028 1301 2100 ed]

98 2114 208 2184 glauca,
220 2118 249 2168 et
262 2113 294 2167 iu
312 2113 353 2167 eis
363 2113 515 2185 caliginem
536 2121 565 2168 et
578 2113 708 2169 dolorem
729 2116 862 2182 sustinet,
890 2114 941 2171 fce-
1132 2116 1197 2171 flur.
1217 2117 1317 2172 lsllVll.
1334 2147 1368 2156 -
1385 2117 1426 2172 lle
1444 2119 1526 2172 bima
1541 2118 1579 2187 (l)
1592 2115 1639 2188 [tl,
1653 2116 1709 2190 321.

99 2202 226 2258 uiculum
238 2202 262 2257 si
274 2202 305 2257 iu
324 2207 423 2257 testate
436 2207 489 2270 est,
501 2207 584 2270 terat,
599 2204 643 2258 vel
670 2203 693 2257 si
712 2203 744 2257 in
764 2205 867 2276 hyeme
889 2209 942 2270 est,
1036 2207 1107 2260 little
1124 2203 1259 2278 [huelem
1276 2203 1332 2276 ed]
1347 2205 1438 2272 siccin,
1456 2206 1607 2274 afsatida,
1625 2214 1653 2261 et
1676 2213 1845 2278 temperatae

98 2305 196 2345 semen
209 2290 270 2361 ejus
290 2289 389 2346 tritum
404 2291 481 2344 claro
495 2291 540 2346 ovi
557 2291 631 2345 bene
659 2289 829 2362 despumato
853 2292 945 2363 impo-
998 2299 1109 2348 naturae
1125 2298 1176 2348 est.
1195 2294 1229 2348 Et
1241 2309 1412 2364 quocunque
1427 2296 1512 2348 modu
1535 2295 1712 2364 comedatur,
1734 2297 1843 2350 tristem

97 2386 157 2449 nat,
173 2387 279 2434 etcum
299 2378 456 2434 dormitum
484 2395 514 2434 se
533 2378 663 2446 collocat,
690 2381 780 2435 oculis
806 2398 943 2452 superpo·
997 2381 1064 2437 facit
1085 2381 1242 2436 hominem.
1265 2381 1299 2435 Et
1317 2384 1439 2436 crudum
1460 2399 1519 2439 oon
1544 2385 1618 2438 valet
1636 2385 1845 2440 adcomedeu-

97 2475 156 2537 nat,
168 2476 197 2524 et
215 2468 366 2538 caliginem
378 2469 528 2523 oculorum
546 2467 661 2523 minuit.
679 2469 709 2524 Si
724 2469 811 2524 etiam
835 2470 943 2526 nimius
996 2469 1078 2536 dum,
1098 2469 1167 2540 quia
1182 2471 1321 2539 majorem
1337 2470 1538 2526 hirmiditatem
1556 2478 1641 2527 terrm
1664 2474 1739 2528 inse
1757 2474 1844 2528 hahet

98 2557 181 2614 dolor
198 2574 259 2630 pree
278 2556 368 2612 multo
394 2555 486 2611 fluore
504 2556 535 2611 in
560 2557 679 2612 naribus
702 2557 830 2613 hominis
851 2575 944 2614 encre·
998 2574 1085 2629 quum
1100 2557 1267 2624 feniculum,
1286 2563 1315 2612 et
1330 2559 1544 2628 aliquantulum
1558 2561 1704 2630 quondam
1719 2561 1843 2632 pingue-

97 2647 180 2715 verit,
191 2646 368 2714 foeniculum,
386 2654 415 2701 et
429 2651 530 2718 quater
552 2646 618 2716 plus
637 2645 672 2700 de
701 2653 786 2701 aneto
812 2647 941 2719 accipiet,
998 2645 1094 2701 diuum
1105 2646 1141 2701 de
1152 2650 1230 2700 terra
1245 2645 1299 2700 sihi
1317 2647 1446 2714 attrahit,
1466 2647 1543 2702 uirile
1556 2649 1665 2704 mulum
1687 2652 1729 2703 est
1747 2649 1842 2705 homi·

97 2741 126 2790 et
140 2751 226 2806 super
247 2733 389 2805 lapideam
404 2731 532 2805 tegulam
548 2734 626 2802 tecti,
649 2734 693 2788 vel
718 2751 804 2805 super
824 2741 943 2792 tenuem
998 2737 1027 2789 ni
1041 2734 1162 2789 crudum
1186 2733 1222 2788 ad
1238 2734 1457 2804 comedendum,
1481 2736 1529 2790 sed
1549 2743 1646 2791 tamen
1668 2744 1781 2793 coctum
1795 2754 1842 2792 co-

98 2827 215 2879 laterem
229 2824 296 2895 igne
307 2823 476 2878 calefactum
492 2828 593 2894 ponat,
608 2827 637 2877 et
660 2822 713 2877 hac
726 2828 756 2878 et
770 2824 835 2879 illac
859 2824 942 2880 foeui-
999 2829 1122 2878 mestum
1136 2823 1212 2892 pirht
1235 2823 1400 2894 compescit,
1425 2829 1453 2878 et
1469 2824 1509 2878 ita
1532 2824 1609 2878 utilis
1625 2830 1667 2880 ost
1695 2826 1724 2880 in
1751 2841 1843 2880 coure-

97 2913 195 2969 cnlmn
210 2913 282 2968 illud
293 2916 447 2967 elanetum
461 2917 562 2980 verset,
575 2916 606 2966 ut
624 2911 765 2983 fumigel;
781 2917 810 2967 et
829 2913 941 2969 fumum
961 2941 982 2996 C
997 2913 1099 2966 stione.

97 3001 186 3057 istum
203 3007 233 3056 et
247 3001 366 3056 odorem
382 2999 444 3072 ejus
472 2999 589 3055 naribus
613 3006 642 3055 et
663 3016 713 3055 ore
737 3001 893 3057 introrsum
911 3003 941 3057 iu
1037 3000 1098 3068 {Cui
1123 2983 1191 3072 ergo
1216 3000 1324 3054 multus
1352 3000 1469 3071 sanguis
1493 3000 1529 3056 dc
1553 3001 1670 3056 naribus
1684 3001 1758 3072 fluit,
1775 3003 1845 3058 acci-

97 3106 128 3145 se
143 3090 249 3156 trahat,
261 3094 291 3144 et
304 3087 409 3144 deinde
427 3089 530 3144 herbas
551 3088 615 3143 illas
637 3088 676 3144 ita
702 3091 853 3146 calefactas
879 3106 944 3146 cum
999 3088 1199 3158 piutauctum,
1216 3088 1302 3144 etbis
1323 3093 1435 3144 tautum
1462 3088 1617 3160 millefolii,
1633 3090 1843 3146 ethasherbes

97 3194 173 3251 pane
198 3177 338 3232 comedat.
368 3177 425 3232 lloc
458 3184 554 3232 autem
583 3193 635 3250 per
658 3182 794 3251 quatuor,
821 3187 871 3234 atrt
892 3197 945 3252 per
999 3174 1103 3230 virides
1127 3176 1223 3240 fronti,
1253 3177 1443 3248 temporibus,
1467 3185 1497 3232 et
1521 3178 1630 3248 pectori
1647 3193 1700 3232 suo
1725 3178 1845 3234 circum-

98 3267 228 3340 quinque
243 3265 406 3332 diesfaciet,
420 3271 452 3320 ut
465 3266 509 3320 illi
527 3267 678 3321 effluentes
705 3268 842 3323 humores
864 3274 943 3323 tauto
999 3270 1097 3336 pronai.
1121 3266 1155 3320 Et
1173 3265 1218 3320 lue
1242 3265 1339 3320 herbae
1360 3265 1465 3320 virides
1488 3282 1548 3320 essu
1575 3265 1691 3335 debent,
1706 3267 1843 3339 quoniam
1931 3283 1933 3290 ’

98 3356 214 3411 suavius
224 3359 404 3426 separentur.
428 3354 520 3408 llomo
549 3356 709 3428 autemqui
737 3356 846 3411 malum
873 3358 944 3412 livu-
999 3353 1087 3408 virtus
1100 3349 1200 3408 euroni
1214 3353 1244 3408 in
1270 3353 1413 3410 viriditate
1433 3354 1579 3427 praecipue
1601 3355 1686 3427 viget.
1711 3355 1792 3421 Quod
1819 3358 1843 3411 ⁵1

96 3460 159 3500 rem
182 3444 213 3499 iu
226 3442 344 3498 iullrmo
359 3441 506 3496 stomacho
521 3457 573 3496 suo
596 3443 694 3509 hahet,
710 3443 876 3500 foeniculuru
900 3460 944 3499 ac·
998 3441 1028 3496 iu
1043 3441 1146 3512 hyeme
1161 3447 1213 3506 est,
1230 3443 1333 3498 herbas
1348 3442 1417 3498 istas
1432 3443 1599 3516 pulverizet,
1615 3450 1645 3500 et
1662 3443 1757 3516 ipsum
1777 3446 1842 3516 pul-

96 3531 196 3603 eipiat,
225 3536 254 3587 et
277 3531 423 3587 modicum
446 3530 511 3603 plus
536 3529 571 3585 de
587 3531 687 3597 urtica,
702 3537 730 3585 et
754 3532 873 3588 feristici
901 3533 944 3588 his
998 3544 1094 3582 rerem
1123 3530 1235 3584 modico
1264 3531 1331 3585 trino
1354 3547 1504 3602 aspersum
1529 3532 1559 3585 in
1584 3533 1719 3588 sacellum
1744 3540 1842 3605 ponat,

97 3623 209 3674 tantum
224 3625 258 3674 ut
272 3619 393 3674 istorum
408 3617 531 3674 duorum
544 3623 597 3682 cst,
613 3620 641 3672 et
664 3634 697 3672 ex
716 3618 761 3672 his
787 3636 853 3675 cum
880 3637 942 3675 mo-
998 3622 1025 3670 et
1040 3617 1138 3684 fronti,
1153 3618 1341 3689 temporibus,
1353 3623 1383 3674 et
1396 3619 1505 3690 pectori
1520 3626 1707 3692 superponat,
1723 3627 1754 3677 ut
1767 3639 1842 3694 prae-

97 3707 163 3763 dica
175 3707 280 3775 fauna,
297 3713 345 3762 aut
356 3707 468 3762 modico
483 3724 556 3779 pane
579 3707 674 3762 cibum
690 3707 785 3778 faciat,
811 3714 840 3764 et
867 3727 955 3783 saepe·
999 3703 1176 3760 dictumest.
1193 3707 1282 3777 igitur
1303 3713 1336 3762 ut
1351 3707 1438 3762 homo
1460 3707 1680 3765 delectationem
1704 3717 1733 3765 et
1750 3710 1845 3768 lihidi-

95 3797 239 3864 comedat,
253 3796 408 3852 etiufirmo
424 3795 571 3851 stomacho
585 3795 704 3851 livorum
721 3796 823 3852 aufert.
852 3798 943 3855 llomo
996 3809 1064 3847 mvn
1099 3794 1191 3849 curnis
1216 3795 1247 3848 in
1280 3811 1310 3850 se
1344 3797 1502 3866 extinguat,
1527 3798 1647 3867 accipiat
1679 3799 1709 3853 iu
1747 3806 1844 3855 testata

96 3884 183 3939 etiam
207 3899 294 3955 quem
317 3884 507 3939 melancholia
521 3883 608 3949 laedit,
630 3883 796 3939 foeniculum
818 3884 852 3939 ad
876 3901 942 3939 suc·
996 3888 1126 3950 auctum,
1152 3889 1180 3936 et
1204 3882 1247 3937 bis
1268 3887 1380 3938 tantum
1406 3883 1597 3952 bachmiuzae‚
1624 3892 1653 3942 ot
1666 3887 1843 3944 brachwurtz
1916 3935 1920 3940 .

95 3989 160 4028 cum
176 3972 348 4042 contundat,
360 3979 389 4027 et
398 3974 534 4041 frontem,
558 3977 587 4028 et
610 3978 751 4044 tempora,
779 3978 809 4029 et
832 3981 941 4046 pectus,
965 4043 970 4048 β
996 3971 1143 4026 irredicunr
1160 3971 1235 4042 plus,
1252 3978 1281 4026 et
1295 3972 1420 4028 radicem
1434 3973 1611 4046 icelllyricae,
1623 3979 1652 4030 et
1669 3975 1732 4030 haee
1746 3979 1844 4035 omnia

96 4067 126 4117 et
142 4060 321 4116 stomachum
333 4077 409 4131 saepe
425 4067 578 4133 perungat,
594 4068 620 4116 et
644 4061 836 4117 melancholia
857 4062 888 4117 in
908 4078 942 4117 eo
995 4059 1026 4112 iu
1049 4065 1160 4114 acetum
1183 4059 1300 4128 incidat,
1324 4065 1353 4116 et
1379 4077 1413 4116 ex
1441 4063 1482 4116 eis
1505 4063 1723 4118 condimentum
1747 4064 1843 4136 faciat,

5 4160 6 4171 ¹
95 4149 227 4206 cessabit.
238 4149 293 4205 Sed
308 4154 339 4204 et
352 4150 417 4222 quis
431 4167 509 4206 assas
528 4166 638 4214 carnes,
669 4150 713 4205 vel
730 4166 808 4205 assos
837 4152 940 4222 pisces,
995 4155 1025 4203 et
1037 4148 1078 4202 sic
1093 4148 1259 4220 frequenter
1273 4165 1339 4205 cum
1361 4150 1494 4206 omuibus
1515 4151 1585 4206 cibis
1609 4151 1668 4208 suis
1699 4155 1841 4211 comedat.

95 4239 139 4294 rel
155 4239 232 4294 aliud
248 4238 402 4311 quicquam
414 4255 511 4294 assum
522 4238 687 4307 comederit,
703 4244 732 4294 et
760 4238 827 4294 inde
856 4239 940 4307 dolet,
961 4236 1029 4291 llln
1047 4236 1149 4308 hyeme
1171 4243 1267 4294 autem
1282 4240 1344 4295 brec
1371 4241 1538 4312 pulverizet,
1558 4246 1587 4296 et
1611 4241 1758 4312 pulverem
1774 4244 1843 4299 item

95 4344 163 4383 mor
177 4326 347 4383 feniculum
363 4328 406 4383 vel
420 4343 518 4382 semen
541 4329 603 4399 eius
626 4328 767 4394 comedat,
793 4334 822 4384 et
847 4327 944 4383 miuus
998 4341 1064 4380 cum
1083 4327 1155 4381 escis
1178 4328 1237 4382 suis
1259 4328 1420 4396 manducet,
1449 4329 1518 4402 quia
1537 4328 1712 4387 viriditatem
1736 4347 1843 4388 earun-

96 4417 217 4472 dolebit.
998 4413 1063 4468 dem
1082 4413 1238 4469 herbarum
1253 4421 1321 4471 tunc
1333 4417 1440 4472 hahere
1459 4435 1518 4472 uon
1537 4425 1639 4490 potest.
1670 4420 1702 4474 lu
1726 4420 1845 4476 humide

133 4507 264 4563 sterium
281 4506 429 4563 interdum
446 4505 557 4561 amalis
569 4504 740 4561 humoribus
755 4505 784 4560 in
812 4505 944 4561 virilibus
997 4502 1076 4556 enim
1091 4508 1121 4556 et
1135 4501 1192 4556 leui
1207 4519 1287 4571 arua,
1312 4506 1381 4575 quia
1404 4511 1472 4560 tuuc
1497 4505 1583 4561 boves
1605 4506 1687 4562 facile
1702 4507 1844 4563 infirmari

96 4596 150 4650 viri
162 4596 275 4651 inflatio
291 4595 408 4668 pessimi
418 4595 539 4650 tumoris
553 4595 688 4666 insurgit,
709 4611 774 4666 quae
796 4595 878 4649 illum
903 4595 943 4649 ibi
998 4590 1151 4662 incipiunt,
1174 4593 1303 4659 auctum,
1326 4597 1354 4646 et
1375 4591 1471 4648 minue
1492 4593 1527 4649 de
1550 4594 1647 4650 radice
1662 4594 1701 4649 irs
1731 4594 1843 4651 illiricus.

94 4684 191 4739 dolere
207 4684 284 4753 facit,
314 4684 480 4740 foeuiculam
504 4683 634 4754 accipiat,
659 4688 687 4737 st
701 4697 754 4753 per
770 4688 883 4737 tarnum
897 4681 942 4737 fe·
996 4677 1106 4749 pabulo
1121 4693 1223 4733 eorum
1240 4679 1420 4748 intermisce,
1439 4684 1467 4736 et
1488 4695 1592 4750 pravos
1606 4681 1743 4737 humores
1757 4682 1787 4738 iu
1802 4684 1843 4738 eis

95 4773 233 4843 nugroeci,
250 4778 280 4828 ct
298 4773 445 4841 modicpm
457 4771 552 4845 butyri
563 4786 725 4836 vaccarum,
740 4776 769 4826 et
786 4770 942 4826 hecsimul
996 4767 1150 4822 consumit.
1166 4767 1240 4824 cdd.
1255 4767 1311 4838 ecl]

94 4862 307 4930 contundet,et
336 4862 459 4934 desuper
482 4867 581 4933 ponat,
619 4866 649 4916 et
681 4860 771 4915 malos
805 4859 942 4916 humores
1060 4855 1301 4911 Cur.blll'lll.--
1318 4857 1576 4914 DePrruosruruo
1594 4857 1697 4932 (2)[ll,
1718 4857 1775 4932 ³³]-

95 4949 259 5003 extruhuut.
277 4949 387 5005 lleiude
402 4950 480 5005 idem
495 4951 538 5005 vir
552 4951 681 5006 tortellos
706 4950 860 5020 exquibus
883 4966 942 5004 cer·
1033 4943 1243 4999 Petruselinum
1273 4945 1398 5002 robustae
1422 4954 1532 5002 naturus
1554 4954 1607 5016 est,
1632 4954 1660 5002 et
1685 4950 1777 5018 magis
1796 4965 1842 5005 ca-

93 5034 166 5091 visia
189 5035 223 5090 tlt
247 5036 378 5109 accipiat,
395 5041 423 5092 el
450 5053 515 5092 cum
545 5039 637 5093 calida
665 5053 740 5108 equa
763 5053 812 5092 eos
830 5038 941 5094 modice
996 5032 1338 5104 10r0¹1¹<lu⁸mflldl¹⁸i¹¹
1363 5050 1392 5088 ⁸⁰
1415 5034 1515 5102 habet;
1531 5040 1560 5090 θῑ
1578 5035 1613 5091 (10
1636 5041 1721 5092 vento
1736 5053 1769 5092 ³0
1786 5037 1841 5093 hu·

93 5124 188 5194 furiat,
202 5130 231 5180 et
245 5125 285 5180 sic
299 5124 455 5194 calefaciat,
472 5130 501 5181 et
513 5141 600 5197 super
616 5125 768 5198 praelatum
796 5129 941 5181 tumorem
996 5119 1127 5176 uriditate
1156 5122 1266 5177 crescit.
1296 5123 1328 5178 Et
1350 5122 1455 5178 melior
1480 5129 1509 5180 et
1534 5124 1632 5180 utilior
1660 5130 1702 5180 est
1729 5124 1842 5182 homiui

93 5218 192 5284 ponat.
208 5213 264 5270 Sed
278 5218 308 5270 et
320 5213 345 5268 si
357 5229 513 5287 praegnans
526 5212 632 5269 mulier
646 5213 677 5268 iu
704 5218 790 5286 partu
818 5214 941 5269 multum
994 5209 1115 5264 crudum
1130 5226 1218 5282 quam
1241 5216 1353 5266 coctum
1371 5211 1400 5266 iu
1423 5213 1608 5269 comestione.
1626 5215 1659 5269 Et
1681 5219 1842 5270 comestum

94 5301 217 5371 laboral,
242 5308 312 5358 tuuc
338 5319 404 5358 cum
431 5301 535 5358 timore
563 5306 593 5357 et
620 5317 725 5372 magno
744 5300 940 5357 moderamine
994 5297 1088 5354 febres
1102 5315 1167 5371 qum
1191 5299 1338 5357 hominem
1367 5308 1547 5371 concutiunt,
1572 5304 1622 5360 sed
1649 5305 1753 5360 leniter
1777 5309 1842 5361 ten-
1942 5338 1945 5344 ·

129 5462 170 5529 (l)
184 5461 319 5516 Arretium
328 5461 496 5529 guarentem.
1032 5459 1070 5528 fil
1090 5458 1193 5528 upum
1211 5461 1413 5515 Petrosetr'nuur.
