3984 6034
676 96 836 160 rhtslcs.
851 131 886 142 —
902 96 966 158 tlh.
986 97 1008 156 1.
1031 95 1075 157 DE
1095 95 1248 158 utentis.

94 251 257 260 u--q———o—
263 243 710 260 “ma-
718 251 962 260 --ιι-...ι-..ο-η-σι-ιι

837 384 1090 472 INCIPIT

232 585 539 786 LIBER
594 587 943 711 BEATAE
993 583 1697 712 HILDEGARDIS

598 874 600 876 ψ
738 828 1197 926 SUBTILITATUM

348 1047 720 1184 ultissimis
755 1047 1114 1184 ullusulius
1153 987 1582 1185 conlocasset

628 1283 673 1338 ΕΤ
692 1281 812 1338 81111111
831 1281 925 1338 stus
943 1280 1168 1348 obeuntibus
1187 1279 1296 1338 BONIS.

701 1622 918 1733 LIBER
962 1622 1231 1734 PRIMUS

799 1862 865 1951 DII
898 1859 1120 1952 PLANTIS.

769 2205 1162 2311 PRAEFATIO.

125 2565 158 2620 lo
171 2563 316 2620 creatione
330 2564 458 2621 hominis
471 2566 507 2621 de
522 2569 600 2620 terra
614 2565 653 2635 (1)
675 2564 733 2621 elia
755 2570 833 2620 terra
855 2581 932 2620 sum·
953 2571 1132 2626 Acrescunt.
1171 2569 1199 2620 et
1224 2563 1270 2620 hae
1298 2565 1445 2621 etiamad
1482 2567 1672 2640 digestionem
1711 2568 1838 2624 bominis

89 2660 141 2726 pta
153 2659 207 2723 cst,
222 2670 288 2726 ques
301 2654 390 2710 homo
404 2658 457 2723 est,
474 2659 503 2709 st
518 2653 617 2709 omnia
628 2654 771 2709 elementa
785 2654 813 2708 ei
827 2655 937 2709 serris·
991 2654 1067 2709 leves
1081 2660 1148 2710 snut
1162 2659 1190 2710 ct
1207 2654 1279 2709 laetae
1303 2659 1424 2724 naturae,
1451 2655 1490 2711 ite
1513 2657 1590 2728 qssod
1612 2656 1762 2712 homiuem
1787 2659 1838 2729 qui

89 2741 170 2810 bant,
186 2743 337 2813 quiscum
351 2742 445 2797 vivere
468 2741 641 2811 sentiebant,
657 2748 686 2797 et
701 2742 815 2797 obviem
841 2742 935 2796 omni·
990 2757 1040 2796 eas
1053 2742 1212 2798 comederit
1230 2743 1327 2798 laetum
1348 2743 1467 2810 iaciunt,
1484 2749 1570 2816 etque
1593 2744 1719 2800 crioibus
1742 2743 1838 2800 homi·

87 2831 142 2886 bus
165 2831 433 2887 conversationibus
447 2831 510 2902 ojus
523 2846 589 2887 cum
605 2830 655 2886 illo
681 2829 886 2902 operabantur,
909 2835 937 2884 ot
991 2829 1036 2884 nis
1054 2830 1260 2897 assimilentur,
1285 2831 1354 2902 quia
1376 2847 1492 2903 semper
1518 2831 1586 2903 ipsos
1616 2832 1692 2886 leves
1719 2837 1838 2888 suntet

88 2917 152 2990 ipse
166 2934 233 2974 cum
247 2919 314 2975 iliis.
332 2921 365 2975 Et
387 2925 464 2974 terra
479 2917 566 2975 dabat
580 2919 752 2974 visiditetem
777 2935 858 2974 snam
884 2919 935 2987 ill,
991 2933 1094 2973 aerem.
1111 2917 1165 2974 Sed
1180 2918 1245 2974 allec
1270 2919 1402 2992 quedam
1427 2919 1525 2975 herhre
1549 2925 1675 2975 ventose
1699 2925 1776 2987 sunt,
1798 2921 1839 2975 lte

87 3008 247 3062 secundum
262 3023 353 3078 genos
372 3013 400 3062 et
428 3015 561 3064 naturam
590 3013 620 3062 et
648 3022 745 3062 mores
770 3012 799 3062 et
821 3023 937 3062 omnem
990 3007 1068 3078 quod
1083 3006 1118 3062 de
1133 3015 1220 3063 vento
1234 3013 1376 3076 crescunt,
1393 3012 1422 3062 et
1436 3008 1523 3063 etiem
1539 3007 1620 3062 sicem
1646 3012 1713 3063 sunt
1730 3013 1758 3062 st
1772 3023 1837 3080 grs-

87 3093 320 3150 cIrcumitionem
347 3094 483 3151 hominis.
505 3096 592 3151 'lerra
616 3096 695 3151 enim
725 3111 790 3150 com
817 3094 937 3149 utilibus
990 3111 1040 3150 ves
1055 3095 1089 3150 sd
1104 3094 1298 3167 digestionem
1323 3094 1460 3165 hominis,
1488 3095 1627 3151 antristis
1652 3101 1773 3165 nature,
1797 3095 1838 3151 ita

89 3181 188 3236 herbis
211 3182 339 3239 ostendit
365 3181 594 3238 cirosimitionem
621 3182 794 3254 spiritalium
821 3197 936 3237 morum
991 3185 1068 3256 quod
1079 3184 1238 3252 hominem,
1253 3184 1303 3256 qoi
1333 3200 1381 3240 eas
1408 3183 1570 3252 manducet,
1587 3186 1698 3241 tristem
1713 3184 1836 3250 iaciunt;

88 3269 226 3337 hominis,
243 3285 293 3324 eos
308 3270 512 3336 discernendo;
528 3271 577 3325 sed
602 3271 754 3326 inutilibus
776 3270 874 3327 herbis
886 3271 935 3325 de·
991 3272 1041 3328 sed
1062 3269 1158 3328 sudori
1182 3272 1309 3329 hominis
1335 3277 1540 3344 comparentur
1565 3273 1609 3329 sel
1632 3273 1836 3329 assimilentur.

89 3363 231 3413 monstret
246 3358 364 3414 inutiles
377 3361 406 3413 et
419 3358 575 3413 diabolicos
592 3373 687 3413 mores
701 3359 773 3430 ejus.
800 3359 936 3423 Quadam
991 3361 1097 3416 Succos
1111 3367 1207 3416 autom
1223 3362 1373 3418 inutilium
1388 3362 1636 3434 herbarumque
1651 3363 1765 3418 comedi
1780 3379 1837 3418 non

89 3447 167 3503 enim
183 3447 281 3504 herba
298 3453 376 3516 sunt,
391 3463 456 3519 qum
472 3464 537 3502 curn
561 3449 732 3519 quibusdam
755 3448 826 3503 cibis
850 3448 937 3503 deco-
990 3454 1123 3519 possunt,
1153 3465 1323 3516 venenosus,
1339 3449 1407 3522 quia
1435 3450 1505 3523 ipsae
1534 3450 1689 3506 mortiferae
1713 3452 1837 3506 suntad

89 3540 228 3608 quantur,
244 3542 274 3590 st
287 3536 332 3592 hm
347 3537 496 3592 hominem
508 3536 678 3592 velocemad
693 3541 807 3608 pestem
817 3537 937 3605 leniunt,
991 3536 1088 3591 cibum
1104 3536 1239 3605 homiuis,
1264 3542 1293 3592 et
1318 3538 1457 3608 egestioni
1480 3529 1604 3593 homiuis
1624 3543 1836 3610 comparantur.

89 3624 208 3679 etleses
222 3628 299 3692 sunt,
325 3625 394 3696 quia
414 3624 562 3680 hominem
586 3641 646 3679 non
670 3624 795 3680 multum
818 3641 935 3696 gravem
1028 3625 1060 3679 Et
1073 3629 1151 3679 terra
1165 3625 1252 3680 habet
1266 3625 1400 3680 sudorem
1416 3627 1454 3695 (3)
1469 3629 1555 3698 atquo
1570 3625 1722 3682 humorem
1735 3631 1764 3680 et
1778 3643 1838 3680 suc-

91 3712 209 3781 leciunt,
229 3719 258 3767 et
280 3715 341 3768 istm
363 3714 443 3768 carni
459 3712 586 3768 hominis
600 3713 807 3769 assimilentur.
825 3715 858 3769 llt
873 3729 936 3770 soo-
991 3727 1067 3766 com.
1096 3709 1191 3768 Sudor
1215 3709 1292 3768 enim
1312 3717 1397 3767 terrae
1416 3711 1532 3768 inutiles
1556 3713 1659 3770 herbas
1674 3713 1793 3786 prolert,
1809 3719 1838 3769 et
1870 3709 1877 3724 '

91 3815 140 3855 cus
155 3801 365 3871 pomiferorum
380 3803 519 3858 arborum
544 3802 670 3859 lnooctus
693 3805 819 3872 nocivus,
844 3809 873 3857 ot
888 3819 934 3858 co-
992 3800 1097 3855 humor
1111 3800 1173 3870 ejus
1195 3800 1280 3856 utiles
1299 3800 1413 3868 herbas,
1441 3817 1506 3872 qum
1531 3802 1644 3857 comedi
1672 3808 1792 3872 possunt
1808 3808 1837 3857 et

92 3891 154 3942 ctos
172 3889 254 3956 levis,
280 3896 309 3945 et
331 3891 661 3962 comparetursanguini
687 3891 822 3946 bominis.
848 3892 937 3946 lniru·
992 3904 1058 3960 quse
1079 3888 1116 3943 ad
1135 3888 1208 3944 alios
1231 3903 1300 3944 usus
1325 3888 1452 3944 homInis
1481 3890 1583 3945 valent.
1610 3889 1715 3945 Soccus
1739 3894 1836 3945 antem

92 3976 190 4032 otilera
204 3982 301 4033 autem
315 3977 474 4050 lignaque
489 3993 547 4034 non
563 3984 713 4052 generent,
730 3979 810 4052 ligne
823 3985 892 4035 sunt
908 3985 937 4035 et
954 3969 976 4024 Β
991 3979 1054 4048 ejus
1079 3977 1258 4034 vindemiam
1279 3983 1308 4033 et
1328 3977 1524 4049 germiaentes
1550 3977 1668 4034 arbores
1692 3976 1835 4049 producit.

91 4080 148 4119 non
161 4066 286 4133 arbores,
302 4067 352 4121 sed
373 4072 486 4120 tantum
510 4067 579 4122 lolia
602 4068 719 4138 hebent,
742 4085 805 4140 que
824 4069 936 4125 homini
991 4066 1093 4122 llorbe
1110 4083 1175 4138 que
1203 4082 1257 4139 per
1283 4066 1411 4122 lahorem
1434 4066 1561 4122 hominis
1593 4065 1783 4134 seminentur,
1808 4072 1838 4121 et

92 4152 128 4207 ad
142 4153 350 4209 comedendum
376 4154 493 4209 insititio
518 4161 596 4223 sunt,
621 4157 662 4211 ita
683 4162 725 4226 ut,
752 4157 776 4212 si
799 4156 866 4228 quis
887 4159 937 4212 ille
991 4155 1130 4224 paulatim
1145 4161 1268 4227 surgunt
1286 4158 1315 4211 et
1329 4160 1471 4222 crescunt,
1487 4157 1565 4211 velut
1588 4153 1744 4211 domestice
1770 4154 1837 4210 ani-

92 4240 257 4308 romederit,
287 4241 314 4298 ei
334 4258 395 4297 non
423 4244 548 4299 multum
572 4250 702 4315 prosunt,
730 4245 842 4300 etlamsi
870 4261 936 4302 enm
991 4242 1089 4311 melia,
1104 4260 1169 4316 ques
1195 4245 1282 4300 bomo
1310 4244 1340 4300 iu
1368 4244 1456 4300 domo
1475 4259 1527 4298 sua
1554 4258 1620 4297 oum
1646 4243 1837 4298 sollicitudine

92 4345 150 4384 nou
165 4332 288 4385 muttum
302 4331 424 4398 laedunt,
448 4336 477 4386 et
498 4333 556 4387 tabi
582 4333 708 4388 hominis
721 4340 935 4407 comparentur.
990 4333 1109 4401 enutrit,
1124 4349 1178 4405 per
1192 4333 1320 4389 laborem
1337 4333 1431 4402 illum,
1447 4347 1505 4404 quo
1527 4330 1564 4385 ab
1585 4331 1703 4387 homine
1718 4347 1837 4386 exarnu-

92 4417 172 4482 Quod
186 4434 253 4474 sero
268 4419 300 4474 in
308 4419 460 4476 arboribus
474 4427 504 4476 et
513 4421 601 4492 lignis
610 4425 662 4488 est,
673 4422 749 4478 unde
761 4423 935 4488 funesllont,
989 4426 1038 4475 tur
1052 4424 1082 4475 et
1097 4421 1287 4490 seminentur,
1303 4421 1489 4478 acerbitatem
1501 4418 1761 4475 stamaritudIncm
1775 4436 1836 4474 suc-

92 4507 268 4563 assimiletur
279 4510 360 4564 senis
384 4508 521 4565 hominia.
547 4510 667 4582 Lapides
688 4511 773 4566 ctiam
791 4522 873 4567 terra
889 4527 936 4564 os·
989 4523 1090 4564 corum
1106 4524 1223 4564 suorum
1235 4509 1382 4579 amittunt,
1402 4509 1444 4564 ite
1460 4507 1536 4580 quod
1554 4506 1711 4578 humiditas
1726 4521 1838 4562 eorum·

90 4595 167 4650 sibus
188 4595 315 4652 hominis
341 4605 557 4670 comparantur,
572 4605 602 4655 et
627 4599 785 4656 humiditas
807 4599 936 4671 lapidum
989 4597 1056 4652 dem
1069 4612 1219 4653 succorum
1233 4596 1403 4669 qualitatem
1422 4597 1499 4652 succi
1513 4594 1639 4652 hominis
1657 4594 1836 4667 aliquantum

91 4682 441 4758 medullosossiurn,quie
464 4686 546 4758 lapis,
575 4703 641 4743 cum
665 4686 867 4743 humidiiatem
886 4686 937 4741 he·
989 4676 1093 4758 tangit,
1110 4689 1139 4740 et
1163 4701 1221 4757 quo
1248 4686 1278 4740 in
1295 4684 1381 4741 modo
1404 4685 1474 4740 cibis
1501 4690 1530 4739 et
1545 4683 1658 4756 potibus
1673 4682 1736 4753 ejus
1751 4679 1836 4736 honre

90 4775 163 4841 beat,
191 4773 317 4829 calorem
339 4777 427 4830 etium
451 4776 547 4833 babet.
572 4776 627 4832 Sed
647 4776 759 4849 lapides
777 4792 844 4832 com
868 4776 936 4848 qui·
989 4779 1019 4829 et
1033 4773 1116 4828 utiles
1138 4777 1213 4828 sunt.
1231 4773 1331 4829 llorbse
1351 4777 1449 4829 autem
1474 4787 1551 4846 quse,
1581 4771 1701 4827 cedente
1725 4785 1778 4825 suo
1793 4785 1836 4824 ae·

90 4863 143 4917 bus
168 4869 243 4918 tecta
273 4869 420 4933 teguntur,
443 4865 588 4936 ungiubus
602 4867 731 4922 hominIs
744 4866 775 4921 ln
800 4864 936 4920 menibus
989 4863 1079 4932 mine,
1100 4863 1207 4935 absque
1233 4861 1330 4918 labore
1353 4861 1479 4918 hominis
1503 4866 1644 4928 crescunt,
1669 4864 1837 4930 strepente

90 4957 117 5006 et
130 4951 159 5005 iu
174 4952 296 5022 pedibus
307 4951 513 5009 assimilantur.
529 4955 562 5010 Et
574 4955 710 5027 qondam
731 4955 829 5011 herba
843 4969 935 5010 aereae
989 4967 1022 5006 ao
1035 4951 1205 5007 festinanter
1220 4954 1252 5006 ut
1265 4950 1414 5006 indomitas
1429 4951 1527 5006 bastire
1541 4949 1584 5023 (l)
1610 4953 1743 5021 snrgunt,
1767 4963 1837 5003 con-

124 5130 160 5198 (1)
185 5130 253 5184 Gerr.
278 5144 299 5195 ι,
327 5131 375 5196 2η
402 5130 578 5198 licelinus,
603 5133 628 5184 l.
656 5130 766 5212 llildsg.
791 5130 874 5202 epist.
900 5131 934 5186 ad
1024 5131 1062 5202 (1)
1091 5131 1156 5188 (less.
1182 5148 1202 5200 1,
1226 5134 1253 5186 1.
1279 5131 1389 5204 llildsg.
1422 5147 1468 5204 op.
1503 5133 1538 5188 ad
1575 5131 1710 5189 Eberard.
1746 5131 1835 5205 episc.

90 5198 183 5254 abbat.
204 5200 354 5255 Ebrecens.
381 5202 437 5270 (ep.
463 5200 518 5325 alp.
537 5200 683 5285 Ejusdem·
695 5207 779 5286 epist.
800 5201 837 5257 ad
859 5216 934 5273 pres·
989 5201 1139 5328 bamberg.
1158 5204 1213 5274 (ep.
1229 5201 1286 5274 ll).

91 5270 159 5324 letos
175 5272 219 5326 llo
240 5276 301 5326 unt.
327 5279 383 5341 (ep.
409 5269 465 5341 17).
499 5271 619 5341 hosdem
636 5272 741 5327 &toros
767 5287 809 5338 ιιι,
836 5275 864 5328 2.
891 5273 933 5328 Cl.
1023 5274 1065 5342 (3)
1082 5275 1113 5328 lli
1128 5272 1194 5344 deg.
1209 5290 1255 5345 ep.
1273 5271 1307 5329 ad
1323 5273 1456 5330 cumdem
1471 5273 1529 5344 lep.
1544 5273 1602 5344 4⁰).

91 5356 150 5411 cap.
168 5344 203 5396 lle
247 5341 416 5407 ‹indroporm
432 5357 451 5408 ι,
463 5344 506 5396 511.
1025 5344 1066 5414 (1)
1084 5343 1126 5399 Gi.
1143 5343 1223 5416 prael.
1241 5343 1290 5399 lib.
1312 5361 1349 5400 vir
1364 5347 1401 5401 lle
1414 5345 1590 5400 animalibus.
