3984 6034
202 224 264 276 illst

942 217 972 270 S.
994 213 1231 272 llllJtlthtttus

1883 219 1944 268 trist

196 350 352 422 grassando
367 349 404 406 ad
428 349 487 416 lili)
510 347 654 402 civitatem
678 345 799 404 liutoldi
824 344 914 418 patria
936 345 1043 400 seilicet
1061 344 1264 400 scetsitudine
1302 343 1500 412 aediliciorum,
1542 343 1735 414 amplitudine
1774 347 1947 403 divitiarum

199 442 229 495 ll.
245 439 373 506 liuberti,
399 439 449 494 ubi
474 437 553 494 Naba
578 435 683 492 ilarius
705 437 806 492 tiliano
831 433 1042 501 commiscetur,

197 530 233 584 de
249 545 306 601 quo
322 543 410 599 sopra
436 527 545 581 dictum
577 530 628 592 ast,
654 523 835 595 perveniens,
858 522 933 577 benc
956 523 1042 578 etiam

199 617 284 672 ruina
312 620 341 670 at
362 614 494 669 inccndio
519 613 554 668 ad
579 611 701 668 nibilum
724 611 846 682 redegit.
867 611 929 676 Ouo
956 611 1041 677 lacto,

197 721 264 760 cnm
278 703 381 760 nefarii
394 702 525 758 homiues
546 699 592 755 isti
618 701 734 755 tandem
757 699 925 770 repercussi.
950 699 1044 753 lecito-

198 797 256 848 tem
272 808 354 848 auem
369 790 578 862 deposuissent,
595 793 624 844 ct
646 789 681 843 ad
702 795 792 842 terras
810 803 877 842 suas
900 787 1041 852 redirent,

197 883 299 940 incolae
320 881 433 954 praelati
456 880 523 948 loci,
543 879 594 951 qui
608 879 776 950 superstites
790 881 998 942 remanserant,
1015 880 1044 930 et

199 972 249 1045 qui
268 987 321 1044 par
343 971 453 1026 diverse
477 968 595 1024 latibula
609 966 732 1037 dispersi
753 965 876 1032 fuerant,
901 969 1044 1020 reverten-

199 1065 252 1128 tes,
266 1067 295 1116 et
307 1059 450 1115 civitatem
475 1073 555 1112 snam
573 1057 697 1111 dirutam
713 1059 872 1117 cernentes,
894 1069 927 1109 ea
953 1054 1043 1108 altera

198 1155 280 1222 perta
294 1147 380 1204 Naba
393 1145 487 1212 ssusii,
511 1150 632 1217 propter
653 1144 803 1200 munimen
828 1142 1042 1197 decurrentium

197 1236 352 1294 fluminum
379 1241 409 1289 at
426 1234 618 1306 adjacentium
633 1232 789 1296 montium,
811 1231 867 1286 alia
881 1229 1043 1286 habitacula

196 1326 252 1382 sibi
264 1324 443 1380 aedificabant
460 1341 466 1378 :
482 1328 512 1376 et
527 1322 705 1393 omniaque
729 1321 760 1374 iu
783 1319 871 1391 lignis
893 1324 921 1373 et
939 1319 1042 1390 lapidi·

195 1415 258 1484 bus,
275 1414 305 1470 in
320 1413 418 1484 ejectis
433 1408 630 1468 fundamentis
644 1417 731 1481 alque
741 1409 772 1463 in
784 1409 847 1462 aliis
857 1407 1041 1475 utensilibus,

197 1521 215 1558 a
230 1502 368 1574 predicto
390 1503 534 1556 destructo
559 1502 622 1554 loco
646 1499 757 1554 deferre
784 1502 926 1567 potarent,
942 1495 976 1551 ad
1002 1495 1043 1551 al·

196 1599 288 1648 teram
303 1592 396 1662 ripam
413 1591 499 1646 licitae
511 1588 546 1641 ad
562 1588 622 1643 illic
634 1587 824 1642 habitandum
840 1584 1041 1655 deportabant.

196 1681 229 1734 Et
244 1680 283 1736 sic
297 1680 376 1750 prinr
389 1678 477 1745 laveras,
495 1678 666 1749 quidudum
680 1675 840 1746 frequentia
855 1673 1041 1745 populorum,

1098 433 1233 506 pollebat,
1249 432 1392 489 desolatus
1407 437 1458 494 est,
1476 438 1563 504 atqua
1582 434 1858 507 persubsequentia
1877 439 1948 490 tem-

1098 538 1167 593 pora
1184 523 1217 576 ad
1235 521 1372 593 nrajorem
1392 521 1598 576 desolationem
1624 522 1789 594 perductus.
1815 523 1902 578 Unde
1924 529 1948 574 et

1098 610 1195 666 omnia
1215 608 1332 682 praedia,
1355 626 1419 682 quse
1442 611 1471 666 Β.
1501 610 1642 666 Robertus
1670 611 1861 666 haereditario
1883 612 1946 682 jure

1097 700 1273 768 possederat,
1297 715 1350 769 per
1373 703 1524 754 extranens
1546 703 1575 754 et
1598 699 1723 755 diversus
1749 699 1889 755 homiues
1919 699 1945 753 in

1098 788 1326 843 contrarietatem
1349 785 1547 856 dissipationis
1565 787 1699 842 distracta
1715 793 1792 855 sunt,
1818 793 1849 842 et
1876 787 1945 842 nihil
1974 797 1975 822 ³

1097 891 1131 930 ex
1147 876 1181 931 iis
1203 875 1401 931 inconvulsum
1425 875 1594 946 permansit,
1618 881 1735 947 excepta
1759 875 1896 940 ecclesia,
1920 875 1945 928 in

1098 981 1156 1038 qna
1179 963 1255 1020 idem
1286 965 1335 1020 [lai
1363 964 1480 1030 electus,
1506 967 1641 1035 utsupra
1670 963 1777 1018 dictum
1805 969 1863 1028 est,
1892 980 1946 1018 una
1975 995 1976 1024 ,

1097 1067 1162 1108 crim
1178 1057 1330 1108 matresua
1348 1051 1498 1124 requievit,
1515 1065 1579 1123 quse
1597 1057 1626 1106 et
1645 1065 1735 1124 usque
1758 1051 1792 1104 ad
1813 1055 1945 1121 tempora

1098 1145 1193 1196 nostra
1213 1139 1326 1196 duravit
1340 1155 1347 1194 r
1360 1139 1401 1195 sic
1416 1137 1512 1203 etiam,
1535 1139 1612 1210 qnod
1636 1153 1699 1193 eam
1723 1140 1815 1194 oculis
1839 1145 1944 1194 nostris

1097 1228 1303 1300 perspeximus,
1319 1242 1385 1283 cum
1407 1227 1442 1283 ad
1463 1227 1596 1282 eumdem
1620 1227 1715 1284 locoru
1737 1228 1787 1282 ilai
1806 1233 1945 1282 monstra

1097 1317 1174 1373 boue
1193 1317 1423 1388 pervenissemus
1446 1321 1498 1371 :el
1513 1315 1638 1387 exceptis
1652 1315 1825 1388 quibusdem
1848 1317 1945 1387 paucis

1096 1406 1200 1460 vinetis
1218 1404 1253 1460 ad
1269 1404 1400 1461 eamdam
1415 1423 1418 1430 ·
1432 1404 1580 1460 ecclesium
1600 1404 1821 1474 pertinentibus,
1847 1421 1945 1474 quara

1098 1495 1215 1550 domiuo
1230 1495 1285 1564 (it)
1307 1494 1472 1550 Hermanno
1494 1493 1733 1548 llildeslreimensi
1751 1494 1898 1564 episcopo,
1920 1501 1946 1544 et

1097 1582 1185 1639 fratre
1209 1583 1300 1655 ipsius
1321 1583 1412 1638 nobili
1432 1582 1503 1650 viro,
1529 1583 1673 1638 bernardo
1696 1583 1782 1645 dicto,
1814 1597 1868 1653 per
1895 1599 1944 1636 no«

1098 1673 1191 1745 pretio
1206 1672 1447 1744 comparavimus.

1013 1801 1142 1816 ἡ

395 1923 655 2000 TrSllllOlllllll
680 1919 956 1996 llllilllN'llilUil
980 1919 1029 1990 nt
1053 1915 1255 2006 titulusita
1277 1918 1472 2000 llllLlOllllS
1496 1916 1745 1990 'l'ildeLlle

231 2175 287 2229 lios
313 2173 437 2228 loannes
459 2171 614 2228 Suirardus
637 2187 652 2222 a
674 2168 814 2238 cronbeg,
838 2167 958 2239 insignis
982 2183 1043 2222 me·
1063 2171 1162 2225 Bcum
1193 2168 1350 2224 reverendo
1375 2168 1522 2224 elesiario
1539 2168 1598 2224 viro
1623 2185 1655 2223 ac
1674 2169 1797 2236 [lumino
1825 2169 1939 2236 Quirino

195 2262 376 2333 truprslitanrv
412 2261 537 2314 ecclesian
570 2259 745 2328 ldogunlinas
780 2255 975 2323 scholasticus,
1012 2270 1044 2309 ac

1098 2257 1238 2322 leonino,
1267 2257 1397 2326 ejusdam
1423 2274 1510 2314 sacras
1532 2257 1687 2329 theologiae
1717 2257 1877 2326 licentiato,
1906 2279 1941 2314 ra-

196 2351 223 2405 S.
242 2350 344 2406 dlbaui
361 2349 537 2420 propositus,
555 2343 786 2401 reverendissimi
804 2361 836 2398 ac
857 2343 1041 2399 illustrissimi
1097 2346 1234 2402 tlrcdralis
1251 2347 1379 2404 Ecclesiae
1403 2345 1620 2418 Ratispoueusis
1647 2349 1797 2414 canonico,
1822 2353 1941 2403 serenis-

195 2440 223 2492 in
251 2438 361 2492 Christo
383 2436 474 2492 Patris
491 2451 524 2490 ac
547 2434 667 2502 domiui,
693 2435 726 2488 li.
754 2433 915 2503 Wollgaugi
938 2438 1041 2487 sanctu
1097 2437 1236 2489 simorum
1252 2434 1415 2506 principum
1432 2433 1568 2507 theologo
1588 2435 1879 2502 atmoderatore,ad
1901 2455 1941 2492 ec·

194 2527 270 2581 sedis
300 2526 471 2596 lloguntiuoe
499 2523 719 2595 archiepiscopi,
740 2523 766 2578 S.
794 2522 827 2577 R.
848 2521 963 2594 imperii
990 2537 1043 2592 per
1097 2524 1197 2577 ctesias
1212 2528 1240 2576 et
1263 2522 1497 2595 circumjacentia
1523 2524 1585 2578 loca
1610 2538 1690 2578 sacra
1713 2525 1940 2586 emendarimus,

195 2614 376 2672 Germaniam
420 2611 674 2680 archicancellarii,
713 2610 852 2684 principis
898 2611 1041 2679 electoris,
1097 2611 1258 2683 iisdemque
1291 2611 1451 2683 plenariam
1481 2616 1649 2684 potestatem
1678 2611 1812 2681 lecimus,
1850 2631 1941 2668 sacras

194 2702 316 2758 sicarius
345 2702 488 2773 generalis
521 2701 550 2755 in
586 2699 794 2772 spiritualibus,
831 2703 860 2753 et
897 2698 931 2754 ad
965 2699 1042 2754 inira
1096 2715 1197 2754 eorum
1225 2699 1362 2771 reliquias
1385 2699 1415 2754 in
1440 2699 1572 2756 archiviis
1591 2707 1620 2755 et
1650 2700 1823 2772 reliquiariis
1847 2702 1941 2758 debita

194 2793 298 2862 scripta
324 2791 484 2846 abeodem
509 2789 672 2864 specialiter
699 2788 854 2859 deputatus
877 2785 1042 2843 commissa·
1095 2805 1161 2844 euru
1183 2788 1343 2843 reverentia
1361 2787 1538 2860 inquirendi,
1563 2789 1720 2861 aperiendi,
1746 2790 1940 2857 examinandi,

194 2881 264 2948 rius,
287 2879 426 2934 universis
449 2884 478 2933 et
492 2878 623 2949 singulis,
643 2876 678 2932 ad
701 2893 774 2950 quos
792 2877 837 2933 he
853 2881 959 2931 nostrae
974 2890 1040 2946 per·
1095 2891 1128 2932 ac
1142 2877 1177 2931 de
1191 2875 1292 2931 iisdem
1317 2883 1456 2948 quantum
1482 2877 1647 2933 discretioni
1671 2883 1699 2932 et
1723 2878 1858 2950 religioni
1878 2896 1941 2934 cou-

194 2969 335 3034 venerint,
356 2974 421 3040 post
442 2966 540 3023 debila
566 2971 664 3021 nostra
687 2970 881 3037 promptaque
904 2963 997 3018 officia
1012 2969 1041 3018 et
1094 2970 1219 3036 grueret,
1246 2965 1278 3020 in
1305 2963 1408 3021 timore
1432 2966 1551 3022 Domini«
1571 2966 1607 3021 ed
1636 2981 1689 3021 nos
1710 2965 1864 3022 referendi.
1889 2967 1938 3032 Qui

194 3057 341 3129 obsequia,
356 3062 458 3111 notum
472 3053 593 3114 iacimus
617 3059 645 3108 et
665 3069 726 3108 essa
746 3053 888 3124 cupimus,
916 3051 1041 3122 qualiter
1094 3053 1279 3108 commissum
1302 3052 1355 3110 sibi
1370 3069 1477 3111 munus
1498 3055 1598 3112 sedulo
1617 3061 1815 3126 exsequentes,
1834 3057 1939 3126 previa

194 3144 422 3200 reverendissimi
445 3159 478 3198 ac
502 3141 674 3197 serenissimi
695 3141 810 3197 Domini
830 3146 859 3195 et
882 3139 1037 3210 Principes,
1093 3142 1225 3213 diligenti
1242 3141 1418 3214 inspectione
1433 3147 1462 3198 at
1476 3141 1692 3209 informatioum
1709 3143 1762 3199 bes
1776 3143 1812 3198 ad
1833 3159 1888 3198 nos
1907 3161 1936 3200 ea

194 3234 226 3289 ll.
243 3232 439 3304 Pbllippusll.
460 3232 492 3286 G.
517 3226 668 3302 episcopus
690 3228 952 3301 Ratisponensiset
975 3228 1039 3284 Fer·
1092 3231 1365 3303 abbatiavirgiuum
1381 3233 1488 3288 montis
1517 3233 1545 3288 S.
1562 3232 1691 3302 liuberti,
1707 3233 1868 3304 vulgariter
1889 3235 1937 3290 ilo

194 3321 336 3376 dinandus
347 3319 518 3391 prepositus
531 3316 792 3389 argentoratensis,
810 3315 930 3373 Palatini
946 3315 1036 3372 libeni
1093 3321 1239 3393 persberg,
1256 3321 1365 3376 ordinis
1385 3321 1414 3378 S.
1435 3320 1590 3389 Benedicti,
1604 3321 1686 3391 juata
1707 3322 1848 3393 oppidum
1876 3321 1936 3378 Bin-

192 3409 323 3477 comites,
347 3424 380 3463 ac
404 3407 555 3479 utriusque
571 3405 696 3462 [lavarias.
720 3407 818 3470 Duces,
843 3407 907 3476 post
923 3403 1037 3459 absolu·
1092 3425 1169 3480 gam,
1198 3408 1336 3480 reliquias
1360 3407 1529 3478 attuleruut,
1557 3409 1667 3465 scilicet
1689 3409 1761 3464 duas
1790 3415 1884 3466 costas
1906 3413 1936 3466 de

193 3502 251 3550 tam
280 3496 309 3550 in
326 3493 379 3550 bec
401 3499 499 3550 nostra
517 3493 737 3566 Metropolitane
760 3494 830 3550 urbe
854 3499 883 3549 ot
906 3491 1036 3560 ecclesia,
1057 3463 1120 3554 CS.
1139 3498 1275 3568 liuperto,
1309 3497 1369 3552 lilio
1394 3498 1539 3570 quondarn
1565 3497 1703 3554 Roboaldi
1729 3499 1845 3554 comilis
1870 3501 1938 3572 pala·

189 3585 272 3653 juxta
299 3587 405 3639 statmo
435 3589 463 3638 et
492 3582 728 3638 consrsetudinem
755 3582 855 3654 ipsius,
887 3597 945 3636 rrou
977 3580 1038 3634 siue
1092 3583 1146 3640 tini
1161 3585 1263 3654 Rheni,
1284 3601 1318 3640 er
1344 3585 1427 3642 Beria
1456 3585 1601 3642 tuscensis
1621 3591 1651 3640 et
1676 3585 1872 3658 Lothsringiae
1894 3587 1937 3642 du·

193 3673 329 3744 praeclaro
353 3673 490 3728 virtutum
507 3677 536 3726 et
558 3669 717 3743 Religionis
737 3671 877 3744 exemplo,
909 3669 1037 3724 residim-
1093 3673 1174 3738 cissa,
1191 3675 1284 3731 adbuc
1305 3690 1463 3730 carnosas:
1486 3675 1554 3729 item
1578 3673 1633 3728 alia
1654 3676 1710 3730 tria
1732 3691 1796 3730 ossa
1816 3675 1937 3746 oblonga

194 3761 274 3832 tiam,
288 3777 355 3818 cum
370 3761 438 3816 hinc
453 3778 469 3816 a
483 3761 567 3816 nobis
582 3759 617 3816 ad
630 3776 709 3815 secra
724 3759 825 3815 limina
839 3759 1036 3831 apostolorum
1093 3761 1222 3834 ejusdem
1239 3780 1245 3818 :
1261 3763 1330 3818 item
1355 3763 1390 3818 de
1407 3763 1491 3834 spina
1507 3761 1583 3819 dorsi
1600 3763 1693 3819 adbuc
1706 3779 1827 3820 carnosa
1842 3782 1850 3818 ε
1869 3763 1935 3820 item

193 3850 325 3906 recedere
352 3853 524 3916 amicuerunt,
545 3865 598 3919 pro
623 3864 658 3904 ea
679 3864 737 3921 qua
759 3851 827 3902 sunt
851 3863 919 3919 erge
946 3847 1037 3901 ileum
1092 3851 1206 3906 dentem
1222 3867 1256 3907 ex
1273 3851 1402 3922 ejusdem
1417 3851 1520 3924 capite,
1542 3851 1578 3908 de
1593 3833 1691 3908 mento
1716 3852 1858 3924 superiori
1886 3855 1936 3908 sub

193 3939 301 4011 licique
327 3943 450 4003 sanctos,
481 3953 604 4015 quorum
620 3938 761 3992 memoria
784 3937 813 3991 in
837 3934 1037 3991 benedictione
1061 3929 1065 3938 '
1092 3937 1174 3994 oculo
1190 3939 1309 3994 dextro:
1325 3939 1473 3994 itemossa
1495 3939 1550 3995 tria
1570 3939 1605 3994 dc
1621 3940 1649 3996 S.
1676 3939 1861 4013 llildegarde,
1886 3941 1936 3996 ibi·

191 4033 245 4093 est,
269 4027 381 4084 ardenti
410 4027 517 4099 pietate
551 4031 580 4081 et
625 4025 775 4080 allectione
810 4022 975 4096 petiverint,
1008 4028 1038 4077 ut
1092 4027 1157 4083 dem
1172 4027 1320 4100 quondam
1343 4026 1496 4098 abbatissa,
1521 4027 1638 4100 Virgine
1653 4027 1835 4084 nobilissima
1849 4035 1878 4084 et
1894 4046 1936 4084 ra·

191 4116 360 4188 priusquam
381 4113 416 4169 ab
439 4112 563 4169 Ecclesia
588 4117 616 4166 et
643 4111 754 4168 dioecesi
782 4115 879 4166 nostra
905 4109 1037 4165 discede-

192 4206 266 4272 rent,
290 4217 368 4257 sacra
400 4201 462 4257 loca
495 4204 524 4255 et
555 4199 731 4255 monasteria
756 4199 891 4269 religiosa
922 4213 1037 4253 venera-

191 4289 270 4344 tione
283 4287 409 4355 visitare,
425 4303 457 4344 ac
486 4287 520 4342 da
548 4285 635 4342 sacris
664 4302 764 4342 eorum
791 4285 930 4358 Reliqaiis
956 4285 1038 4340 noni-

190 4377 231 4434 bil
245 4392 342 4432 secum
366 4377 441 4432 lerro
464 4381 495 4430 et
517 4380 663 4448 asportare
678 4375 802 4446 gratioso
820 4389 962 4430 corisensu
976 4373 1037 4428 Cel·

191 4466 324 4523 situdinis
339 4482 399 4521 sum
413 4466 521 4522 liceret.
536 4463 663 4530 Quorum
678 4463 813 4520 laudabili
835 4464 897 4518 zelo
919 4467 949 4518 et
973 4462 1035 4534 pie-

1091 4115 1284 4188 ligiusissima,
1301 4131 1366 4188 quse
1380 4115 1483 4187 spiritu
1500 4115 1667 4188 prophetico
1680 4114 1778 4188 plane,
1791 4119 1934 4188 conscrip-

1090 4201 1212 4276 sitopus
1226 4202 1412 4275 epistolarum
1433 4202 1660 4275 pulcherrimum
1685 4204 1720 4259 de
1743 4205 1801 4258 suis
1825 4205 1937 4259 visioni·

1090 4291 1143 4346 bus
1172 4291 1230 4346 sive
1258 4290 1492 4361 revelationibus,
1520 4296 1650 4363 tempore
1677 4291 1709 4346 Ι).
1746 4292 1886 4347 Bernardr
1911 4299 1937 4346 et

1091 4379 1211 4450 Eugeuii
1239 4395 1320 4452 papea
1357 4379 1444 4446 tertii,
1465 4395 1537 4452 quos
1565 4379 1655 4435 libros
1681 4378 1758 4435 illius
1792 4381 1936 4452 Eugenius

1090 4473 1209 4540 quartus
1222 4467 1390 4538 approbavit
1413 4472 1442 4522 et
1462 4467 1657 4536 confirmavit;
1686 4468 1749 4538 ejus
1770 4469 1875 4524 natulis
1897 4487 1936 4525 ce

190 4556 240 4610 tati
263 4554 408 4612 Celsitudo
434 4569 486 4608 sua
513 4552 670 4624 gratificari
700 4554 829 4626 cupiens,
862 4552 945 4608 nobis
973 4568 1035 4623 ape·

189 4641 252 4698 ciali
277 4642 412 4697 mandato
430 4641 585 4703 commisit,
602 4644 633 4694 ul
655 4638 710 4712 piis
733 4641 806 4696 volis
827 4655 930 4695 eornm
953 4639 1034 4694 satis·

189 4733 334 4800 iacientes,
363 4731 533 4803 petitionem
557 4730 790 4802 quamprimum
813 4728 928 4784 ellectni
952 4744 1032 4783 man·
1054 4733 1191 4811 „Bertlra
1206 4737 1296 4786 ruatre
1314 4732 1343 4786 S.
1360 4731 1489 4804 Ruperti,
1514 4731 1667 4788 nusrrasie
1692 4737 1721 4786 et
1742 4731 1934 4803 lotharingiae

188 4824 332 4877 daremus.
357 4821 437 4885 Quod
459 4833 514 4891 pro
537 4819 633 4874 debito
657 4817 825 4875 obedientie
848 4824 953 4872 nostrae
983 4817 1033 4872 ob·
1087 4820 1220 4876 ducissa:
1242 4819 1311 4875 item
1337 4824 1436 4890 gultur
1451 4835 1516 4876 cum
1539 4821 1597 4874 alia
1621 4819 1761 4890 particula
1782 4819 1819 4874 de
1836 4820 1864 4876 S.
1889 4821 1934 4876 Sa-

188 4911 287 4984 saquio
305 4914 503 4982 exsequentes,
517 4908 654 4963 accersito
668 4907 702 4962 ad
717 4924 771 4962 nos
794 4906 951 4962 reverendo
973 4906 1033 4962 viro
1088 4907 1160 4980 tyria
1177 4907 1288 4979 virgine
1307 4911 1335 4963 et
1352 4913 1486 4980 martyre.
1513 4907 1589 4974 Quas
1611 4907 1729 4980 quidem
1753 4923 1849 4962 sacras
1871 4909 1932 4962 reli·

189 4999 249 5055 llito
264 4997 368 5064 ldileto,
390 5011 478 5052 sacrae
498 4995 649 5066 theologiae
673 4994 791 5049 doctore
815 4993 849 5048 ad
876 4995 903 5050 S.
930 4992 1034 5050 llauri·
1088 4997 1170 5070 quies
1187 5013 1239 5051 uos
1254 4995 1349 5051 debita
1370 4995 1410 5052 eis
1430 4996 1589 5052 reverentie
1603 4996 1775 5067 accipientes
1798 4999 1827 5052 et
1851 5013 1931 5052 exos·

188 5087 261 5144 tium
277 5086 332 5143 hoc
354 5085 416 5140 loco
431 5081 597 5156 praeposito,
621 5097 687 5137 eom
709 5097 775 5137 cnm
788 5081 892 5137 litteris
906 5086 936 5136 et
950 5097 1033 5136 man·
1087 5087 1227 5153 colantes,
1250 5090 1366 5156 accepto
1388 5085 1471 5155 prius
1494 5085 1651 5142 adominis
1666 5085 1930 5141 subcommissariis

187 5175 262 5232 datis
288 5173 441 5230 vicariatus
474 5178 503 5228 et
538 5170 784 5227 commissariatus
812 5169 941 5237 nonrinc,
975 5185 1035 5226 una
1088 5174 1208 5232 solemni
1218 5175 1395 5246 linamento,
1410 5173 1487 5246 quod
1505 5189 1553 5232 ees
1570 5174 1601 5230 in
1621 5173 1693 5230 locis
1710 5173 1827 5239 debitis,
1840 5173 1931 5233 archi·

1091 4555 1216 4611 lebretur
1238 4558 1270 4610 ll
1298 4555 1483 4628 Septembris.
1509 4557 1578 4612 ltem
1603 4556 1639 4613 de
1668 4556 1768 4612 eadem
1795 4561 1934 4614 costulam

1090 4659 1174 4699 unam
1190 4661 1223 4698 ac
1237 4644 1272 4698 de
1289 4642 1372 4716 spina
1401 4644 1529 4714 ejusdem
1560 4645 1654 4700 :item
1681 4660 1746 4700 ossa
1768 4643 1828 4700 duc
1851 4645 1887 4700 de
1909 4645 1934 4698 S.

222 5333 279 5400 (40)
294 5331 386 5404 Bioga
410 5327 457 5388 liic
480 5330 645 5403 appellatur
664 5326 764 5386 civitae
786 5325 919 5397 tidboldi,
943 5326 1034 5399 patris
1088 5327 1180 5386 aban.
1201 5329 1269 5384 lidll
1283 5341 1375 5402 usqua
1397 5328 1433 5385 ed
1453 5343 1500 5384 an.
1526 5329 1783 5399 illaqueemur
1811 5328 1930 5384 apale·

187 5403 271 5459 &ltu
310 5403 357 5459 rti.
1088 5399 1162 5454 stine
1176 5399 1291 5456 obiitin
1311 5399 1402 5456 ltalia.
1427 5402 1464 5454 At
1485 5397 1515 5456 S.
1537 5399 1719 5471 llildegardia
1746 5399 1818 5454 visit
1840 5415 1931 5474 usqua

222 5473 264 5543 (il
301 5473 482 5527 llermauuus
505 5469 623 5543 prefuit
642 5468 771 5526 moleste
793 5467 1032 5526 llildealaeimensi
1089 5469 1245 5526 adaunum
1261 5473 1339 5528 llll.
1372 5485 1375 5491 ·
