3984 6034
74 242 130 297 857
400 240 503 297 LIBER
520 240 674 299 lllVlXOli.
696 242 801 303 OPER.
822 242 992 303 stltetlcts
1010 241 1170 303 noctuis.
1183 239 1313 299 -PARS
1330 240 1353 308 Ι,
1372 238 1464 298 VISIO
1482 240 1527 296 lll.
1777 244 1830 299 858

74 370 168 427 bomo
189 370 284 443 legem
307 368 338 426 in
356 375 501 442 praecepto
526 371 635 443 accepit
656 389 743 446 quam
766 390 818 447 per
837 374 930 432 consi·
946 378 970 434 Δ
984 374 1030 432 Sic
1048 374 1146 447 itaque
1170 371 1333 430 stomachus
1353 376 1429 427 recte
1453 370 1633 444 dispensator
1656 372 1829 445 receptionis

76 460 151 513 lium
180 458 321 529 serpentis
353 459 525 530 repudiavit.
551 460 605 526 Qui
627 466 692 533 post
714 463 926 533 pravaricatio·
980 469 1010 519 et
1023 462 1183 519 emissionis
1196 461 1326 517 ciborum
1343 463 1395 515 cst.
1418 460 1489 515 Gom
1513 459 1600 516 etiam
1622 460 1720 516 anima
1743 461 1829 533 ignea

76 562 145 601 nam
162 546 299 617 precepti
315 544 364 601 [lei
386 546 415 602 in
431 548 563 604 exsilium
580 548 656 605 istud
677 552 822 621 expulsus,
840 568 926 625 para·
980 550 1008 605 vi
1027 567 1080 606 sua
1094 551 1240 605 homiuem
1263 550 1303 604 ita
1316 549 1494 621 superaverit
1516 553 1549 604 ut
1567 566 1584 603 a
1599 549 1764 605 carnalibus
1779 550 1828 604 de·

77 633 176 689 disum
200 634 360 689 inhabitare
392 651 450 690 non
477 637 580 706 potnit,
603 638 639 692 ad
669 653 757 709 quem
780 640 927 695 tamenin
980 637 1094 695 sideriis
1109 636 1296 711 etapropria
1309 636 1456 691 voluntate
1470 652 1522 691 sua
1540 636 1711 691 abstinendo
1724 652 1754 691 se
1769 651 1828 692 ma·

77 722 180 775 multis
212 722 342 794 suspiriis
366 722 520 777 anhelavit.
548 724 583 779 Ut
612 724 698 780 etiam
726 726 833 795 anima,
859 743 926 783 cum
981 732 1067 794 cerat,
1084 732 1152 781 tuuc
1165 741 1218 797 per
1232 724 1445 795 suggestionem
1469 722 1575 778 diaboli
1592 724 1727 795 superbia
1744 723 1828 779 intla-

76 820 133 876 ρει
155 821 258 877 corpus
283 812 416 878 superata
444 808 538 877 luerit,
572 809 697 881 plurima
724 813 846 884 suspiria
875 814 926 869 do·
981 818 1038 882 tus,
1060 814 1131 868 alios
1153 813 1316 885 spameudo
1336 825 1411 882 serpe
1431 809 1550 866 dicitzu
1573 810 1693 867 Sanctus
1715 828 1779 866 sum
1800 816 1828 867 et

77 892 167 947 lando
188 894 278 948 trabit
299 908 305 949 :
324 895 373 950 sed
395 911 460 950 cnm
484 896 555 952 illud
577 897 725 955 desideriis
740 910 852 957 naturae
867 918 927 957 sure
981 903 1016 957 ab
1040 901 1176 957 omnibus
1201 900 1312 956 laudari
1343 904 1372 954 et
1394 899 1531 955 honorari
1557 899 1661 954 merito
1687 899 1788 955 debeo.
1811 918 1827 951 ι

77 980 250 1049 subdiderit,
275 980 304 1035 in
321 998 426 1055 magno
446 984 551 1054 gaudio
567 986 690 1042 laetatur.
714 989 747 1043 st
764 988 838 1045 siout
851 993 927 1045 terra
981 990 1083 1062 Sisque
1105 990 1195 1045 oculis
1218 988 1323 1044 animae
1338 987 1400 1057 ejus
1422 1004 1474 1059 per
1490 987 1654 1057 superbiam
1668 986 1826 1056 obcecatis,

77 1066 110 1121 in
141 1067 248 1139 frigore
272 1068 344 1124 etin
367 1070 459 1126 calore
479 1072 586 1128 tructus
606 1090 672 1129 suos
693 1092 750 1131 non
779 1078 929 1149 aequaliter
982 1095 1034 1151 pro
1058 1078 1148 1133 nimia
1171 1076 1285 1132 tristitia
1299 1075 1437 1149 gaudium
1462 1079 1491 1130 et
1515 1076 1629 1130 coeleste
1654 1074 1827 1131 desiderium

77 1156 200 1225 profert,
227 1156 267 1211 sic
289 1156 374 1212 etiam
399 1160 461 1230 ipsa
477 1162 550 1215 male
573 1165 601 1216 ει
621 1162 695 1218 bene
719 1165 863 1235 operando
886 1165 928 1219 in·
981 1166 1088 1221 habere
1103 1181 1162 1220 non
1192 1168 1294 1235 potest,
1320 1167 1349 1218 et
1371 1163 1434 1217 ideo
1450 1163 1480 1217 in
1504 1162 1568 1233 ipso
1587 1162 1830 1218 hominaturbeta

78 1242 203 1314 mqualis
216 1258 303 1313 opera
319 1244 413 1299 babet.
430 1246 468 1301 Ex
481 1251 584 1302 natura
603 1264 728 1323 namque
744 1251 807 1319 ista,
823 1252 853 1306 in
871 1268 928 1325 qua
981 1253 1073 1309 dicit:
1091 1274 1105 1303 ε
1122 1253 1190 1321 Ach,
1215 1253 1277 1320 ach,
1304 1267 1357 1323 ego
1372 1266 1424 1322 per
1437 1251 1575 1305 fetentem
1596 1248 1760 1321 superbiam
1774 1249 1829 1302 ob-

78 1330 179 1384 anima
196 1345 376 1403 percorpus,
398 1336 427 1388 et
448 1350 550 1406 corpus
566 1351 618 1406 per
634 1337 759 1393 animam
780 1355 855 1410 saepe
878 1356 927 1394 su·
981 1346 1086 1396 cacata
1100 1340 1263 1397 coelestihas
1279 1338 1439 1407 desideriis,
1451 1338 1481 1393 in
1497 1337 1602 1409 quibus
1618 1338 1708 1393 heum
1725 1336 1830 1392 vidiat

78 1422 208 1488 perator,
234 1418 322 1473 homo
344 1420 425 1475 illam
447 1437 549 1492 puram
565 1422 651 1479 tidem
672 1441 853 1499 nequaquam
880 1425 928 1481 ha·
981 1429 1108 1485 intellexi
1130 1428 1287 1500 despoliata
1310 1444 1413 1482 som·
1438 1426 1519 1481 Unde
1542 1425 1628 1481 etiam
1656 1426 1754 1491 homo,
1778 1423 1829 1496 qui

78 1505 149 1560 bere
171 1510 267 1577 potest
286 1522 339 1578 per
366 1524 452 1579 qnam
473 1510 533 1580 ipse
558 1517 685 1568 montem
709 1514 819 1569 elevare
843 1520 873 1570 et
897 1514 927 1571 iu
981 1533 1039 1573 non
1052 1532 1105 1589 per
1114 1531 1229 1571 carnem
1246 1520 1275 1569 et
1288 1515 1468 1586 sanguinem,
1485 1514 1533 1568 sed
1548 1529 1601 1585 per
1617 1513 1692 1567 vires
1713 1512 1828 1580 animae,

78 1608 160 1648 mare
179 1593 292 1649 mittere
315 1596 414 1667 possit,
437 1602 471 1652 ut
492 1598 631 1655 Dominus
653 1600 801 1673 discipulis
816 1602 874 1657 sais
892 1602 927 1658 de
982 1620 1039 1677 qua
1054 1606 1144 1660 Deum
1171 1604 1224 1659 scit
1238 1607 1266 1658 et
1282 1603 1380 1670 sentit,
1402 1602 1480 1659 bona
1502 1606 1650 1673 operatur,
1674 1600 1829 1655 elationem

79 1696 171 1753 grano
184 1681 292 1753 sinapis
312 1682 433 1754 dicebat,
457 1688 486 1740 et
508 1702 596 1758 quam
619 1688 710 1743 Adam
726 1689 827 1745 hebuit
839 1706 928 1763 quan·
947 1665 1013 1749 Biu
1027 1692 1111 1748 honis
1126 1692 1262 1764 operibus
1283 1690 1503 1760 diligentissime
1524 1692 1631 1760 caveat,
1657 1704 1694 1743 ue
1721 1704 1773 1761 per
1795 1687 1830 1743 il·

80 1770 118 1825 do
148 1770 321 1825 invisibilem
353 1773 511 1828 claritatem
544 1774 595 1830 Dei
623 1777 809 1833 exterioribus
837 1778 927 1834 oculis
981 1780 1301 1853 lamprvemiaaeternre
1316 1777 1638 1834 beatitudinisamittat.
1655 1776 1733 1832 Sicut
1751 1774 1830 1831 enirn

79 1856 140 1911 suis
151 1856 274 1926 videbat,
286 1858 317 1914 in
331 1873 387 1931 qna
400 1876 580 1933 qnaecnnqoe
592 1864 678 1919 vellet
691 1880 721 1921 se
736 1882 819 1937 posse
834 1866 927 1922 lacera
980 1869 1069 1924 bomo
1089 1869 1113 1923 si
1128 1868 1207 1923 cibus
1221 1868 1366 1938 superflue
1381 1865 1425 1920 vel
1446 1866 1470 1919 si
1488 1864 1583 1919 miuus
1603 1863 1764 1919 necessario
1787 1878 1831 1917 re·

79 1960 139 2000 non
155 1946 313 2002 dubitabat.
329 1946 382 2003 Sed
397 1954 463 2019 post
477 1950 751 2021 praevaricationem,
768 1968 821 2009 nec
834 1953 928 2010 Adam
981 1955 1100 2028 ceperit,
1113 1972 1179 2010 curo
1194 1955 1256 2027 ejus
1276 1954 1452 2022 infirmatur,
1471 1952 1512 2008 sic
1537 1952 1622 2007 etiam
1652 1951 1749 2006 anima
1777 1966 1831 2022 per

80 2048 134 2089 neo
158 2034 232 2090 ultus
251 2034 401 2091 bominum
423 2038 503 2105 ¹hunc
528 2036 667 2096 visionem
689 2040 795 2097 habere
823 2042 926 2114 potuit.
981 2044 1137 2102 eletionem
1167 2041 1310 2115 superbia
1337 2044 1366 2096 et
1399 2057 1452 2113 per
1478 2040 1598 2094 nimiam
1625 2037 1829 2094 abstinentiam

80 2122 162 2177 Unde
182 2122 275 2177 tidelis
299 2123 387 2179 homo
411 2140 478 2181 cum
501 2125 634 2183 interiori
656 2128 717 2185 visu
742 2130 848 2186 animm
868 2147 926 2186 sure
982 2150 1047 2207 qnae
1069 2112 1132 2188 sine
1154 2132 1326 2187 discretione
1347 2134 1399 2198 est,
1425 2130 1530 2186 delicit.
1553 2128 1659 2185 Anima
1683 2144 1830 2201 veroquas

80 2208 112 2263 in
127 2209 242 2279 speculo
259 2210 326 2265 tidei
341 2210 375 2265 ad
395 2214 484 2267 ileum
499 2214 642 2285 respiciat,
659 2223 688 2271 et
702 2217 737 2273 ab
750 2234 784 2273 eo
800 2218 849 2290 qui
865 2236 926 2275 om·
981 2238 1086 2293 eorpus
1101 2221 1233 2288 viviticat,
1259 2225 1288 2275 et
1301 2235 1366 2291 quoe
1387 2220 1478 2274 Deum
1505 2217 1536 2273 in
1553 2217 1693 2273 trinitate
1710 2216 1830 2272 unitatis

79 2296 130 2351 nia
144 2301 239 2368 potest
257 2314 287 2353 se
312 2300 415 2354 salvari
428 2301 563 2356 contldat.
584 2304 617 2357 ln
638 2320 695 2375 qna
710 2304 764 2361 tide
779 2307 864 2361 multi
878 2307 927 2363 de·
981 2309 1127 2381 intelligit,
1142 2308 1260 2364 humilis
1275 2307 1392 2379 spiritus
1412 2310 1463 2370 est,
1482 2305 1733 2377 humilitatemque
1749 2321 1831 2361 snam

80 2384 188 2439 sideria
210 2386 304 2441 carnis
326 2404 386 2443 snm
412 2389 612 2447 mortificando
635 2392 761 2463 plurima
783 2394 866 2466 signa
885 2395 929 2451 le·
982 2396 1012 2452 in
1024 2396 1151 2471 pueritia
1164 2394 1290 2450 hominis
1305 2392 1440 2461 ostendit,
1454 2393 1503 2465 qui
1526 2392 1651 2448 necdum
1666 2392 1831 2465 superbiam

80 2476 191 2527 camut.
981 2485 1026 2539 vel
1042 2484 1142 2539 odium
1156 2484 1187 2537 in
1202 2487 1287 2555 gustu
1306 2486 1489 2552 peccaturum
1507 2480 1603 2536 babet.
1620 2483 1652 2535 ln
1667 2497 1726 2553 quo
1741 2481 1831 2536 etiam

81 2578 155 2645 unta
177 2582 247 2635 sicut
263 2594 337 2635 uene
359 2581 459 2645 cordis,
483 2583 583 2653 jecoris
606 2588 631 2639 ee
658 2586 805 2655 pulmones,
829 2586 867 2641 ad
888 2604 928 2644 re.
983 2573 1083 2629 tandiu
1104 2573 1218 2626 laetatur
1240 2585 1391 2641 quousque
1411 2569 1489 2624 idem
1512 2569 1600 2624 homo
1621 2584 1674 2642 per
1689 2568 1832 2624 desideria

117 2652 265 2717 ceptionem
286 2652 329 2705 εει
351 2656 518 2709 emissionem
537 2656 658 2710 ειὸενιιιιι
679 2658 815 2712 stomacho
836 2658 929 2713 subuc-
981 2660 1075 2716 carnis
1098 2659 1134 2713 ad
1158 2663 1273 2730 peccata
1304 2660 1462 2723 moveatur,
1485 2672 1537 2727 pro
1561 2656 1667 2728 quibus
1693 2656 1756 2729 ipsa
1781 2656 1830 2711 do·

116 2722 206 2786 uiuat,
233 2726 258 2775 θ’
285 2720 370 2776 tidem
394 2726 530 2779 ⁸⁸⁰m⁰⁶h⁰
559 2728 863 2783 ⁶⁰'tit'mtfll'01m'mt'st
886 2744 928 2783 ’θ’
981 2746 1068 2803 lando
1105 2761 1219 2817 semper
1246 2746 1431 2801 lamentator.
1459 2744 1515 2799 Nec
1555 2743 1633 2799 enim
1671 2743 1830 2800 secundnm

113 2792 592 2936 Ξξῗᾶᾍᾞᾝᾌῗὲεοεὶἱξῖᾏ
605 2799 929 2933 ‘'zadeesipfssgbmefflzn
981 2834 1156 2891 desideriam
1172 2840 1282 2890 naturae
1298 2848 1358 2887 sues
1371 2832 1402 2887 in
1421 2831 1502 2887 hctiti
1524 2847 1589 2887 vase
1610 2832 1737 2904 corporis
1757 2847 1830 2889 nun·

118 2930 193 2985 doct
221 2934 247 2986 si
279 2946 377 3001 empus
415 2935 505 3005 ipsum
532 2935 669 2992 desiderio
696 2942 790 2994 cornis
824 2952 928 3011 semper
947 2940 1071 3008 ansm
1094 2922 1218 2994 pleniter
1232 2920 1346 2993 operari
1360 2925 1466 2992 potest,
1489 2936 1554 2976 cum
1573 2935 1639 2975 caro
1654 2920 1788 2976 exsilium
1803 2924 1831 2975 et

118 3004 196 3070 sequi
206 3006 384 3071 permitteret.
983 3014 1076 3085 ipsam
1102 3012 1189 3067 vitam
1211 3014 1332 3083 quierat,
1355 3010 1403 3064 sed
1419 3024 1534 3079 corpus,
1557 3024 1614 3079 qno
1629 3013 1766 3079 peccante
1781 3024 1831 3063 sm-

120 3088 232 3145 LXXltl.
259 3091 331 3146 Nam
352 3096 381 3147 ει
405 3091 442 3147 de
469 3093 564 3161 corde,
591 3098 620 3149 et
644 3094 680 3151 de
703 3094 811 3167 jecore,
840 3100 869 3151 et
894 3097 930 3153 de
983 3116 1020 3173 pe
1041 3099 1191 3172 altligitur,
1224 3097 1375 3153 immunda
1399 3097 1440 3152 itti
1461 3100 1490 3152 et
1519 3096 1608 3152 fetida
1626 3100 1743 3168 peccata
1765 3112 1830 3151 cnm

84 3178 232 3249 pulmone,
248 3180 381 3251 quaedam
401 3196 483 3237 venae
502 3181 583 3253 quasi
603 3182 706 3239 listulas
725 3185 928 3253 extenduntur,
984 3188 1083 3245 dolore
1099 3186 1291 3259 proponendo
1309 3184 1421 3256 aflligit,
1440 3188 1527 3256 atque
1550 3184 1651 3240 eadem
1666 3188 1783 3253 peccata
1800 3183 1831 3239 in

85 3282 150 3338 quaa
179 3267 213 3321 ad
242 3267 438 3340 receptionem
471 3274 501 3324 et
525 3270 561 3325 ad
585 3270 770 3327 emissionem
799 3272 930 3329 ciborum
983 3276 1101 3331 tristiu'a
1124 3289 1297 3346 cognoscere
1320 3273 1398 3328 lacit.
1424 3273 1593 3328 Stomachus
1617 3272 1695 3328 cnim
1715 3271 1766 3344 qni
1791 3271 1830 3325 ci·

85 3354 230 3410 stomacho
242 3355 444 3413 subvenientes
464 3357 578 3413 adsunt.
595 3359 629 3413 ln
644 3360 720 3415 hona
734 3360 851 3417 modum
872 3362 932 3417 ani·
983 3364 1036 3420 bos
1060 3362 1173 3433 recipit,
1199 3378 1272 3433 quos
1300 3360 1407 3415 iterum
1433 3360 1465 3415 in
1491 3359 1583 3415 latore
1605 3360 1721 3428 emittit,
1742 3360 1832 3415 bomi-

85 3456 141 3509 ma,
158 3458 223 3513 qne
248 3458 354 3515 magna
377 3444 407 3499 vi
429 3460 532 3517 corpus
556 3448 634 3518 qnod
654 3448 798 3505 dormiens
821 3449 931 3505 invenit
983 3466 1051 3507 nem
1066 3450 1161 3523 quiin
1187 3448 1310 3520 peccatis
1332 3448 1490 3503 delectatur
1508 3447 1659 3519 significat,
1685 3453 1715 3504 et
1733 3454 1833 3520 postea

85 3530 291 3599 exsuscitetis
315 3532 411 3587 multis
425 3532 578 3589 itineribus
593 3534 652 3589 suis
674 3537 764 3592 [teum
783 3538 879 3593 sentit.
898 3540 931 3593 tu
984 3555 1036 3613 per
1056 3538 1255 3611 paenitentiam
1279 3536 1309 3591 in
1330 3536 1491 3591 molestiam
1517 3540 1698 3608 peccatorum
1713 3551 1831 3592 conver·
1924 3533 1927 3539 ’

85 3618 329 3689 quemadmodum
343 3636 422 3677 venes
447 3622 593 3679 stomacho
609 3623 722 3692 adsunt,
738 3640 805 3681 cum
825 3626 931 3698 impla·
984 3628 1067 3681 titur.

86 3719 131 3760 tur
155 3710 184 3762 et
216 3712 379 3780 evacuatur,
404 3708 445 3765 sic
466 3711 529 3782 ipsa
554 3712 678 3768 inomni
702 3713 779 3770 bono
803 3720 832 3769 et
853 3714 930 3771 malo
984 3731 1063 3801 Quod
1085 3732 1156 3786 ,scm
1177 3728 1320 3785 umbilicus
1339 3728 1459 3784 omnium
1481 3728 1643 3783 inmas-um
1663 3728 1717 3783 θεὸς
1740 3728 1832 3785 adm.

85 3794 195 3851 homini
217 3795 306 3865 adest,
332 3797 372 3853 ita
400 3802 432 3853 nt
457 3798 544 3856 humo
571 3800 766 3873 cogitationes,
793 3801 931 3860 duritiam
1019 3804 1139 3858 rentium
1162 3799 1297 3869 fortitudo
1321 3804 1346 3854 et
1359 3798 1478 3855 ambitus
1492 3804 1572 3852 terra
1585 3802 1743 3853 ceterorum
1757 3814 1832 3855 crec-

86 3883 204 3939 malitias
226 3889 254 3939 ct
284 3885 434 3943 mollitiem
459 3889 581 3944 carnalis
609 3888 744 3945 desiderii
764 3890 930 3963 incipiendo
1021 3880 1147 3929 ‘mmm
1176 3870 1372 3995 ’'iim‘missm
1399 3871 1505 3953 imni
1536 3871 1576 3923 ⁸5⁰
1590 3870 1832 3995 ,ffrunivmgmm

85 3974 369 4047 etpertlciandoper
391 3980 753 4046 eamcxercea13etsicut
779 3981 931 4053 sanguinei
1019 3960 1081 4070 2⁸¹3
1100 3956 1325 4078 maffia}
1351 3954 1592 4081 {manaim
1615 3954 1832 4081 ,ζρέἔὲἱηρῗῃῗξ

86 4060 170 4117 rivuli
195 4062 231 4117 ad
255 4064 435 4121 stomachum
454 4072 586 4133 currunt,
604 4068 645 4123 sic
665 4068 727 4139 ipsa
748 4068 857 4125 viribus
871 4070 932 4127 suis
1021 4088 1088 4156 quia
1100 4099 1205 4152 mappa
1225 4083 1360 4139 dasianus,
1385 4084 1422 4137 εει
1444 4083 1515 4136 inm
1531 4079 1579 4135 tos
1600 4083 1650 4149 qua·
1669 4096 1721 4150 per
1738 4082 1832 4137 θιαιῑρ.

86 4154 179 4205 totum
213 4167 318 4223 corpus
350 4155 515 4223 pertransit.
554 4155 635 4212 Sicut
667 4160 755 4215 etiam
785 4162 931 4217 stomacho
1020 4160 1115 4212 nemer
1130 4154 1236 4225 hosqui
1249 4168 1297 4222 per
1310 4152 1503 4221 contegentium
1519 4151 1688 4220 delinquunt.

85 4253 143 4293 non
158 4240 315 4308 prodesset,
338 4242 362 4296 si
390 4258 504 4313 semper
532 4245 634 4317 plenus
654 4246 697 4301 vel
718 4264 824 4303 vacuas
844 4250 928 4318 toret,
951 4237 972 4293 ὓ
1021 4243 1189 4299 uxultet
1217 4240 1353 4296 umbilico
1375 4240 1473 4295 omnia
1494 4239 1632 4295 interiora
1651 4239 1758 4295 ventris
1780 4239 1832 4295 ad·

86 4325 125 4379 sic
140 4326 227 4382 etiam
250 4328 354 4385 animae
375 4330 497 4399 obesset,
519 4332 659 4404 sicorpus
677 4334 708 4389 in
732 4335 840 4391 deliciis
854 4336 929 4391 desi·
984 4331 1106 4397 herent,
1129 4330 1202 4385 sicat
1225 4334 1254 4384 et
1277 4329 1312 4384 ad
1333 4328 1485 4383 circuitum
1507 4331 1593 4383 terrae
1619 4326 1739 4399 reliquas
1754 4344 1833 4382 crea-

85 4412 229 4470 deriorum
258 4417 352 4471 carnis
376 4433 489 4485 semper
513 4419 631 4487 viveret,
657 4422 792 4493 quoniam
814 4424 845 4479 in
865 4424 931 4479 viri·
985 4425 1059 4476 turm
1091 4418 1256 4490 respiciunt,
1281 4417 1349 4489 qnia
1381 4416 1533 4471 umbilicus
1566 4415 1704 4471 tortitudo
1727 4413 1834 4470 ventris

85 4502 138 4559 bus
166 4505 289 4560 esuriem
325 4506 533 4563 desideriorum
569 4514 680 4566 naturre
709 4527 768 4567 snas
796 4513 930 4570 babendo
985 4514 1038 4576 est,
1063 4508 1136 4562 sicut
1155 4511 1184 4563 et
1206 4506 1330 4561 ambitus
1353 4509 1437 4560 tarrae
1468 4504 1681 4575 receptaculum
1714 4509 1833 4559 caetera·

87 4590 229 4657 detineret,
253 4597 286 4649 ut
314 4592 400 4649 etiam
429 4611 513 4651 sensu
537 4599 565 4651 et
587 4612 708 4669 corpore
734 4614 808 4672 saepe
823 4600 929 4671 deficit,
985 4613 1051 4653 rum
1071 4600 1267 4652 ereaturarum
1287 4593 1391 4662 existit,
1408 4593 1463 4648 hoc
1486 4592 1707 4665 designatquod
1725 4592 1832 4660 anima,
1883 4647 1892 4657 ,

85 4680 134 4752 qni
148 4679 178 4736 in
193 4680 372 4753 pinguedine
386 4682 551 4739 camissuas
565 4683 742 4743 incessanter
755 4694 863 4759 peccat.
985 4700 1051 4757 quae
1070 4683 1220 4740 mediatrix
1254 4682 1382 4737 omnium
1418 4697 1539 4752 opernm
1571 4681 1699 4736 hominis
1722 4684 1774 4748 est,
1802 4681 1834 4736 in

85 4788 242 4855 Quiosicut
262 4788 461 4845 conclametis
487 4790 597 4845 laeditur
620 4794 646 4846 si
668 4793 710 4847 uel
730 4796 867 4863 rupetae
889 4796 932 4851 uel
986 4771 1089 4828 ΜΨ
1112 4776 1141 4827 θῗ
1174 4768 1257 4826 b⁰¹¹i⁸
1286 4768 1423 4841 ⁰P²fib¹¹³
1446 4768 1562 4867 ¹¹⁰⁰·511
1583 4784 1624 4867 ἦθ’
1648 4768 1696 4824 ”d
1719 4766 1750 4823 5¹¹
1775 4768 1833 4824 ⁰²⁰

120 4860 211 4912 miuus
234 4860 386 4913 necessario
400 4860 521 4915 ethorum
540 4862 671 4917 alimento
683 4866 829 4933 percipiat,
847 4868 887 4920 sic
906 4871 931 4921 et
985 4860 1149 4917 confitendo
1172 4858 1290 4931 gaudet,
1310 4863 1340 4913 et
1357 4856 1388 4911 in
1412 4861 1535 4928 peccatis
1551 4856 1655 4927 anbus
1680 4872 1729 4912 vas
1748 4872 1834 4912 suum

120 4932 213 4983 atim
234 4933 259 4983 δι’
280 4930 342 4997 ptus
363 4930 404 4985 vel
428 4933 520 4987 minus
537 4932 614 5001 josto
638 4933 804 4989 dsslt’t'tlt'tmt'
825 4936 867 4991 ²³⁸1
887 4952 930 4992 tt·
984 4948 1157 5021 implicitum
1173 4962 1233 5001 esse
1255 4943 1401 5017 cognoscit
1421 4942 1615 4999 erubescendo
1636 4944 1834 5013 contristatur,

120 5000 436 5140 ffiiss’gciffigfflisfeg‘
448 5003 931 5143 Ιὲἕξιῗρέιοὲΐΰοεὴξὲᾖᾭᾜοεὴὲᾅῖ
985 5053 1038 5109 ρει
1056 5052 1142 5109 qnam
1165 5034 1308 5091 tristitiam
1332 5033 1409 5088 idem
1426 5048 1486 5100 vas,
1507 5030 1616 5087 scilicet
1636 5046 1750 5104 corpus,
1765 5046 1834 5103 qua·

119 5156 178 5194 nem
197 5140 246 5210 qm·
269 5143 299 5196 in
321 5146 439 5211 pennatus
453 5142 612 5214 delectatur,
629 5146 677 5201 „d
695 5151 790 5216 poma
809 5162 858 5216 pe,
875 5163 932 5217 poe,
985 5126 1009 5179 si
1024 5126 1141 5181 stimulo
1168 5124 1281 5198 aflligit,
1297 5139 1352 5195 per
1367 5122 1443 5195 qnod
1462 5121 1548 5176 homo
1572 5120 1648 5221 intra
1670 5136 1700 5220 se
1719 5125 1835 5177 coactus

119 5212 264 5267 nitentium
276 5218 423 5282 pareatur,
438 5216 582 5284 siputttcet.
985 5213 1110 5269 dicits«
1131 5213 1224 5279 Quare
1248 5214 1345 5269 anima
1372 5227 1438 5267 mea
1459 5227 1512 5282 pro
1535 5215 1660 5282 peccatis
1674 5226 1705 5264 vn
1728 5210 1834 5280 quibus

120 5298 238 5354 LXXXV.
265 5298 294 5356 si
316 5298 407 5371 igitur
420 5298 477 5355 cibi
492 5301 644 5372 snperssne'
657 5302 846 5375 accipiuntur,
865 5318 931 5359 caru
985 5307 1161 5370 natussum,
1178 5306 1239 5357 eta
1259 5303 1365 5375 quibus
1385 5317 1431 5357 me
1454 5300 1601 5356 continere
1622 5314 1680 5353 non
1705 5314 1832 5372 possum,

85 5385 209 5441 hominis
223 5402 259 5443 ex
280 5386 401 5459 indiguo
424 5388 513 5445 livore
531 5389 709 5460 infirmatum
727 5393 769 5449 vel
789 5392 814 5448 si
835 5392 931 5449 minus
985 5406 1033 5447 me
1057 5395 1170 5447 tantum
1195 5391 1352 5459 contristat,
1383 5406 1448 5446 cnm
1472 5406 1506 5445 ea
1529 5393 1594 5446 aute
1623 5386 1713 5448 tinem
1736 5402 1834 5477 mcum

85 5474 245 5531 necessario
273 5480 439 5547 sumuntur,
467 5492 534 5533 caro
552 5478 583 5534 in
614 5478 726 5536 detecta
753 5484 928 5536 attenuatur.
986 5478 1140 5536 emendare
1159 5478 1322 5535 conttdamt
1338 5500 1349 5530 ι
1366 5478 1411 5535 Sic
1424 5492 1541 5553 quoqne
1563 5476 1652 5534 homo
1679 5476 1709 5533 in
1731 5492 1834 5549 pecca-
