3984 6034
163 241 215 297 atr
889 225 917 279 S.
938 216 1175 280 ultuuuattbts
1710 244 1713 249 -
1856 207 1915 264 '²48

164 385 269 442 magna
292 364 420 423 claritate
444 378 495 418 sua
522 360 610 415 alium
635 356 722 413 deum
757 354 905 425 eligerent.
929 351 1008 408 Unde
1025 348 1191 405 Abumeris
1205 346 1255 402 illa
1268 360 1333 417 quse
1354 346 1451 416 portat
1470 345 1618 398 sustentat.
1644 340 1714 396 Nam
1739 340 1772 395 in
1791 340 1918 396 scientia

163 459 193 514 in
214 457 346 515 tenebras
370 451 543 516 ceciderunt,
565 447 726 504 adtentum
747 442 1010 516 impossibilitatem
1062 436 1209 495 charitatis
1230 436 1318 491 bomo
1340 438 1384 487 ast
1406 431 1504 487 anima
1518 435 1548 485 et
1562 445 1681 500 corpore
1697 429 1734 485 sd
1754 428 1916 501 plenitudi-

163 546 282 614 radacti,
297 549 330 601 ut
344 543 373 597 in
397 541 478 597 nulla
502 542 634 593 creatura
659 534 817 607 quidquam
831 533 924 587 tacere
945 546 1010 601 pos
1062 542 1129 582 nem
1150 521 1325 597 integritatis
1349 520 1514 593 perductas,
1535 517 1664 591 quamvis
1687 533 1704 571 a
1728 521 1805 573 statu
1826 522 1917 573 rectae
1980 551 1981 574 r

163 636 231 705 sint,
253 633 311 690 nisi
330 635 472 703 quantum
497 625 570 682 aisa
592 626 725 681 creatore
749 638 801 677 suo
820 619 1008 693 permittitur.
1062 614 1226 670 stabilitatis
1253 610 1401 668 multoties
1426 612 1585 663 moveatur.
1618 606 1709 670 Quem
1740 621 1808 661 aum
1837 605 1918 661 dona

163 724 234 781 Cum
253 721 332 777 enim
348 720 421 777 beas
437 716 563 789 primum
587 712 733 783 angelum,
758 708 807 782 qui
834 707 945 764 Lucifer
966 706 1009 761 di·
1063 701 1154 759 sancti
1173 700 1296 773 Spiritus
1314 698 1438 770 desuper
1466 695 1497 751 in
1516 711 1590 768 pura
1608 699 1638 749 et
1661 698 1759 750 sancta
1778 694 1917 765 largitate

163 817 225 868 mas
254 815 307 877 est,
332 822 399 863 cam
430 804 564 860 omnibus
600 797 776 856 ornamentis
812 802 1009 852 creaturarum
1064 790 1241 861 pertundunt
1255 788 1286 843 in
1301 785 1462 843 caelestibus
1476 782 1744 855 etinspiritalibus
1762 781 1917 838 abundan-
1962 814 1973 827 ·

163 916 228 973 qam
253 896 386 953 omnibus
420 891 558 948 creaturis
593 888 720 953 dederat,
746 886 787 941 ita
809 887 947 948 ornasset,
977 887 1012 937 ut
1062 883 1108 935 ter
1126 893 1191 933 eum
1219 877 1332 933 docent.
1358 876 1391 930 ln
1406 872 1530 929 terrenis
1557 888 1673 945 quoqne
1700 872 1736 928 ad
1757 872 1915 927 utilitatem

163 990 250 1045 etiam
264 990 359 1042 totum
380 997 483 1055 agmen
506 979 568 1051 ejus
590 978 658 1034 inde
678 975 861 1049 splendorem
881 973 1010 1039 baberet,
1063 966 1219 1040 corporalis
1240 962 1416 1021 necessitatis
1435 963 1492 1018 alio
1516 963 1603 1018 modo
1622 978 1689 1018 eam
1710 961 1857 1023 erudiunt,
1882 962 1916 1016 in

163 1078 224 1150 ipse
245 1077 275 1131 in
297 1071 473 1129 contrarium
496 1069 612 1135 vadens,
637 1064 803 1122 horribilior
825 1062 935 1119 cunctis
950 1062 1012 1115 bor·
1064 1055 1170 1127 quibus
1188 1058 1286 1109 tamen
1301 1068 1330 1107 se
1346 1052 1471 1108 debilem
1492 1055 1522 1105 et
1543 1048 1692 1105 infirmnm
1707 1054 1736 1104 at
1758 1050 1914 1105 mortalem

161 1160 296 1221 ribilibus
328 1162 419 1217 tactus
448 1162 501 1225 est,
528 1155 667 1230 qnoniam
700 1158 796 1209 sancta
819 1150 957 1208 Divinitas
980 1148 1012 1204 in
1063 1141 1211 1214 iutelligit,
1226 1141 1357 1215 quamvis
1372 1138 1579 1211 multiplicibus
1595 1137 1679 1193 donis
1696 1138 1759 1193 istis
1781 1137 1916 1193 munitus

163 1255 224 1310 zelo
240 1268 291 1311 suo
303 1251 385 1306 illum
399 1249 429 1303 in
444 1248 539 1302 locum
551 1244 674 1319 quisine
690 1244 752 1299 luce
767 1246 811 1297 est
820 1240 913 1312 ejecit.
1065 1231 1111 1286 sit.

163 1359 242 1429 Quod
255 1359 337 1415 bomo
350 1356 389 1411 ad
402 1351 592 1415 imitationem
605 1348 749 1407 Crantoris
761 1346 808 1402 eui
822 1363 854 1401 ce
869 1343 1010 1416 dirigens,
1064 1326 1143 1395 ΟΜ
1162 1325 1253 1381 Filii&
1276 1324 1329 1379 Dei
1341 1286 1478 1379 naturum
1508 1321 1701 1378 humanitatis
1721 1321 1828 1393 absque
1836 1339 1914 1448 pg-

198 1430 284 1503 quasi
298 1444 332 1484 cx
346 1426 473 1499 quadam
488 1422 602 1481 bestiali
625 1416 881 1475 irrationabilitate
895 1416 1011 1472 abstra—
1099 1394 1419 1467 ⁰⁰¹410095'1801'P2'ffl,
1432 1397 1460 1448 ⁶¹
1472 1394 1509 1475 5²²,
1515 1409 1604 1448 cmc
1611 1408 1768 1465 apparens,
1778 1393 1836 1465 pub

1098 1484 1152 1523 nos
1169 1472 1198 1523 ct
1211 1471 1374 1540 peccatores
1384 1466 1423 1519 ad
1433 1462 1631 1536 paenitentiam
1644 1463 1800 1531 meaverit,
1818 1467 1848 1518 et
1866 1480 1917 1518 eos

1100 1555 1135 1594 ea
1145 1538 1204 1605 fide
1216 1554 1270 1594 aaa
1276 1534 1490 1608 justificaverit.

1100 1628 1159 1683 llll.
1177 1626 1260 1692 Quod
1285 1631 1382 1680 autem
1408 1625 1505 1679 tunica
1534 1623 1641 1695 fulgori
1660 1622 1728 1677 solis
1753 1622 1842 1677 simili
1873 1622 1918 1677 in-

1065 1716 1172 1781 duitur,
1188 1714 1243 1770 boc
1266 1718 1309 1769 est
1332 1713 1410 1787 quod
1431 1713 1518 1768 Filius
1533 1712 1584 1767 llei
1598 1711 1628 1766 in
1652 1710 1791 1766 charitate
1811 1710 1917 1766 buma-

1065 1821 1136 1861 uum
1150 1819 1254 1874 corpus
1272 1802 1380 1874 absque
1405 1800 1484 1855 omni
1503 1799 1673 1872 contagione
1696 1800 1805 1871 peceati
1828 1800 1859 1855 in
1879 1801 1918 1855 si-

1064 1891 1229 1949 militudine
1251 1889 1474 1963 pulchritudinis
1497 1889 1566 1945 solis
1592 1888 1696 1956 induit,
1721 1888 1789 1960 quia
1811 1891 1845 1943 nt
1871 1890 1914 1945 sai

1064 1980 1213 2054 praeliis
1237 1979 1376 2035 creaturis
1397 1979 1427 2034 in
1450 1982 1531 2033 tanta
1559 1977 1711 2033 altitudine
1736 1979 1821 2042 lucet,
1846 1982 1914 2033 uta

1065 2068 1182 2123 nemine
1202 2068 1355 2123 hominum
1369 2066 1450 2138 tangi
1465 2065 1566 2137 possit,
1589 2065 1627 2119 ita
1643 2066 1730 2121 etiam
1744 2066 1914 2120 hnmanita-

1064 2161 1124 2211 tam
1143 2156 1207 2211 Filii
1224 2156 1276 2212 Dei
1303 2155 1450 2228 quomodo
1474 2155 1520 2222 sit,
1543 2155 1623 2210 nulla
1641 2154 1770 2209 bumana
1792 2154 1914 2209 scientia

1065 2244 1122 2300 nisi
1148 2244 1291 2301 eredendo
1323 2259 1426 2315 capere
1453 2242 1538 2298 valet.
1571 2244 1606 2298 ut
1631 2242 1663 2297 in
1685 2241 1821 2298 manibus
1853 2242 1915 2297 suis

1064 2348 1172 2405 Quum
1187 2333 1265 2387 velut
1279 2333 1373 2387 lucem
1388 2331 1445 2388 diei
1462 2332 1646 2403 splendidum
1660 2330 1755 2395 babet,
1773 2330 1914 2404 qnoniam

1064 2420 1189 2477 ebaritas
1202 2419 1234 2477 in
1254 2420 1391 2492 operibus
1408 2420 1471 2476 Filii
1495 2419 1546 2475 uei
1564 2417 1816 2474 mansuetudinem
1838 2436 1915 2475 verm

198 1506 270 1568 ctus,
280 1498 394 1572 fulgore
406 1491 562 1553 rationalis
570 1496 682 1549 natura
690 1486 951 1559 radiareinoiptat.

198 1590 245 1646 tx.
261 1588 342 1653 Quod
361 1600 428 1641 roro
449 1584 481 1639 iu
504 1580 671 1638 summitate
691 1580 813 1632 arcuatae
836 1571 1011 1629 incurvatio-

162 1678 217 1747 nis,
241 1676 365 1733 sinistrna
387 1674 440 1729 alm
461 1669 542 1745 quasi
564 1669 650 1724 iacies
672 1665 798 1723 bominis
812 1668 864 1730 est,
881 1677 946 1734 qum
956 1661 1012 1715 sic·
1031 1657 1052 1711 B

162 1772 195 1823 ut
215 1767 311 1838 lulgor
334 1762 482 1819 stellarum
505 1757 607 1825 radiat,
630 1755 686 1811 boc
708 1758 752 1809 est
779 1752 855 1825 quod
878 1748 1011 1820 inspice

161 1855 301 1912 vincentis
323 1847 547 1914 bumiliationis,
563 1861 629 1904 cum
654 1845 742 1899 bomo
757 1846 885 1896 terrenas
901 1853 1010 1904 causas,

162 1946 241 2001 velut
276 1942 305 1998 in
332 1938 446 1995 sinistra
472 1936 528 1991 sibi
562 1935 756 1998 adversantes,
793 1929 823 1983 in
849 1924 1012 1982 bumilitate

162 2030 296 2100 conterit,
321 2034 351 2084 et
373 2028 411 2083 ad
431 2023 629 2081 defensionem
655 2016 795 2076 Crantoris
817 2015 862 2070 sui
890 2030 919 2068 se
942 2027 1012 2067 con-

162 2122 257 2187 vertit,
274 2122 422 2190 aspectum
434 2112 562 2169 hominis
582 2109 681 2171 habet,
697 2106 765 2179 qsria
780 2119 839 2159 uon
852 2101 1012 2158 secuudum

163 2224 260 2283 pecus,
274 2207 322 2263 sed
341 2204 498 2261 secandum
515 2200 593 2273 qnod
607 2200 735 2254 bumana
756 2197 859 2249 natura
878 2206 945 2246 enm
959 2190 1011 2245 do·

162 2304 216 2364 cst,
234 2297 265 2352 in
279 2296 429 2351 honestate
450 2290 545 2344 virere
566 2284 676 2357 incipit.
698 2283 777 2338 Unde
804 2280 890 2335 etiam
914 2278 944 2333 in
967 2276 1012 2333 bis

160 2386 245 2458 justis
271 2382 406 2456 operibus
426 2380 533 2435 bonam
561 2374 753 2431 intentionem
778 2368 870 2425 cordis
898 2366 952 2434 sui,
979 2369 1012 2421 ut

164 2488 300 2531 0¹¹¹⁰¹¹¹¹¹¹
316 2469 500 2543 ΒΡῙΕΜῊΜ
513 2466 626 2521 ΜΝ
641 2460 777 2518 mmmm
1065 2509 1133 2565 lidei
1145 2509 1343 2581 superomnia
1363 2510 1506 2564 lucentem
1529 2506 1660 2579 protulit,
1684 2507 1735 2562 ubi
1757 2507 1793 2563 de
1814 2507 1916 2579 publi-

165 2578 290 2649 (tamdia
305 2577 389 2633 uerbo
412 2573 462 2631 Dei
470 2570 592 2629 dicentis
614 2591 628 2620 s
655 2566 722 2625 Fiat
742 2567 805 2630 lna,
828 2559 1012 2617 »rationalis
1121 2598 1127 2609 .
1353 2596 1359 2608 .

200 2651 261 2718 lux,
276 2648 308 2703 id
321 2650 363 2703 Μ
377 2644 476 2718 meh·
485 2640 577 2699 man·
591 2643 670 2707 m„
684 2644 713 2695 e,
725 2634 800 2709 quod
809 2650 844 2689 ex
856 2633 902 2689 M,
915 2648 935 2687 a
944 2632 1010 2686 bea,
1064 2614 1143 2652 cama
1167 2603 1196 2652 et
1219 2596 1417 2669 peccatoribus
1438 2602 1578 2667 martyres
1592 2600 1622 2650 et
1635 2596 1810 2651 confessores
1825 2601 1915 2667 atque

200 2720 320 2776 titudine
354 2716 524 2791 quibusdam
558 2709 735 2773 cadentibus,
757 2705 894 2762 Dominus
917 2702 1011 2759 aliam
1064 2686 1235 2757 lloefliiffliffl
1264 2685 1361 2757 ⁰¹⁰Siis
1393 2691 1423 2739 ⁰⁸
1451 2684 1501 2739 Ubi
1525 2683 1561 2739 ‘¹⁰
1589 2682 1686 2755 impii⁵
1710 2683 1805 2754 lu³¹⁰³
1834 2684 1914 2753 fecii·

199 2788 405 2848 rationabilem
425 2786 526 2852 vitam,
549 2799 611 2855 qna
628 2796 716 2837 carne
738 2779 888 2851 tegeretur,
914 2772 946 2827 id
969 2776 1012 2829 est
1065 2774 1309 2846 quemadmodum
1329 2773 1365 2829 da
1392 2772 1479 2828 Scuto
1501 2773 1636 2839 Paulum,
1657 2776 1800 2844 quatenns
1825 2789 1917 2845 super

94 2937 99 2947 ¹
200 2856 423 2944 nominemus·
437 2858 529 2913 mm
551 2858 578 2909 ²²
592 2851 717 2927 9²⁰⁷³⁰m
734 2849 883 2921 ²⁰P⁸⁰Wm
896 2842 1011 2901 ΟΜΝ·
1064 2878 1174 2933 pennas
1189 2868 1349 2929 ventorum,
1372 2863 1428 2918 boc
1453 2866 1497 2916 est
1513 2860 1543 2915 in
1563 2861 1707 2916 caelestem
1731 2862 1915 2917 harmoniam

200 2932 384 3001 rsslssessmi·
1029 2949 1204 3007 Cvolarent.
1230 2950 1275 3005 Sic
1298 2950 1422 3005 charitas
1448 2964 1520 3021 opus
1549 2965 1632 3004 suum
1656 2949 1797 3020 paulatim
1819 2954 1849 3003 et
1873 2950 1916 3005 di-

200 3021 231 3078 x'
250 3022 321 3076 Nam
346 3015 559 3115 quandf'.⁰⁰u⁸
582 3010 674 3111 ‘lust'
693 3008 762 3106 pm}
780 3005 840 3104 'fa‘
863 3002 1010 3057 mmm
1065 3039 1167 3094 atinate
1182 3038 1311 3111 perlecit,
1334 3038 1374 3093 ita
1389 3043 1422 3093 at
1440 3037 1521 3093 nulla
1539 3037 1720 3093 imbecillitas
1751 3038 1801 3094 sed
1816 3038 1915 3094 omnis

165 3110 393 3172 luxexortaest,
417 3100 646 3172 scaramangia,
670 3102 728 3193 tam
752 3094 794 3191 rili
818 3107 869 3191 qur
891 3106 956 3147 cum
975 3106 1010 3144 eo
1064 3127 1214 3200 plenitudo
1235 3126 1267 3181 in
1288 3143 1322 3182 eo
1343 3132 1419 3181 met
1457 3125 1535 3197 quod
1558 3125 1647 3181 homo
1667 3079 1730 3181 Μ’
1749 3126 1817 3182 facit
1886 3128 1892 3138 .

166 3200 196 3254 in
216 3198 334 3253 veritate
358 3190 547 3265 perstiterunt
569 3200 656 3257 quam
681 3182 723 3237 1111
746 3196 798 3253 qur
823 3196 853 3234 rn
878 3176 1011 3232 tenebras
1064 3232 1129 3271 cum
1154 3215 1202 3270 ine
1229 3214 1372 3270 modicam
1421 3166 1576 3269 ’ommim
1594 3228 1623 3267 m
1673 3214 1691 3268 Γ
1737 3213 1764 3269 ,ἀ
1786 3144 1914 3269 filiun}

165 3284 318 3343 exteriores
342 3281 404 3336 sine
425 3278 506 3334 omni
528 3278 591 3331 luce
613 3270 787 3336 ceciderunt,
812 3266 947 3339 quoniam
962 3279 1010 3317 ve·
1063 3302 1196 3359 habuerit
1241 3304 1288 3359 vix
1327 3230 1460 3368 suffigat,
1576 3229 1592 3268 θ
1655 3230 1744 3359 {¹¹:1⁰3
1799 3218 1914 3314 ²⁰¹0?OE

164 3390 229 3431 rum
246 3373 342 3428 lumen
359 3367 438 3441 quod
460 3370 633 3421 anteaavum
650 3360 758 3430 absque
781 3355 863 3410 initio
886 3350 1011 3409 iactari·
1086 3343 1271 3447 uinab’aliis
1294 3391 1388 3447 νῶι
1458 3318 1643 3446 Hq⁰⁰l¹l¹⁵qu⁰
1665 3319 1722 3403 ,ια
1771 3303 1912 3404 peram&

165 3460 499 3529 arcesseremusne
521 3441 1011 3534 negaverunt,etquiaquemdam
1064 3408 1146 3537 gem
1184 3480 1252 3552 quia
1284 3408 1375 3535 8ιίιὲ
1389 3407 1525 3535 ”augg
1549 3397 1739 3535 dzmgmmiffl
1761 3408 1792 3536 ⁵:
1820 3409 1914 3448 00ῦῦ-

165 3550 242 3624 qnod
256 3564 316 3605 esse
331 3563 386 3602 non
408 3539 571 3616 poenituit
588 3536 712 3592 similem
735 3533 828 3588 lacere
846 3532 1009 3585 voluerunt.
1048 3521 1168 3641 ·penni'⁵
1188 3584 1287 3624 cmm
1321 3569 1417 3624 volare
1442 3568 1572 3623 nondum
1597 3486 1915 3642 ρωρθξὲῐθβέἑῡὲωῗῑ

1290 3611 1297 3636 i
1735 3610 1743 3639 ,
1900 3602 1913 3611 .

164 3640 244 3695 Tunc
260 3639 334 3693 Deus
353 3634 439 3689 aliam
454 3630 553 3695 vitam,
566 3641 663 3700 quam,
681 3638 801 3693 corpore
820 3618 900 3686 texit,
915 3632 1012 3673 exsur-
1436 3657 1441 3668 ,
1688 3658 1693 3669 Ι
1718 3656 1724 3669 ⁸

163 3745 231 3801 gere
251 3724 326 3793 lecit,
350 3721 425 3797 quod
448 3721 534 3776 bomo
549 3720 601 3783 est,
617 3713 662 3770 cui
676 3716 705 3768 et
719 3711 814 3766 locam
835 3712 864 3763 ct
887 3706 1010 3779 gloriam
1064 3673 1287 3802 effitienms
1314 3663 1467 3728 aoeepem’
1496 3657 1574 3712 ”⁰¹³²
1598 3674 1656 3730 ‘1¹¹⁰
1673 3658 1727 3713 ⁵¹b¹
1749 3674 1912 3730 ⁰⁰⁰ssf¹¹¹¹ffl

163 3814 268 3889 perditi
280 3812 375 3885 angeli
390 3807 478 3875 dedit,
501 3809 643 3879 quatenns
658 3803 712 3857 iste
727 3800 757 3856 in
772 3798 858 3856 laude
875 3795 924 3853 liei
943 3811 1009 3867 per·
1167 3841 1215 3853 ,,
1264 3842 1271 3853 ,
1377 3842 1383 3856 ,
1433 3839 1439 3852 ,
1613 3840 1620 3852 ὁ

162 3904 260 3961 ficeret
274 3902 350 3974 qnod
364 3899 412 3953 ille
427 3897 520 3952 lacere
531 3892 632 3949 noluit.
649 3891 682 3946 ln
693 3889 764 3944 iacis
779 3891 875 3943 autem
892 3885 944 3939 ista
956 3884 1010 3939 bo·
1065 3842 1915 3983 mmssrffimfflffl‘mngffiufflffiw

164 3993 252 4049 minis
278 3989 320 4045 illi
349 3988 593 4051 demonstrantur,
618 3980 668 4053 qui
691 3976 796 4033 saeculo
823 3972 1011 4045 corporaliter
1099 3984 1179 4039 giam
1193 3988 1222 4039 εἰ
1238 3983 1432 4051 ommia,
1447 3982 1851 4058 imumqmmniym
1861 3932 1915 4041 ἕξ

163 4079 264 4146 dediti,
289 4074 390 4148 spiritu
415 4078 511 4128 tamen
534 4070 591 4124 ileo
623 4067 760 4122 continue
793 4062 933 4129 serviunt,
956 4074 1011 4114 nec
1100 4057 1211 4126 tiquam
1223 4053 1914 4128 deceptoremaoncalcetetadnibilamredipnt.

163 4173 280 4242 propter
302 4165 355 4220 hoc
378 4160 500 4235 quodin
519 4157 622 4213 saeculo
646 4152 820 4211 saecnlarlter
832 4149 1008 4215 detinentur,
1099 4143 1167 4198 lilii.
1194 4142 1275 4208 Quod
1305 4158 1372 4198 vero
1398 4142 1543 4215 quoddam
1569 4148 1732 4199 monstram
1764 4145 1915 4202 born-initi,

163 4276 196 4313 sa
211 4269 275 4330 quae
290 4250 407 4325 spiritua
422 4252 488 4305 sunt
506 4248 537 4303 in
560 4246 699 4301 famulatu
723 4241 775 4297 Dei
790 4237 1008 4295 obliviscuntur.
1029 4226 1177 4297 Diormaa,
1200 4245 1231 4284 ac
1254 4230 1392 4286 venenosi
1413 4231 1548 4302 nigrique
1566 4231 1681 4299 coloris,
1700 4237 1729 4287 st
1747 4239 1914 4304 serpentem

164 4346 197 4400 Et
217 4341 302 4398 iacies
317 4340 379 4395 ista
395 4335 429 4392 ad
451 4335 592 4390 orientem
611 4346 700 4385 rarsae
724 4333 802 4395 sunt,
818 4325 886 4399 quia
906 4328 935 4380 et
950 4323 1008 4395 api·
1063 4319 1218 4391 quemdam
1230 4318 1352 4390 pedibas
1371 4319 1430 4374 suis
1444 4320 1602 4387 conculcat,
1617 4320 1672 4377 boc
1691 4322 1826 4393 estquod
1845 4340 1915 4379 vera

162 4432 260 4487 ritales
281 4433 310 4484 et
339 4426 498 4491 seaculares,
532 4421 582 4494 qni
608 4420 666 4475 Deo
685 4415 819 4473 temulari
840 4412 1009 4484 animasque
1063 4408 1187 4463 charitas
1208 4407 1345 4477 injuriam
1373 4407 1525 4463 dinoruiae
1545 4409 1678 4480 plurimis
1701 4409 1775 4466 vitiis
1798 4410 1911 4467 distor-

161 4536 227 4576 suas
241 4520 271 4574 in
285 4517 344 4571 vita
359 4526 526 4570 conservare
549 4507 724 4575 desiderant,
739 4504 773 4559 ad
788 4504 882 4557 ortum
904 4504 1010 4555 sancte
1063 4501 1132 4565 tam,
1148 4496 1305 4568 multisque
1318 4496 1553 4568 perversitatibus
1566 4498 1747 4565 horribilem,
1764 4514 1797 4554 ac
1812 4498 1843 4554 in
1862 4500 1914 4556 ds·

161 4603 381 4665 conversationis
406 4606 434 4657 et
452 4595 639 4656 beatitudinis
658 4608 688 4649 se
708 4596 873 4648 convertere
892 4588 1008 4645 debent.
1064 4586 1196 4657 ceptione
1216 4601 1400 4652 venenosam,
1418 4591 1448 4641 et
1461 4586 1492 4641 in
1511 4586 1673 4658 perditione
1698 4587 1822 4659 nigram,
1837 4590 1913 4645 anti-

161 4713 240 4781 ΟΜ
254 4715 329 4768 Dm
341 4709 371 4765 in
390 4703 559 4775 fortitudine
577 4698 731 4758 chaman,
743 4712 802 4753 m
823 4691 1009 4769 pagatim.
1064 4690 1212 4748 quamque
1221 4679 1384 4745 serpentem
1390 4674 1704 4746 quibusque,tidelibus
1710 4674 1910 4745 insidiantem,

197 4789 241 4841 tos
263 4783 302 4865 ad
325 4797 357 4837 se
377 4778 524 4859 colligens,
543 4771 687 4844 inlusione
709 4784 859 4851 munerum
880 4764 1011 4837 Spiritus
1062 4780 1116 4836 per
1129 4762 1249 4834 resdgia
1270 4762 1333 4817 Filii
1354 4762 1404 4819 Dei
1422 4762 1556 4831 conterit,
1576 4779 1643 4819 cum
1657 4765 1745 4819 stiam
1759 4764 1838 4821 idem
1865 4767 1912 4821 ri-

194 4857 290 4911 mavit
299 4868 345 4909 0⁰⁸
356 4850 391 4907 dt
404 4849 561 4921 witwine
574 4857 748 4899 memmi
762 4840 884 4895 ‘'Miai-
1063 4852 1119 4907 lius
1135 4850 1186 4907 Dei
1200 4850 1282 4906 illum
1296 4851 1327 4907 in
1339 4866 1423 4907 cruce
1437 4851 1474 4907 ad
1489 4851 1613 4908 nibilum
1628 4852 1791 4909 deduxerit.
1808 4853 1864 4918 Qui
1878 4870 1912 4909 os

194 4962 237 5017 lli.
256 4959 310 5016 Sed
327 4962 355 5013 et
370 4956 404 5013 ab
419 4959 543 5024 utroque
566 4950 687 5006 humero
703 4946 838 5019 imaginis
857 4944 943 5014 hujus
964 4940 1011 4997 ala
1063 4956 1147 4996 sarim
1162 4941 1268 4997 dextra
1287 4940 1350 4995 anri
1371 4940 1501 5012 eiusdem
1525 4942 1645 4996 monstri
1667 4941 1773 5014 intigit,
1787 4951 1819 4998 et
1840 4944 1913 4999 reli·

160 5066 250 5123 usqne
264 5049 408 5119 adgenua
430 5042 521 5113 ipsius
543 5038 716 5106 extenditur,
734 5035 873 5109 qnoniam
895 5033 925 5087 in
949 5030 1009 5085 lor·
1063 5044 1154 5101 quum
1174 5043 1280 5100 corpus
1307 5044 1393 5083 saum
1417 5029 1449 5085 in
1474 5034 1669 5085 transversum
1692 5032 1796 5101 capitis
1817 5031 1912 5103 ipsius

158 5138 281 5195 titudine
311 5132 457 5190 eharitatis
491 5128 578 5185 Filias
602 5128 653 5184 liei
673 5128 766 5199 justos
789 5130 818 5180 et
844 5127 1009 5194 peccatores
1062 5118 1225 5185 incurrans,
1248 5116 1369 5174 caudam
1388 5133 1471 5173 suam
1487 5118 1518 5173 in
1540 5119 1845 5190 sinistrsparteillins
1859 5137 1912 5177 us·

159 5228 194 5283 ad
213 5243 243 5281 se
258 5223 383 5297 collegit,
404 5236 436 5276 ac
454 5235 515 5287 eos,
535 5222 565 5274 et
577 5216 717 5283 humeris,
739 5212 808 5286 quia
825 5212 902 5283 justa
928 5207 1009 5264 vixe-
1062 5222 1120 5279 que
1141 5207 1177 5262 ad
1197 5205 1285 5278 pedes
1308 5205 1372 5277 ejus
1393 5207 1524 5262 extendit
1544 5208 1683 5279 quoniam
1704 5209 1835 5265 diabolas
1859 5210 1910 5266 de·

157 5320 234 5385 rant,
255 5318 284 5369 et
308 5310 430 5384 genibus
453 5308 590 5381 qnoniam
613 5320 699 5360 cosa
722 5303 768 5357 via
791 5298 939 5371 iniustitiae
961 5312 1008 5353 re·
1061 5296 1223 5369 ceptionem
1239 5310 1319 5351 suam
1341 5311 1372 5349 se
1386 5295 1460 5352 bene
1482 5294 1576 5352 lamro
1590 5296 1737 5354 interdum
1756 5298 1911 5367 simulans,

157 5405 318 5467 vocaverat,
357 5396 534 5465 sustentavit,
569 5396 773 5462 consortesque
817 5401 1008 5459 supernorum
1062 5383 1211 5441 discordia
1231 5383 1338 5455 intigit,
1361 5388 1513 5456 totumque
1538 5401 1629 5457 genus
1650 5386 1785 5443 vitiorum
1804 5387 1861 5444 baa
1882 5394 1913 5445 et

159 5491 265 5548 civium
284 5488 362 5556 tecit,
381 5488 460 5543 velut
473 5485 560 5541 etiam
580 5482 669 5539 bomo
691 5483 751 5537 um
780 5476 901 5549 genibus
920 5489 1008 5548 qaam
1062 5472 1127 5529 illac
1139 5472 1223 5529 initio
1240 5472 1318 5529 illins
1335 5472 1611 5546 leviterappoaens,
1630 5475 1661 5531 in
1683 5475 1741 5533 bue
1755 5477 1853 5531 tamen
1867 5477 1909 5533 it-
