3984 6034
83 259 162 312 ll0tl
809 265 887 324 virt
907 270 934 323 S.
956 261 1120 324 metuont.
1773 271 1799 324 ll
1811 269 1841 322 tu

76 387 188 446 riculis
210 389 313 446 uostris
337 405 482 448 eruamur.
508 414 518 442 ι
546 393 603 450 Sed
620 393 690 467 quia
709 396 744 452 da
768 395 813 454 bis
835 395 935 471 signis,
954 396 1838 470 Aoperaeorumautathronumlleidruumcrat,attunuetiam

78 483 239 550 quietunc
256 479 296 534 ibi
310 480 384 535 iacta
400 485 476 550 suut,
494 485 602 555 etque
620 485 805 555 postmodum
829 485 869 541 ibi
887 503 940 558 per
994 486 1079 542 iacies
1104 486 1154 542 usi
1174 487 1232 554 illa,
1257 488 1334 541 velut
1360 485 1546 556 purissimum
1568 503 1682 553 aurum,
1709 493 1740 543 at
1763 489 1840 543 velut

81 569 214 638 gratiam
230 570 281 641 liei
302 568 332 624 in
351 570 487 625 omnibus
505 571 622 639 liabent,
649 574 813 646 multiplea
837 582 867 630 at
889 591 936 629 ne·
993 575 1216 647 pretiosissimos
1230 592 1262 630 ae
1278 575 1472 630 nobilissimos
1489 576 1607 646 lapides,
1626 575 1749 648 inspicit.
1767 578 1840 643 Qua·

81 657 261 730 gligcutius,
275 673 361 730 quam
381 657 533 725 debebant,
549 661 728 730 gaudebaut;
743 661 848 718 idcirco
864 664 940 718 Deus
993 669 1113 736 propter
1133 664 1228 720 omnis
1252 665 1374 720 coelestis
1399 664 1551 719 harmonia
1573 665 1717 720 canticum
1733 683 1839 722 novum

83 762 125 800 ea
160 746 196 801 ad
221 748 437 818 castigationem
459 762 560 803 eorum
591 748 788 806 subtrahebat.
816 751 940 822 Spiritus
994 767 1081 823 super
1099 752 1150 808 ille
1172 751 1313 821 decantat,
1331 758 1359 807 et
1378 751 1418 807 sic
1442 751 1566 823 Spiritus
1589 758 1703 808 sanctus
1727 753 1756 808 in
1771 770 1840 826 opa-

84 834 173 890 enim
187 840 301 890 sanctus
324 851 382 890 non
396 836 468 904 vult,
485 842 517 890 ut
530 837 629 903 bomo,
654 836 685 892 iu
706 837 851 894 miraculis
874 855 940 911 quae
994 839 1072 896 ribus
1088 844 1253 896 sanctorum
1273 857 1345 895 nova
1360 855 1473 911 semper
1494 841 1571 895 lacit.
1588 841 1642 896 Sed
1658 842 1750 913 quiin
1765 843 1841 898 muln

85 923 128 977 ab
143 921 207 992 ipso
220 925 298 989 suut,
314 922 471 994 gloriatur;
491 925 541 980 sed
562 929 592 980 ut
607 927 758 982 tremenda
781 928 875 995 lauda,
897 928 954 982 illi⁴
993 928 1248 998 perseveraverint,
1266 927 1295 983 bi
1319 928 1446 999 perditos
1460 931 1585 998 ‚angelus
1606 929 1770 999 imitantur,
1792 929 1841 1002 qni

86 1010 159 1077 soli,
183 1009 234 1081 qui
263 1016 434 1082 potestatem
455 1027 490 1066 ea
519 1011 643 1069 faciendi
664 1013 761 1080 babet,
785 1015 876 1086 gloria
898 1020 939 1069 at·
994 1016 1289 1089 obuequitiamsuam
1305 1016 1683 1087 agluriacoeliccciderunt;
1700 1017 1842 1088 atsicper

84 1098 248 1154 tribuatur.
272 1100 344 1154 Deus
368 1099 477 1172 quippe
506 1116 595 1170 opera
625 1109 791 1158 sanctorum
820 1119 940 1158 suorum
994 1105 1140 1178 squalidas
1156 1104 1295 1160 vanitates
1309 1105 1471 1159 mercedem
1486 1109 1600 1160 aterne
1615 1105 1679 1158 vitus
1695 1105 1840 1161 anrittunt.

86 1187 133 1242 ita
152 1186 315 1257 distinguit,
332 1192 364 1242 ut
384 1187 471 1243 etiam
493 1194 639 1244 creaturas
657 1189 822 1258 coustituit;
842 1192 882 1246 sic
898 1192 939 1246 vi·
1030 1195 1074 1248 lu.
1092 1195 1165 1249 Deus
1179 1193 1286 1248 etenim
1302 1193 1414 1247 homini
1430 1192 1543 1263 plenam
1557 1192 1704 1247 scientium
1721 1193 1842 1248 rationa-

87 1274 207 1343 ueneat,
229 1277 308 1348 quod
323 1275 496 1348 quibusdam
515 1276 592 1333 bona
608 1294 696 1349 opera
715 1284 744 1334 et
758 1280 939 1336 sanctitatem
994 1283 1123 1350 bilitatis,
1149 1287 1180 1337 ut
1198 1281 1369 1353 predictum
1393 1286 1445 1348 cst,
1468 1281 1598 1350 immisit,
1614 1281 1752 1352 quoniam
1771 1299 1844 1354 prus·

87 1363 202 1436 absque
216 1363 305 1434 signis
318 1366 459 1433 concedit,
475 1365 648 1437 quibusdam
664 1372 760 1423 autem
776 1370 852 1424 buna
870 1386 940 1441 ope·
995 1369 1076 1433 vidit,
1097 1376 1125 1427 et
1143 1369 1222 1442 quod
1246 1369 1334 1425 bomo
1358 1385 1410 1440 per
1430 1369 1509 1423 illam
1534 1367 1682 1424 diabolum
1705 1385 1842 1441 superare

88 1468 135 1519 ra,
152 1456 182 1508 et
203 1452 290 1508 etiam
309 1468 413 1526 magua
436 1453 575 1509 miracula
590 1455 731 1520 attribuit,
757 1462 786 1511 et
801 1457 863 1511 aliis
890 1473 941 1528 par
996 1464 1102 1530 posset,
1125 1458 1193 1530 qriia
1207 1458 1293 1513 homo
1313 1457 1484 1527 perbonam
1504 1455 1662 1522 seientiam,
1679 1458 1798 1521 malum,
1814 1463 1843 1511 et

89 1541 218 1613 gretiam
233 1557 315 1598 suam
330 1541 390 1609 dat,
402 1547 435 1596 ut
447 1543 583 1613 perbona
594 1545 725 1616 exempla
739 1560 840 1600 eorum
858 1547 941 1600 multi
995 1564 1048 1618 per
1072 1548 1189 1615 mulam,
1219 1547 1328 1603 bonnm
1350 1547 1417 1614 scit;
1450 1551 1478 1600 et
1509 1545 1575 1600 ideo
1612 1545 1843 1600 victoriosissimo

89 1631 128 1684 ad
150 1645 218 1684 eum
232 1635 435 1686 convertantur
449 1647 457 1687 τ
474 1631 717 1702 quamadmodum
741 1633 828 1688 etiam
850 1634 940 1690 solem
958 1673 980 1728 B
995 1636 1071 1693 bello
1086 1636 1221 1691 adversus
1235 1633 1369 1690 eumdem
1390 1635 1541 1706 antiquum
1555 1634 1667 1689 bostem
1684 1634 1842 1706 praeliatur,

90 1717 246 1788 (indiam),
262 1717 406 1774 etluuam
421 1735 454 1774 ac
468 1719 565 1775 sidera
583 1719 615 1776 in
629 1725 743 1777 uoetam
763 1722 794 1776 in
808 1727 941 1793 tempora
994 1727 1413 1797 quatenusenmvineat,etut
1427 1722 1630 1793 locum‚quem
1647 1720 1842 1793 disperdidit,
1877 1775 1879 1780 .

91 1806 241 1862 discernit.
994 1813 1152 1884 possideat:
1177 1811 1255 1882 qttud
1279 1811 1453 1873 nullatenus,
1477 1810 1532 1865 uisi
1553 1811 1669 1882 plenam
1693 1809 1842 1865 seientiam

130 1897 175 1950 37.
198 1895 301 1951 'lotum
316 1909 431 1968 quoque
445 1894 583 1952 circulum
599 1896 677 1952 orbis
691 1913 756 1952 cum
777 1897 941 1954 volatilibus
995 1901 1123 1970 baberet,
1143 1903 1237 1956 lacera
1258 1904 1372 1970 posset;
1387 1898 1524 1970 quoniam
1541 1897 1619 1969 quod
1634 1897 1721 1953 bomo
1735 1913 1842 1970 cognu-

91 1986 123 2036 et
147 1981 307 2053 reptilibus,
340 1980 509 2055 caeterisque
547 1984 720 2041 animalibus
749 1987 941 2042 crescentibus
994 1988 1099 2044 scendo
1117 1987 1179 2055 scit,
1202 1987 1237 2042 ab
1263 1988 1319 2042 boe
1343 2002 1373 2041 se
1392 1987 1439 2041 vix
1466 1985 1613 2042 continere
1639 1990 1741 2057 potest,
1772 1987 1841 2058 quin

90 2069 224 2141 replevit,
248 2070 290 2126 ite
309 2071 386 2143 quod
406 2071 455 2126 ille
476 2072 558 2127 nullo
580 2074 668 2128 modo
690 2073 721 2128 iu
742 2074 803 2129 ulla
816 2075 940 2131 uecessi-
994 2091 1046 2148 par
1060 2077 1229 2132 electionem
1244 2089 1273 2129 se
1293 2074 1330 2129 ad
1345 2073 1418 2130 illud
1441 2072 1587 2129 interdum
1605 2078 1706 2129 vertat.
1722 2073 1843 2139 Quodsi

90 2162 153 2214 tate
167 2174 273 2214 vacuus
287 2165 341 2226 ast,
355 2160 433 2215 uude
448 2165 477 2215 et
497 2161 682 2232 quaslibetad
697 2161 792 2218 officia
812 2179 864 2218 sua
880 2178 941 2218 mo·
994 2166 1123 2220 obscuras
1145 2164 1271 2219 tenebra
1305 2162 1335 2218 in
1359 2178 1408 2218 cor
1433 2161 1560 2217 bominis
1586 2162 1777 2224 ascenderint,
1804 2163 1844 2218 itu

91 2253 145 2302 net
158 2247 190 2302 iu
205 2249 378 2303 monastario
401 2248 464 2318 illo,
478 2249 557 2320 quod
572 2250 607 2305 ad
629 2250 777 2306 bominem
791 2250 916 2323 pertinet
932 2267 938 2306 :
995 2251 1072 2324 quod
1088 2252 1174 2308 bomo
1194 2251 1222 2306 in
1240 2267 1324 2306 carue
1339 2267 1389 2305 sua
1405 2250 1487 2320 sapit,
1504 2250 1581 2323 quod
1598 2255 1712 2322 peccata
1731 2255 1844 2322 potust;

93 2335 158 2392 Una
176 2337 254 2391 enirn
285 2352 408 2409 quaeque
435 2342 565 2393 creatura
587 2337 618 2392 iu
644 2354 751 2410 genere
768 2354 821 2394 suo
846 2339 942 2394 multi·
994 2341 1064 2396 etsi
1083 2346 1150 2395 tunc
1175 2345 1322 2411 peecatum
1345 2339 1475 2408 elegerit,
1491 2342 1518 2392 et
1539 2338 1570 2393 in
1594 2339 1644 2394 illo
1660 2338 1844 2410 impaenitens

92 2425 228 2496 plicatur,
248 2425 321 2481 sicat
334 2427 409 2481 Deus
423 2423 467 2480 illi
489 2424 519 2480 in
540 2424 634 2498 prima
650 2426 855 2482 constitutione
865 2443 940 2499 prae·
994 2429 1228 2501 perseveraverit,
1244 2425 1285 2481 illi
1311 2425 1525 2492 assimilabitur,
1542 2425 1592 2498 qui
1613 2427 1775 2483 solaritate
1800 2427 1843 2482 lu-

92 2515 187 2586 cepit3
203 2515 331 2586 sedquse
351 2514 623 2581 irrationabilium,
639 2514 751 2570 bomini
774 2515 940 2571 ministran-
997 2517 1083 2572 minis
1106 2515 1233 2584 recessit,
1257 2519 1400 2586 quatenus
1425 2514 1566 2569 desideria
1587 2515 1747 2572 tenebrosae
1776 2531 1842 2588 pru·

94 2604 133 2658 du
156 2603 305 2671 succurrit,
327 2602 466 2677 qnoniam
482 2604 688 2675 paterfamilias
710 2605 760 2676 qui
782 2604 871 2660 bomo
886 2609 938 2671 est,
995 2604 1126 2676 prietatis
1144 2619 1204 2659 suae
1220 2603 1369 2673 implerat;
1393 2603 1603 2675 propterquod
1619 2607 1647 2658 et
1666 2604 1841 2674 gehennales

93 2691 215 2746 domum
236 2707 317 2747 suam
346 2693 408 2747 sine
430 2691 574 2763 adjutorio
597 2697 627 2747 at
654 2691 815 2747 ministerio
840 2708 941 2763 regere
996 2709 1088 2765 prunas
1102 2697 1298 2748 exortaesuut.

94 2795 155 2835 non
175 2784 284 2851 potust;
299 2781 374 2836 Deus
396 2785 493 2836 autem
512 2781 604 2836 solum
628 2779 787 2847 bominem,
803 2798 837 2836 ex
852 2781 939 2836 ratio·
1030 2783 1074 2837 tt.
1093 2783 1193 2837 Beatus
1216 2785 1313 2835 autem
1328 2778 1420 2834 iacere
1442 2778 1595 2845 desiderat,
1613 2780 1690 2852 quod
1711 2781 1741 2835 in
1758 2797 1843 2836 carue

96 2867 186 2924 nabili
219 2873 248 2924 et
268 2870 381 2926 vivente
411 2869 510 2925 anima
541 2869 635 2924 vivere
665 2868 743 2937 fecit,
765 2875 941 2941 quapropter
995 2885 1047 2925 sua
1072 2885 1130 2924 non
1151 2868 1234 2939 sapit,
1259 2872 1287 2922 et
1308 2867 1484 2938 adjutorium
1504 2883 1521 2922 a
1544 2868 1652 2938 Spiritu
1676 2874 1774 2925 saneto
1793 2885 1843 2940 po-

96 2957 243 3026 spiremeu
265 2957 356 3028 ipsius
376 2973 435 3014 nou
458 2957 574 3024 deiecit,
588 2957 661 3013 sicut
687 2973 740 3012 neo
762 2958 836 3012 rami
858 2956 941 3012 arbo·
960 2959 1093 3026 cstulat,
1117 2957 1147 3012 in
1170 2955 1319 3028 speculum
1341 2954 1500 3010 sanctitatis
1522 2955 1650 3027 aspiciat.
1683 2957 1715 3012 lit
1739 2963 1770 3012 ut
1792 2957 1844 3012 hu·

96 3044 136 3098 r’n
160 3044 308 3111 deliciunt,
332 3045 400 3118 qnia
424 3047 498 3102 lleus
516 3045 559 3100 illi
583 3044 732 3101 scientiam
748 3045 886 3111 inlundit,
902 3043 942 3100 ita
998 3063 1045 3103 mo
1068 3045 1168 3102 taciem
1191 3043 1320 3100 suumin
1339 3043 1456 3110 saeculo,
1480 3042 1510 3099 in
1529 3059 1587 3114 quo
1605 3049 1702 3099 tamen
1724 3050 1845 3100 nonest

98 3131 175 3202 quod
197 3132 361 3204 cogitando,
376 3150 442 3205 que
464 3135 525 3189 vult
548 3134 646 3201 dictat,
663 3139 692 3189 et
706 3135 784 3207 quod
800 3134 830 3189 iu
845 3139 941 3189 mente
995 3135 1166 3202 considerat,
1191 3139 1220 3188 et
1241 3131 1318 3204 quod
1333 3131 1485 3203 indignum
1510 3131 1550 3187 ibi
1573 3131 1686 3196 viderit,
1702 3137 1843 3204 quantum

97 3220 194 3288 habet,
207 3221 285 3292 quod
296 3226 397 3291 postea
405 3221 538 3276 clamanti
548 3238 626 3288 voce,
638 3228 668 3277 et
680 3222 843 3278 rationabili
854 3224 941 3278 verbo
998 3229 1090 3296 potest
1114 3222 1257 3289 emendat,
1282 3220 1322 3275 sic
1344 3219 1446 3275 beatus
1470 3235 1521 3291 per
1550 3220 1636 3275 iidem
1656 3219 1733 3276 bona
1756 3237 1844 3293 opera

99 3307 281 3380 multiplicat,
303 3313 334 3363 ut
348 3311 436 3363 ctiam
450 3309 520 3364 lotia
534 3309 564 3364 in
584 3311 687 3365 arbore
703 3309 939 3380 multiplicantur.
995 3312 1108 3385 operari
1128 3310 1182 3365 boo
1202 3308 1296 3376 modo,
1321 3308 1358 3363 ad
1381 3307 1581 3363 confusionem
1603 3307 1721 3376 diaboli,
1743 3314 1845 3364 contra

134 3399 177 3454 38.
203 3396 408 3452 lrrationabilis
436 3411 504 3452 vero
525 3402 655 3451 ereatura
680 3398 832 3453 scientiam
858 3398 944 3452 ratio·
996 3415 1112 3456 carnem
1135 3413 1215 3452 suana
1236 3396 1396 3464 desiderat;
1417 3399 1446 3450 et
1460 3395 1536 3467 quod
1550 3410 1615 3450 caru
1639 3397 1665 3451 ci
1685 3411 1742 3452 nou
1767 3396 1844 3453 addi·

99 3485 254 3541 uabilitatis
268 3500 326 3541 nou
349 3485 447 3552 babet,
460 3490 488 3539 et
503 3485 568 3539 ideo
583 3489 765 3546 ventosaest,
781 3491 809 3539 et
822 3489 941 3556 praster-
996 3488 1045 3556 cit,
1072 3489 1225 3557 operatur,
1250 3499 1282 3539 ac
1304 3484 1344 3539 ita
1371 3499 1423 3554 per
1455 3482 1609 3538 durissima
1636 3489 1665 3540 et
1687 3483 1845 3540 lentissima

99 3575 136 3641 it;
150 3573 237 3629 bomo
262 3579 359 3629 autem
382 3572 562 3629 rationabilis
581 3572 705 3628 existens
724 3589 777 3645 per
793 3573 941 3629 scientiam
996 3575 1070 3631 bella
1093 3590 1122 3628 sa
1146 3573 1241 3644 ipsum
1268 3587 1334 3626 euru
1364 3571 1558 3626 voluntatibus
1579 3571 1637 3625 suis
1660 3587 1843 3644 exsuperans,

98 3662 249 3718 utilitatem
273 3661 428 3735 cognoscit,
453 3661 579 3718 atillam
603 3661 707 3732 diligit,
720 3677 754 3716 ac
776 3676 841 3717 cam
864 3661 899 3717 ad
915 3675 944 3716 se
996 3663 1175 3728 charitatem,
1199 3675 1286 3732 quam
1307 3657 1411 3729 perditi
1437 3658 1533 3728 angeli
1558 3659 1728 3726 habuerant,
1750 3659 1845 3730 possi-

99 3751 296 3822 trahiturque
309 3751 341 3805 in
355 3751 456 3806 eadem
473 3751 593 3806 seientia
607 3750 677 3822 quid
694 3750 815 3818 malum,
830 3745 943 3822 etquid
998 3751 1085 3837 debit.
1112 3751 1186 3805 Deus
1209 3763 1335 3820 namque
1354 3751 1497 3802 creaturas
1520 3745 1560 3800 ita
1583 3746 1742 3814 constituit,
1767 3748 1844 3819 qood

99 3840 231 3896 nocivum
246 3839 292 3907 sit,
316 3838 402 3906 videt,
422 3844 452 3894 et
474 3839 546 3894 illud
565 3838 690 3894 timetet
705 3838 795 3910 iugit;
810 3854 843 3894 ac
862 3837 944 3894 seab
999 3845 1085 3898 bomo
1109 3855 1197 3910 opera
1229 3853 1281 3893 sua
1304 3853 1370 3892 oum
1395 3835 1451 3890 illis
1473 3836 1633 3907 compleat;
1660 3836 1737 3891 uude
1757 3835 1844 3891 etiam

101 3927 149 3983 illo
173 3928 308 3994 custodit,
333 3933 363 3983 et
388 3927 420 3982 in
437 3927 482 3983 bis
506 3927 630 3995 duobus,
660 3927 764 3982 timore
786 3926 893 3982 scilicet
915 3929 945 3980 et
997 3929 1136 4002 quosdam
1161 3927 1295 3983 homiues
1313 3925 1367 3982 hoe
1388 3925 1473 3980 modo
1496 3923 1610 3986 imbuit,
1645 3924 1724 3995 quod
1746 3929 1844 3980 sancta

100 4033 204 4086 amore,
221 4032 294 4088 qrros
312 4015 343 4070 in
363 4016 482 4072 scientia
501 4016 570 4072 boni
591 4023 619 4071 et
636 4017 705 4072 mali
719 4017 817 4083 babet,
832 4032 863 4072 se
878 4014 942 4070 ubi-
996 4018 1119 4076 aediilcia
1145 4021 1321 4080 construant,
1344 4019 1373 4070 et
1401 4014 1479 4086 quod
1507 4013 1542 4068 ad
1567 4013 1751 4068 serviendum
1785 4013 1843 4069 lieo
1925 4031 1927 4036 ·

101 4121 155 4178 qua
180 4105 264 4178 regit,
288 4105 366 4161 velut
383 4105 471 4161 atium
492 4107 552 4161 avis
573 4121 639 4160 oum
654 4105 765 4161 duabus
784 4105 839 4160 alis
856 4104 941 4159 volat.
998 4107 1070 4162 alios
1092 4105 1244 4176 eolligunt,
1266 4119 1339 4174 quos
1358 4108 1454 4157 tamen
1478 4100 1617 4172 plurimus
1640 4105 1668 4156 et
1690 4100 1782 4156 varies
1807 4101 1844 4157 vi-

101 4195 161 4265 lpse
186 4211 310 4266 nauaque
330 4195 409 4249 solus
428 4195 462 4249 ad
486 4194 643 4267 imaginem
671 4205 698 4249 et
721 4193 940 4249 similitudinem
959 4193 1178 4290 1,cissitudiues
1201 4193 1263 4264 ipsa
1291 4193 1366 4247 liaris
1398 4187 1552 4256 multoties,
1581 4190 1738 4246 secundum
1765 4191 1844 4261 volu-

100 4284 148 4339 liei
169 4283 310 4339 formatus
323 4289 376 4352 est,
400 4283 538 4356 quoniam
555 4285 630 4339 Deus
645 4299 722 4350 eum,
736 4289 768 4338 ut
781 4283 940 4338 seeundum
995 4289 1089 4349 piatas
1111 4299 1186 4351 suas,
1212 4280 1370 4355 permittit;
1389 4295 1454 4352 qua
1477 4279 1574 4335 omnia
1597 4280 1709 4345 tolerat,
1733 4294 1786 4335 neu
1800 4283 1842 4334 ta·
1886 4317 1892 4332 .

97 4372 185 4444 ipsam
196 4373 479 4444 operareturcreavit
494 4376 589 4428 :uude
599 4372 649 4427 ubi
659 4371 832 4428 conscientia
845 4373 941 4428 snaed
996 4387 1063 4428 men
1082 4371 1179 4426 statim
1199 4369 1255 4424 illis
1269 4368 1410 4424 ultionem
1424 4382 1506 4422 suam
1522 4365 1662 4422 immittit.
1679 4365 1731 4422 Ubi
1745 4373 1841 4422 autern

98 4460 202 4516 bouum
217 4476 248 4516 se
263 4461 349 4531 erigit
362 4460 403 4516 ibi
417 4477 470 4532 per
483 4461 604 4531 gratiam
624 4460 712 4515 sancti
726 4460 872 4531 (Spiritus)
890 4459 939 4516 ad·
994 4459 1117 4532 Spiritus
1134 4464 1248 4512 sanctus
1270 4458 1301 4511 iu
1317 4454 1447 4511 aedilloiis
1470 4460 1499 4508 et
1512 4455 1543 4509 in
1563 4453 1730 4509 homiuibus
1749 4454 1840 4509 aedili-

94 4549 232 4619 jutorium
252 4548 306 4603 sibi
325 4548 460 4604 occurrit.
485 4549 516 4604 lu
540 4550 593 4604 bac
614 4549 721 4605 etenim
745 4549 939 4617 distinctione,
994 4554 1048 4615 cat,
1074 4547 1185 4603 etiamsi
1217 4545 1259 4600 illi
1288 4545 1471 4616 negligenter
1498 4543 1528 4597 in
1557 4543 1680 4614 peccatis
1708 4541 1841 4609 vixerint,

98 4641 127 4690 ut
144 4636 315 4706 praedictum
336 4643 388 4700 est,
413 4637 489 4692 lteus
504 4653 604 4692 omnes
618 4641 763 4692 creaturas
784 4637 891 4709 posuit,
911 4640 940 4692 et
994 4639 1019 4692 si
1040 4637 1104 4710 quis
1124 4635 1164 4692 ibi
1186 4649 1238 4706 per
1261 4635 1470 4689 contumaciam
1493 4631 1686 4703 perversitatis
1709 4645 1769 4685 suae
1793 4631 1842 4686 de-

98 4724 163 4794 quia
183 4725 330 4779 bominem
345 4726 381 4780 ad
398 4726 553 4796 imaginem
577 4731 605 4779 et
627 4725 844 4780 similitudinem
858 4740 938 4779 suam
994 4724 1178 4781 structionem
1203 4721 1311 4788 iecerit,
1338 4723 1411 4793 iguis
1433 4721 1554 4792 Spiritus
1583 4720 1675 4775 saneti
1699 4719 1780 4775 illum
1800 4721 1842 4775 ie·

97 4811 171 4876 lacit,
191 4810 255 4866 ideo
275 4811 391 4882 plenam
413 4813 564 4867 scientiam
583 4813 624 4867 illi
645 4828 703 4884 prae
725 4813 805 4867 omni
824 4813 938 4867 mortali
994 4813 1136 4869 stiuanter
1154 4811 1183 4868 in
1198 4812 1269 4878 zelo,
1285 4818 1314 4866 et
1327 4810 1477 4882 injudicio
1497 4825 1548 4864 suo
1568 4809 1663 4865 exurit
1677 4808 1745 4881 (57).

98 4905 224 4954 creatura
238 4899 327 4954 dedit.
1327 4916 1442 4971 cgpup
1462 4915 1507 4970 pv,

131 4991 172 5044 ³9·
201 4989 233 5043 ¹¹3²
253 4987 392 5087 q⁰⁰¹¹ilfn
417 5003 483 5085 ⁰⁸5⁰
511 4987 602 5056 i⁹⁸¹⁰⁸
624 4987 713 5043 fl¹¹⁰¹¹¹
738 5003 772 5042 ⁸⁰
795 4989 938 5045 d0f⁰⁰i¹¹¹¹¹
995 5006 1186 5064 llonncltoruut
1215 5006 1359 5076 dispersio,
1388 5005 1515 5060 reditus:
1540 5005 1615 5058 sueri
1642 5005 1764 5073 eorporis·
1790 5020 1840 5086 per

98 5076 187 5142 habat,
203 5077 308 5132 idcirco
325 5091 498 5146 animaepus
513 5083 622 5132 bonum
647 5077 785 5148 perlicere
805 5094 864 5133 non
883 5078 939 5133 nisi
1029 5079 1057 5134 S.
1083 5077 1258 5144 Bonifatium
1288 5077 1448 5140 translatio·
1469 5075 1551 5129 rainu
1580 5075 1741 5130 monasterii
1769 5089 1840 5145 epus·

98 5166 205 5232 abillo,
229 5165 357 5237 quisine
375 5165 434 5219 ilua
457 5171 509 5229 est,
524 5164 629 5219 babere
652 5170 755 5236 potest.
772 5166 827 5231 Qut
841 5174 938 5221 autern
1029 5164 1081 5218 (Μ
1090 5163 1169 5203 ⁶⁶³⁶&
1178 5152 1204 5202 03
1218 5147 1434 5202 ”liminalim-

99 5251 389 5326 perseveraverintin
412 5253 489 5308 bono
514 5269 604 5324 usque
626 5253 655 5307 in
672 5253 772 5318 linem,
787 5254 817 5308 bi
832 5255 862 5310 in
878 5271 938 5310 eoe-
1027 5255 1071 5309 42.
1098 5256 1154 5310 llou
1178 5255 1262 5309 modo
1288 5253 1410 5324 Spiritus
1433 5256 1547 5306 sauctus
1573 5252 1602 5306 iu
1627 5251 1747 5322 praelato
1777 5252 1840 5306 loco

100 5346 154 5398 lurn
164 5343 198 5398 ad
215 5344 306 5398 Deum
315 5341 483 5407 asoauduut,
493 5339 591 5412 ibique
605 5340 744 5396 cherubin
753 5344 852 5401 omnia
863 5343 937 5398 boue
993 5345 1080 5399 otiam
1107 5349 1240 5415 operatus
1263 5347 1314 5408 est,
1338 5341 1386 5396 ubi
1409 5342 1508 5395 beatus
1533 5338 1684 5396 Dieibodus
1713 5340 1744 5395 in
1757 5341 1840 5398 bouis

133 5483 187 5576 [57)
200 5507 262 5572 ero
277 5509 384 5577 vergat,
399 5509 449 5559 arat
465 5521 522 5577 qtro
539 5504 595 5560 buo
609 5505 764 5561 adductum
780 5505 995 5576 lueritlougum
1012 5504 1086 5561 istud
1106 5519 1270 5577 parergum,
1289 5503 1382 5571 fallor,
1401 5501 1423 5556 si
1441 5501 1505 5575 quis
1523 5501 1592 5557 satit
1609 5501 1770 5573 perspiciat.
