3984 6034
200 147 252 199 703
936 145 964 198 S.
986 139 1221 198 altulluattuls
1897 135 1959 190 rut

201 274 272 330 dora
311 272 518 329 fructuositatis
548 278 758 330 restauraretur
790 273 825 329 ad
861 273 960 342 vitam,
984 272 1045 330 hec
1064 271 1213 330 hostiens
1235 269 1297 326 Filii
1326 269 1384 326 mei
1398 283 1458 325 non
1476 267 1616 325 dissidens
1630 283 1682 339 per
1705 267 1810 324 multas
1834 268 1961 323 intesta-

200 365 292 418 virtua
319 363 351 418 in
371 361 551 435 plenitudiue
573 364 664 420 divini
690 363 785 436 operis
808 364 957 419 saecularia
975 379 1047 419 oon·
1101 361 1195 416 tiones
1208 358 1416 415 diabolicarum
1437 357 1542 414 artinm
1559 363 1587 413 st
1605 373 1657 430 per
1685 357 1810 412 diversas
1830 355 1961 412 tribula·

200 451 324 518 eulaeus,
339 457 369 508 et
387 453 418 508 in
442 452 594 508 dulcedine
614 453 659 508 sui
674 453 792 508 affectus
813 467 844 507 se
865 457 964 523 aparte
985 467 1046 506 ma·
1100 450 1194 504 tiones
1210 463 1323 504 morum
1344 447 1506 515 hominnm,
1521 447 1552 502 in
1579 462 1631 502 sua
1647 446 1817 503 fortitudine
1846 445 1960 517 etpul·

200 540 350 608 niiastans,
361 541 397 596 ad
413 541 517 596 Filium
528 541 578 597 liei
597 541 627 596 in
646 542 789 597 consortio
804 541 923 610 angelici
937 541 1048 596 ordinis
1101 538 1261 594 chritndine
1275 552 1461 609 perseverans
1472 536 1564 592 tendit
1576 536 1611 591 ad
1622 551 1757 607 superna.
1776 535 1830 591 Sed
1852 539 1961 590 umen

200 641 267 682 cum
290 629 396 699 gaudio
427 627 557 684 lidelium
585 628 737 684 hominnm
761 628 899 695 intendit,
924 628 992 701 qnia
1017 627 1047 682 in
1100 626 1302 685 dissimilitudo
1317 624 1402 682 estin
1418 625 1476 694 eia;
1506 624 1574 696 quia
1592 622 1724 696 quamvis
1745 623 1899 678 unanimes
1932 629 1964 676 et

201 715 399 772 incarnatione
413 717 542 788 ejusdem
565 717 719 772 salvatoris
742 731 795 786 par
817 707 972 788 supernam
986 716 1048 771 vir-
1100 715 1156 771 eibi
1169 713 1292 770 invicem
1316 713 1348 769 in
1374 713 1540 786 operatione
1556 716 1624 767 snut
1644 713 1832 776 adherentes,
1852 716 1963 766 temen

201 809 295 860 tutem
322 806 429 860 floruit.
452 806 505 862 Sed
534 805 579 860 his
604 805 780 876 imaginibus
802 820 861 859 una
888 804 1047 860 similitudo
1101 800 1253 856 suaevires
1269 815 1448 873 unaqueque
1462 799 1635 872 insubjectis
1650 799 1880 856 sibihominibns
1895 799 1961 854 sin·

164 956 170 965 !
201 897 254 959 ast,
269 894 338 964 quia
367 893 430 964 peri
456 893 606 949 devotione
629 894 721 948 Deum
744 892 971 948 manifestantia
992 893 1048 947 ho·
1102 889 1240 962 gulariter
1248 889 1278 944 in
1292 890 1402 945 fervore
1412 905 1545 962 superum
1558 887 1693 944 claritatis
1708 888 1897 944 demonstrat.

201 980 339 1045 minibus,
362 980 412 1053 qni
439 981 533 1053 ipsum
556 981 587 1036 in
614 981 749 1052 operibus
778 981 838 1036 suis
869 981 1049 1036 concorditer
1139 977 1219 1034 Unde
1242 976 1337 1050 imago
1361 993 1425 1051 quaa
1450 978 1609 1034 mediaest
1636 977 1725 1032 trium
1748 976 1960 1050 praedictarum

202 1068 396 1139 magnillceut.
1102 1065 1157 1121 sibi
1172 1067 1339 1134 astantium,
1363 1066 1489 1122 declarat
1513 1066 1721 1132 constantiam
1738 1081 1802 1137 quae
1818 1065 1961 1120 columna

238 1158 319 1212 Unda
345 1156 432 1212 etiam
454 1162 487 1212 ut
513 1163 622 1213 ceurae
654 1156 774 1214 virtutes
801 1174 873 1230 quas
902 1157 983 1229 prius
1008 1155 1049 1212 vi·
1103 1159 1132 1211 et
1147 1154 1352 1211 munimenest
1371 1171 1471 1211 earnm
1486 1171 1551 1228 qum
1570 1154 1625 1210 sibi
1643 1153 1792 1210 adhaerent
1812 1154 1959 1209 virtutum

200 1244 268 1300 disti
295 1244 425 1300 sericinis
449 1261 551 1300 omnes
579 1247 744 1302 vestiuntur
764 1246 957 1314 indumentis;
979 1263 1050 1317 qno-
1103 1243 1133 1298 in
1156 1244 1252 1300 medio
1271 1245 1358 1316 huJ'us
1386 1245 1500 1300 numeri
1523 1244 1692 1300 Trinitatem
1713 1247 1841 1298 sanatam
1867 1243 1960 1314 signi-

201 1333 279 1388 niam
308 1333 338 1387 iu
360 1334 469 1389 viribus
491 1336 551 1389 suis
574 1334 693 1407 reliquis
721 1335 875 1390 virtutibus
902 1350 967 1406 quaa
995 1334 1050 1390 tibi
1103 1333 1231 1403 ficantes,
1255 1349 1284 1387 se
1315 1333 1498 1388 manifestans
1517 1337 1543 1388 el
1562 1331 1727 1388 bominibus
1755 1331 1841 1388 utin
1869 1331 1959 1387 bonis

201 1423 335 1493 superius
355 1422 546 1477 veracissimae
571 1423 777 1479 demonstratae
801 1428 877 1490 sunl,
897 1423 1050 1479 dissimiles
1103 1421 1238 1492 operibns
1265 1427 1427 1477 constantes
1468 1421 1527 1477 sint
1558 1421 1719 1488 ostendens,
1758 1423 1826 1494 quia
1865 1421 1958 1476 etiam

200 1511 407 1579 nonexistunt,
431 1512 479 1566 sed
504 1511 535 1566 in
559 1512 616 1567 leni
637 1513 754 1585 negotio
778 1511 1050 1583 suavissimioparis
1104 1509 1233 1566 Christus
1262 1511 1338 1565 Deus
1369 1515 1397 1565 et
1423 1510 1511 1566 homo
1535 1525 1774 1582 operosaeque
1793 1511 1824 1564 in
1843 1509 1957 1564 mundo

200 1598 330 1656 bdelium
344 1599 506 1665 hominum,
519 1616 634 1672 semper
647 1601 683 1657 ad
699 1603 790 1657 Deum
804 1601 913 1673 pariter
933 1616 1049 1657 sursum
1069 1568 1089 1623 B
1104 1603 1237 1670 operatus
1252 1603 1303 1666 ast,
1319 1599 1395 1654 bono
1413 1599 1470 1654 line
1490 1598 1708 1665 consummavit,
1724 1598 1799 1654 sicut
1818 1602 1848 1654 at
1860 1599 1957 1653 virtus

200 1688 349 1744 tendentes
361 1692 438 1743 sunt.
465 1688 549 1752 Quod
563 1694 661 1744 autem
676 1705 776 1744 omnes
802 1689 875 1744 albis
895 1688 1048 1744 velamini·
1103 1685 1165 1741 huc
1180 1685 1395 1742 firmamentum
1420 1686 1592 1743 interiorum
1619 1687 1758 1742 virtutum
1778 1685 1809 1741 in
1828 1686 1955 1742 homini·

199 1776 255 1832 bus
279 1775 309 1831 in
332 1777 475 1847 capitibus
496 1777 556 1831 suis
578 1777 697 1832 obtectae
719 1781 795 1845 sunt,
823 1778 879 1833 hoc
902 1780 944 1832 ast
972 1776 1049 1849 quod
1103 1775 1157 1831 bus
1184 1775 1318 1845 existens,
1346 1791 1412 1831 cum
1444 1791 1549 1848 magna
1578 1775 1729 1847 disciplina
1758 1775 1894 1830 hominos
1919 1774 1953 1829 ad

200 1865 287 1921 simul
305 1865 336 1918 in
351 1865 472 1920 candido
492 1865 649 1936 proposito
662 1865 761 1936 legalis
782 1865 969 1920 institutionis
982 1879 1049 1920 cnm
1104 1863 1195 1917 Deum
1210 1861 1350 1934 perducit.
1368 1866 1441 1934 ldrgo
1466 1868 1494 1918 et
1520 1863 1550 1918 in
1565 1867 1681 1934 pectore
1706 1862 1768 1930 eins
1781 1863 1847 1918 duoe
1872 1863 1953 1918 lene-

200 1969 307 2025 magua
316 1953 502 2025 colligatione
522 1959 590 2009 ante
610 1956 702 2010 licum
721 1958 807 2025 capnt
820 1954 950 2008 omnium
964 1969 1049 2009 occu·
1103 1951 1191 2006 stellae
1215 1956 1372 2023 apparent:
1394 1952 1472 2023 quod
1506 1955 1549 2007 est
1583 1951 1615 2006 in
1639 1951 1772 2006 cordibus
1797 1950 1954 2006 hominum

199 2046 275 2112 patae
294 2047 371 2109 sunt,
386 2047 420 2097 ut
435 2042 540 2097 mulier
558 2045 624 2097 anta
648 2042 742 2098 virum
759 2059 844 2098 suum
859 2042 948 2097 velari
963 2043 1048 2110 solet,
1103 2037 1295 2093 manifestatio
1310 2036 1469 2093 caelestium
1492 2038 1523 2093 in
1549 2038 1662 2094 duobus
1684 2039 1807 2110 speculis
1821 2037 1894 2093 fidei
1908 2039 1954 2094 de

200 2131 317 2202 excepta
355 2129 406 2184 illa
439 2143 504 2202 quae
530 2147 545 2184 a
568 2129 686 2203 ‘dextris
717 2129 817 2185 medias
845 2130 1049 2201 praedictarum
1103 2131 1270 2192 monstrata,
1288 2126 1427 2199 qnoniam
1449 2126 1582 2182 divinitas
1604 2131 1631 2182 et
1645 2127 1810 2184 hnmanitas
1831 2128 1863 2182 in
1881 2127 1952 2182 Filio

200 2218 288 2272 trium
311 2222 389 2273 stans
418 2217 496 2274 nudo
518 2217 611 2289 capite
637 2218 773 2274 candidos
799 2219 915 2292 capillos
943 2219 1049 2274 habere
1104 2215 1154 2271 uei
1173 2215 1315 2271 credenda
1332 2222 1389 2282 est;
1402 2231 1455 2287 per
1482 2203 1575 2289 quem'
1593 2215 1684 2270 virtus
1697 2215 1746 2270 illa
1759 2215 1790 2270 in
1816 2215 1949 2271 homiui·

200 2306 329 2375 videtur;
343 2307 412 2379 quia
426 2307 526 2363 eadem
549 2308 738 2379 prosperitate
760 2307 871 2362 roboris
885 2323 937 2378 per
951 2321 1050 2379 super·
1102 2305 1156 2361 bns
1176 2305 1333 2376 perlectas
1356 2304 1526 2361 fortitudine
1546 2304 1724 2361 rectitudinis
1739 2321 1796 2360 suae
1823 2321 1883 2360 non
1899 2321 1954 2359 mo

200 2409 269 2449 nam
279 2392 439 2450 trinitatem
459 2395 635 2467 apparentis,
655 2395 735 2450 nulla
754 2395 949 2451 sollicitudine
962 2395 1049 2466 hujus
1103 2393 1226 2449 vehitur.
1250 2393 1305 2450 Sed
1320 2409 1407 2464 snper
1433 2394 1510 2466 ipsas
1531 2394 1670 2449 fenestras
1691 2409 1791 2448 cervus
1818 2394 1857 2448 ad
1881 2394 1951 2449 dex·

201 2482 298 2538 saculi
319 2485 445 2554 gravata,
470 2483 501 2537 in
520 2483 643 2539 caudore
661 2487 774 2540 tantum
798 2483 920 2539 colestia
939 2483 1050 2540 deside·
1103 2487 1176 2538 tram
1189 2483 1317 2551 ejusdem
1340 2483 1475 2554 imaginis
1503 2499 1601 2537 versus
1623 2486 1752 2554 apparel,
1773 2481 1843 2554 qnia
1866 2497 1952 2554 snper

201 2571 239 2626 rii
271 2572 376 2643 querit
408 2571 525 2626 dissolvi
550 2575 578 2626 et
600 2588 660 2626 essa
683 2587 750 2627 cum
781 2572 904 2641 Christo,
931 2577 1050 2645 propter
1103 2571 1275 2627 lidemhanc
1297 2572 1374 2643 quod
1392 2571 1480 2626 Filius
1506 2571 1557 2626 liei
1585 2572 1802 2628 Deaasethomo
1825 2571 1952 2626 creditur

203 2659 383 2732 quodetiam
408 2661 487 2715 nulla
517 2676 615 2716 aarum
648 2659 737 2732 pallio
761 2659 1047 2729 circumamictaest3
1103 2659 1230 2732 ipseper
1245 2660 1445 2716 credulitatem
1475 2659 1569 2716 tidelis
1595 2659 1696 2732 populi
1720 2659 1887 2716 firmissime
1903 2675 1952 2731 po·

201 2748 337 2818 quoniam
351 2747 387 2803 ab
410 2748 490 2803 omni
514 2748 609 2804 allicio
630 2748 774 2804 servitutis
797 2749 949 2804 denudatae
971 2752 1047 2818 sunt,
1104 2748 1192 2815 nitur,
1213 2763 1278 2804 cum
1304 2764 1486 2820 percursam
1501 2747 1660 2802 velocitatis
1683 2764 1743 2803 suaa
1766 2748 1882 2803 ccclesia
1908 2747 1952 2801 de

104 2859 114 2871 ·
201 2854 255 2910 per
277 2839 354 2910 quod
375 2840 410 2895 ab
435 2839 528 2896 officio
552 2839 692 2896 libertatis
706 2857 767 2895 sum
789 2856 903 2912 semper
916 2839 1050 2897 videlicet
1068 2861 1088 2917 c
1104 2835 1241 2892 siderium
1259 2835 1422 2907 designans,
1452 2836 1488 2891 ad
1517 2835 1647 2892 dextram
1677 2835 1845 2891 constantias
1869 2835 1951 2888 verti-

202 2927 232 2981 in
255 2929 358 2983 coslum
376 2929 512 3000 aspicere,
541 2933 570 2984 at
596 2929 631 2983 ad
659 2931 750 2984 Deum
775 2929 913 2984 anhelare
936 2929 1049 3001 possint
1103 2929 1166 2992 tur;
1190 2923 1327 2997 quoniam
1366 2925 1424 2980 vita
1451 2929 1562 2980 eterna
1580 2925 1610 2980 in
1634 2923 1847 2997 perseverantia
1881 2923 1951 2979 boni

201 3015 347 3087 impediri,
362 3016 436 3071 nihil
451 3016 529 3072 aliud
548 3016 744 3072 desiderantes
759 3016 814 3071 nisi
829 3018 907 3089 quod
927 3022 1049 3073 aterne·
1103 3013 1196 3086 operis
1207 3014 1359 3085 reperitur,
1376 3017 1463 3071 itaut
1484 3015 1643 3070 anteriores
1665 3015 1751 3086 pedes
1780 3031 1848 3069 suos
1864 3029 1951 3085 super

202 3103 247 3158 nis
275 3106 362 3159 rebus
385 3108 551 3176 separatum
573 3110 626 3174 est,
650 3111 758 3177 prater
778 3106 903 3161 mediam
919 3106 1049 3178 ipsarum
1102 3103 1257 3160 fenestram
1270 3103 1407 3171 dextram,
1427 3108 1456 3158 et
1485 3104 1658 3175 posteriores
1685 3117 1772 3174 super
1804 3101 1950 3158 sinistram

201 3192 369 3262 triumque
388 3192 453 3247 albo
467 3193 555 3264 pallio
570 3194 716 3260 induitur;
732 3209 785 3266 per
800 3195 876 3267 quod
895 3195 927 3249 in
939 3198 1050 3249 susten·
1103 3195 1209 3264 ponat:
1225 3191 1293 3263 quia
1311 3191 1390 3263 qnod
1418 3190 1479 3262 ipse
1495 3206 1579 3246 verns
1594 3191 1669 3246 Deus
1690 3191 1738 3256 sit,
1764 3193 1862 3246 necin
1883 3196 1949 3245 tran

202 3279 310 3334 tatione
342 3280 439 3337 divina
465 3281 648 3352 pulchritudo
684 3282 800 3338 discreti
831 3281 924 3354 operis
956 3281 1049 3339 beaten
1103 3279 1246 3354 quillitatc
1262 3279 1329 3335 lidei
1344 3279 1597 3348 contemnendum,
1613 3280 1846 3351 autquodverus
1861 3280 1949 3334 horno

201 3365 275 3438 legis
292 3367 464 3437 insinuatur,
488 3384 555 3425 cum
578 3385 635 3442 quo
661 3370 762 3425 eadem
777 3369 869 3425 virtus
882 3369 924 3426 ita
940 3369 1049 3425 circum
1104 3369 1140 3424 sit
1157 3368 1254 3424 necin
1270 3367 1479 3440 ejusdemfldei
1496 3367 1713 3439 impugnatione
1729 3367 1765 3422 ab
1780 3368 1840 3422 ullo
1861 3369 1952 3422 Deum

202 3455 305 3511 amicta
328 3457 473 3528 obtegitur
495 3461 526 3513 ut
552 3459 639 3514 homo
655 3458 743 3531 pallio
768 3475 820 3513 suo
844 3460 1048 3515 circumdatur.
1102 3457 1242 3512 veraciter
1271 3457 1408 3528 diligente
1439 3455 1630 3512 diflidendum
1661 3461 1712 3512 est.
1750 3455 1829 3511 Unde
1858 3459 1887 3510 et
1915 3471 1953 3510 se

202 3544 257 3624 Sed
272 3545 349 3616 quod
376 3547 481 3601 tunicis
503 3547 574 3603 albis
596 3563 695 3602 omnes
715 3547 893 3603 vestiuntur:
924 3548 979 3602 hoc
1007 3553 1050 3603 ast
1104 3545 1185 3618 quasi
1200 3545 1233 3600 ad
1251 3545 1424 3600 currendum
1451 3549 1573 3617 coaptat,
1590 3544 1727 3616 quoniam
1748 3545 1865 3600 salvatio
1890 3543 1951 3598 ani-

203 3633 283 3706 quod
296 3633 326 3688 in
339 3635 462 3690 candore
482 3636 624 3691 bonorum
641 3651 763 3707 operum
778 3635 886 3706 absque
897 3635 1049 3706 nigredine
1103 3649 1215 3689 marum
1231 3634 1261 3689 in
1281 3649 1366 3690 eumn
1390 3634 1452 3706 ejus
1466 3639 1582 3706 reperta
1596 3637 1657 3688 est:
1671 3648 1736 3688 cum
1759 3633 1821 3703 ipse
1842 3632 1873 3688 in
1888 3647 1951 3686 ma-

202 3736 357 3794 pravorum
382 3739 496 3779 morum
518 3729 724 3779 conversantur
745 3723 840 3795 quiin
862 3723 1000 3796 nequitiis
1021 3729 1050 3780 el
1103 3722 1168 3795 guis
1178 3721 1324 3778 doloribus
1336 3736 1493 3793 pmpcrans
1507 3721 1542 3777 ad
1557 3721 1719 3794 passionem
1742 3721 1842 3790 evacis,
1861 3720 1950 3776 vitam

201 3807 279 3863 vitiis
302 3809 452 3865 obcaecatae
471 3810 648 3865 infidelitatis
670 3809 914 3866 obtenebrantur:
931 3816 1050 3882 excepta
1102 3811 1134 3865 in
1166 3809 1285 3864 veritate
1312 3799 1561 3881 perseverantibus
1595 3810 1725 3876 contulit,
1764 3812 1797 3863 ut
1829 3815 1857 3863 el
1892 3811 1950 3864 vir-

202 3897 252 3951 illa
266 3912 331 3969 quac
352 3896 382 3952 in
406 3902 470 3952 rota
490 3914 643 3970 apparens,
665 3899 792 3954 tunicam
813 3899 982 3971 subnigram
996 3899 1048 3954 ha·
1102 3903 1148 3955 tus
1160 3897 1223 3952 haec
1238 3896 1368 3952 iuverbis
1384 3913 1444 3954 suae
1456 3897 1641 3960 confessionis
1655 3913 1741 3969 supra
1753 3896 1893 3968 designat.

202 3985 270 4050 bet;
294 3985 362 4056 quia
382 3985 446 4040 heac
461 3986 491 4039 in
505 3985 684 4042 volubilitate
706 3987 810 4043 divinae
829 3989 988 4043 clementie
1004 3987 1049 4044 lais
1139 3985 1192 4041 Sed
1209 3984 1334 4040 secunda
1360 3985 1456 4058 imago
1482 4001 1576 4058 quma
1603 3985 1709 4041 dextris
1724 3985 1786 4057 ejus
1810 3989 1861 4052 cst,
1893 4001 1946 4039 om-

203 4072 313 4127 actibus
340 4073 515 4128 circumdata
549 4079 602 4143 est,
624 4090 689 4145 qum
722 4075 753 4131 in
787 4075 965 4131 districtione
997 4092 1050 4132 sue
1103 4073 1172 4127 leste
1188 4070 1363 4128 desiderium
1391 4073 1567 4146 prmlignrat,
1593 4075 1622 4129 in
1642 4075 1745 4130 ooelum
1773 4089 1888 4144 semper
1901 4089 1946 4128 as-

204 4159 284 4213 carni
307 4159 438 4215 difficiles
457 4165 533 4228 sunt,
549 4166 577 4216 et
601 4167 705 4234 preter
723 4162 797 4218 hanc
811 4154 908 4235 quasa
927 4164 1049 4219 sinistris
1069 4153 1214 4233 Dpiciens
1230 4166 1259 4217 et
1285 4163 1320 4218 ad
1344 4163 1531 4218 salvationem
1547 4165 1676 4231 tendens,
1707 4179 1762 4235 per
1781 4164 1858 4235 quod
1882 4178 1947 4216 con·

204 4246 307 4302 medin
330 4248 498 4303 caravmdcm
524 4249 614 4305 trium
644 4251 777 4306 assistens
817 4251 915 4307 tunica
948 4253 1049 4323 pallidi
1102 4251 1208 4306 stantia
1240 4251 1460 4323 prosperitatem
1496 4236 1670 4307 caducorum
1706 4267 1764 4306 non
1799 4257 1946 4323 appetens,

204 4334 308 4389 coloris
322 4335 433 4404 utitur,
446 4337 509 4407 ipsa
527 4337 558 4392 in
571 4338 742 4394 adversitate
769 4355 822 4411 per
836 4339 1049 4395 munimentum
1103 4340 1194 4412 magis
1209 4339 1375 4394 felicitatem
1399 4345 1573 4395 aeternorum
1590 4341 1743 4395 desiderat.
1769 4341 1947 4410 Quapropter

204 4436 327 4478 summae
350 4425 508 4495 majestatis
530 4426 566 4481 ad
592 4426 787 4482 defensionem
803 4427 853 4503 sui
874 4425 1051 4483 circumdala
1103 4427 1314 4500 etpraedictum
1343 4443 1457 4483 cervum
1480 4427 1611 4500 inspicit;
1628 4429 1696 4500 qvvia
1718 4428 1819 4483 l'ilium
1846 4429 1896 4483 Dei
1917 4427 1946 4482 in

206 4517 235 4567 et
262 4511 377 4580 vallata,
411 4514 589 4584 lacrymabili
620 4531 743 4571 moerore
773 4516 916 4588 gementis
942 4516 1047 4587 operis,
1103 4517 1278 4572 lucidissimo
1305 4532 1391 4588 opere
1416 4532 1468 4572 suo
1483 4517 1596 4573 assidue
1621 4516 1779 4583 attendens,
1795 4517 1825 4572 in
1840 4515 1945 4573 dulcis-

204 4599 235 4655 in
256 4617 321 4673 quaa
346 4602 419 4657 ilaus
452 4608 482 4657 ct
506 4604 617 4675 ejulans
645 4604 680 4658 ad
706 4606 795 4660 Deum
823 4619 938 4676 semper
959 4605 1050 4677 auspi·
1103 4606 1182 4661 simis
1192 4605 1372 4676 amplexibus
1384 4605 1461 4660 illius
1485 4606 1606 4660 saturari
1636 4621 1694 4660 non
1718 4605 1823 4676 poterit
1846 4619 1945 4678 quem-

206 4693 258 4745 rat.
289 4689 369 4746 Unde
395 4690 482 4747 etiam
506 4707 607 4747 omnes
640 4693 840 4748 calceamentis
870 4693 941 4749 albis
968 4693 1051 4749 indu-
1104 4693 1259 4750 admodum
1298 4699 1327 4750 at
1349 4693 1481 4766 superins
1509 4694 1539 4750 in
1564 4694 1708 4749 locutione
1736 4693 1871 4749 desiderii
1903 4691 1943 4748 sni

204 4781 243 4831 tea
270 4783 356 4844 sunt3
386 4779 525 4850 quoniam
556 4779 587 4835 iu
620 4786 713 4836 morte
739 4781 802 4837 Filii
837 4781 895 4837 mei
924 4783 1051 4838 lucentes
1105 4781 1240 4839 aillrmat.

206 4865 281 4920 viam
295 4867 374 4938 pacis
389 4867 421 4921 in
436 4867 582 4923 mentibus
596 4869 747 4926 hominnm
773 4875 885 4943 parant,
910 4874 1052 4943 quatenus
1138 4869 1233 4927 Tertia
1260 4873 1356 4926 autem
1380 4869 1477 4943 imago
1505 4887 1522 4927 a
1543 4871 1666 4928 sinistris
1694 4869 1756 4942 elus
1784 4875 1871 4938 stans,
1901 4885 1944 4924 os·

205 4954 330 5010 colestia
352 4955 525 5022 desiderent,
541 4961 659 5028 excepta
686 4958 782 5013 media
813 4958 940 5030 ipsamm
962 4947 1050 5014 trium
1104 4958 1195 5014 tendit
1217 4958 1468 5031 compunctionem
1494 4959 1586 5015 cordia
1618 4964 1703 5033 atqua
1722 4959 1945 5015 recordationem

206 5045 288 5118 cujus
311 5044 483 5102 indumenta
504 5046 611 5117 pedum
633 5046 717 5118 nigra
737 5045 872 5102 videntur
894 5051 923 5103 et
938 5047 1051 5103 diverso
1106 5049 1210 5102 mentis
1232 5046 1345 5103 assidua
1371 5048 1545 5104 contritione
1571 5045 1711 5104 exsilium*
1729 5062 1812 5102 snum
1836 5063 1948 5118 gamen

205 5135 301 5189 colore
330 5133 461 5204 depicta3
484 5135 623 5206 quoniam
641 5136 702 5192 haec
725 5135 778 5190 snb
798 5137 976 5207 protectione
1002 5135 1052 5191 lici
1105 5139 1163 5190 tem
1177 5140 1204 5191 et
1229 5137 1402 5207 plorantem,
1419 5137 1500 5208 cujus
1521 5137 1606 5192 beata
1629 5136 1767 5192 allusione
1792 5135 1948 5190 constantia

205 5235 334 5290 manens,
358 5221 408 5276 sed
431 5236 535 5292 magna
571 5223 725 5279 schismata
752 5222 911 5279 infidelium
933 5223 963 5278 in
990 5222 1053 5278 irri-
1105 5224 1336 5279 contrarietatem
1356 5223 1478 5280 sinistre
1507 5225 1676 5298 partisque
1699 5223 1822 5297 perditio
1849 5223 1948 5280 animae

205 5307 286 5364 aione
304 5309 498 5383 nigredinisa
525 5312 571 5367 via
607 5311 736 5368 veritatis
760 5312 937 5369 deviantium
970 5311 1053 5367 susti·
1106 5318 1149 5368 est
1175 5311 1332 5380 declinans,
1354 5312 1390 5368 ad
1413 5313 1500 5369 vitam
1528 5314 1563 5371 de
1594 5319 1686 5369 morte
1714 5312 1830 5368 isatinet
1874 5311 1947 5366 Unda

207 5410 288 5466 nans,
304 5402 382 5456 recto
396 5402 494 5455 tamen
507 5398 610 5457 itinera
630 5400 699 5457 uaai
723 5401 856 5458 decorata
880 5401 911 5456 in
930 5399 1051 5457 mortiti-
1107 5399 1193 5457 etiam
1222 5401 1259 5455 ad
1290 5401 1424 5473 praelatas
1438 5400 1600 5458 fenestellas
1620 5400 1738 5474 aspicit3
1762 5400 1946 5472 qnoniamin
