3984 6034
852 153 884 209 S.
908 151 1144 209 nttnndtunts

388 516 815 648 SANCTAE
882 509 1616 644 HILDEGARDIS

863 782 1141 892 SCIVIAS

958 1017 1033 1059 siva

464 1172 816 1280 VISIONUM
849 1171 936 1275 AC
970 1167 1541 1274 REVELATIONUM

825 1377 974 1451 ιιιιιιι
1020 1377 1174 1451 rans.

121 1601 170 1665 (Es
183 1599 299 1651 editione
313 1599 431 1663 principe
443 1598 487 1648 cui
498 1595 592 1646 titulus
606 1609 613 1644 ι
632 1594 707 1646 tiber
718 1596 806 1645 trium
817 1591 1001 1655 spiritualium
1015 1593 1147 1651 utrorum,
1158 1592 1271 1646 derina,
1286 1589 1410 1654 opaeum·
1419 1591 1445 1641 et
1455 1587 1557 1701 {ratris
1569 1588 1676 1645 Liberti,
1692 1591 1715 1640 et
1730 1588 1812 1640 trium
1822 1591 1876 1650 spl

151 1662 296 1714 ritualium
307 1664 447 1772 otrftaum,
458 1657 639 1720 nttdroordu,
655 1654 810 1708 Elisabctba
824 1657 852 1705 et
868 1653 1029 1712 llcclttildis,
1040 1653 1140 1726 'editore
1153 1653 1250 1726 iacebo
1265 1653 1358 1724 labro..
1371 1651 1454 1725 §ispa
1465 1652 1590 1724 cusiap.
1603 1652 1767 1726 Stepbannm
1781 1665 1876 1724 avum,

150 1725 266 1783 Parisiis,
278 1725 306 1774 iu
318 1724 345 1774 lo
357 1724 392 1780 io,
405 1735 477 1771 auno
491 1721 561 1775 1513,
576 1722 607 1769 ut
617 1719 761 1768 adnotatur
779 1718 812 1767 ad
829 1717 927 1767 calcem
947 1717 1100 1766 voluminis.
1114 1735 1127 1760 a
1150 1715 1282 1764 Emissum
1295 1715 1401 1764 Partsus
1418 1727 1449 1762 ex
1468 1711 1579 1764 Olflcrua
1603 1714 1709 1787 benerei
1734 1713 1872 1786 Stephani,

150 1786 346 1859 clialcogrspbi,
357 1798 372 1835 a
385 1785 497 1858 ‘regions
511 1780 614 1832 Scholia
628 1782 818 1852 Decretornm,
832 1791 903 1851 auno
925 1778 979 1828 Mil.
996 1777 1104 1850 Ccllcc.
1131 1775 1199 1832 Xlli,
1219 1781 1293 1826 sexto
1308 1777 1396 1850 ileum
1418 1775 1520 1825 lunias.
1535 1801 1567 1814 -
1588 1776 1623 1825 lrs
1638 1789 1688 1896 ὅιιιΙ
1702 1775 1764 1825 burc
1779 1775 1875 1826 devoto

149 1863 245 1922 proque
256 1860 330 1912 opert
341 1845 485 1921 emittendo
504 1843 743 1914 quomodocunque
752 1839 956 1914 sustulerunt,¹
970 1843 1077 1912 prosint
1098 1838 1168 1949 assud
1191 1838 1274 1912 baum
1284 1837 1875 1950 'tffltni'irrregS-ssiresglfflilassiamuiurnffimssffi

149 1903 1360 2034 gggsiuffiffisstgfflnvcelrgeaglutpir'lrpa'tfflfflpxigirionellbcisrfflggguirtlgsssizgglv'rltibua
1371 1961 1484 2012 salutem
1498 1965 1524 2012 et
1538 1975 1585 2026 pro
1599 1975 1628 2012 ss
1638 1961 1770 2027 precesad
1785 1961 1870 2012 Deum

151 2033 263 2098 orato).

785 2255 958 2343 LIBER
983 2254 1214 2342 PRIMUS.

883 2445 1109 2513 Pennino.

157 2763 225 2816 Ecca
241 2759 461 2832 quadragesimo
484 2757 570 2813 tertio
591 2757 757 2828 temporalis
786 2771 886 2811 cursus
911 2752 970 2809 mei
987 2753 1129 2810 illectum
1167 2752 1355 2823 expositionis
1400 2752 1540 2809 librorum
1573 2754 1702 2810 videlicet
1731 2756 1873 2826 Psalterii,

120 2866 208 2916 anuo,
222 2865 287 2904 cum
307 2849 414 2904 coelssti
442 2847 545 2901 visioni
578 2862 683 2918 magno
703 2846 819 2907 timore,
842 2843 967 2898 tremula
1023 2840 1244 2913 Evangeliorum
1261 2845 1289 2895 st
1316 2839 1440 2920 aliorum
1459 2841 1666 2898 catholicorum
1689 2847 1748 2899 lam
1763 2844 1873 2898 Veteris

48 2963 52 2974 ·
118 2937 277 2992 intentione
293 2937 476 3000 iuhaereram,
502 2935 560 2989 vidi
588 2935 745 2989 maximum
770 2932 966 3003 splendorem,
1022 2945 1109 3001 quam
1128 2927 1197 2986 Novi
1224 2929 1398 2984 Testamenti
1427 2930 1606 2986 voluminum
1630 2931 1788 3002 sapiebam,
1812 2949 1871 2988 uon

117 3022 620 3096 inquotsctaestvoxdecoetoad
641 3023 796 3075 medrccus
813 3037 819 3076 :
836 3020 858 3076 0
878 3021 965 3074 homo
1021 3024 1117 3073 autem
1152 3018 1418 3089 interpretationem
1453 3018 1604 3074 verborum
1635 3025 1728 3074 textus
1759 3037 1871 3090 sorum,

116 3113 236 3185 fragilis.
260 3116 288 3166 et
308 3110 379 3165 cinis
399 3109 503 3164 cineris
526 3115 556 3164 et
580 3108 702 3179 putredo
726 3106 896 3179 putredinis,
920 3105 967 3161 dic
1021 3123 1073 3162 uec
1087 3107 1258 3164 divisionem
1276 3107 1460 3176 syllabarum,
1473 3123 1525 3161 nec
1541 3109 1736 3180 coguitionem
1751 3125 1871 3165 casuum

116 3206 145 3255 et
170 3201 262 3255 scribe
284 3214 349 3270 qua.
372 3197 449 3252 vides
476 3202 505 3250 et
526 3197 619 3251 andis.
644 3196 699 3251 Sed
726 3196 795 3267 qnia
818 3194 920 3249 timida
935 3210 966 3249 ss
1022 3200 1071 3250 snt
1087 3200 1250 3266 temporum
1265 3195 1415 3250 callebam.
1431 3195 1570 3250 Virtutem
1592 3203 1688 3252 autam
1716 3199 1872 3268 mysterio-

116 3283 357 3354 adloquendum,
377 3291 405 3340 et
423 3285 546 3355 simplex
568 3287 604 3339 ad
626 3284 841 3356 exponendum,
862 3289 891 3337 et
918 3284 966 3338 in·
1020 3299 1097 3348 rum,
1112 3287 1285 3339 secretarum
1303 3294 1331 3338 et
1345 3283 1581 3339 admirandarum
1597 3285 1741 3341 visionum
1762 3305 1779 3340 a
1794 3289 1872 3358 puel-

117 3370 202 3426 docta
224 3372 260 3428 ad
283 3373 465 3429 scribendum
488 3390 532 3441 ea,
557 3373 602 3430 dic
629 3379 658 3428 et
682 3374 772 3428 scribe
798 3388 833 3427 ea
848 3388 907 3427 nou
922 3389 965 3427 se·
1021 3374 1073 3428 lari
1090 3377 1183 3440 aetate,
1203 3371 1339 3427 sciliceta
1360 3377 1489 3444 tempore
1511 3372 1560 3427 iilo
1580 3389 1645 3428 cum
1675 3375 1872 3447 quinquennis

117 3460 245 3516 cundum
275 3479 307 3517 os
341 3463 477 3530 bominis,
513 3479 566 3518 ucc
595 3463 753 3518 secundum
786 3461 964 3517 intellectum
1021 3476 1111 3516 essem
1137 3477 1226 3533 usqne
1248 3461 1284 3516 sd
1303 3466 1569 3532 praseustempus,
1597 3463 1722 3517 mirabili
1740 3465 1824 3519 modo
1840 3466 1870 3520 iu

117 3549 253 3605 bumana.
279 3551 501 3620 adinventionis,
528 3568 580 3606 nec
609 3551 767 3607 secundum
789 3551 964 3605 voluntatem
1021 3567 1066 3605 me
1093 3566 1248 3615 senseram,
1273 3550 1346 3605 sicut
1375 3555 1404 3604 et
1434 3549 1545 3605 adhuc:
1571 3552 1648 3623 qnod
1673 3557 1770 3607 tamen
1798 3555 1870 3608 nulli

117 3637 252 3693 humana
273 3639 501 3712 conspositiouis,
526 3641 574 3694 sed
604 3639 763 3694 secundum
787 3639 814 3693 id
838 3638 915 3709 quod
931 3654 967 3693 ea
1020 3639 1171 3694 bominum
1196 3639 1321 3710 exceptis
1354 3637 1527 3710 quibusdam
1548 3641 1646 3712 paucis
1670 3646 1699 3695 et
1728 3641 1870 3712 religiosis

117 3725 148 3780 iu
171 3727 333 3783 caelestibus
365 3728 533 3799 desuperin
561 3727 741 3782 mirabilibus
766 3726 815 3782 nei
844 3726 922 3782 rides
937 3732 967 3781 et
1020 3729 1070 3800 qui
1090 3728 1121 3782 iu
1141 3728 1240 3782 eadem
1268 3728 1486 3782 couversatione
1512 3727 1645 3784 vivebant
1673 3745 1731 3801 qua
1760 3737 1788 3785 et
1815 3747 1869 3802 ego

118 3814 214 3880 andis;
241 3831 276 3870 ea
301 3817 342 3871 sic
375 3817 559 3872 edisserendo
586 3815 746 3887 prolerens,
774 3814 966 3886 quemadmu-
1020 3832 1110 3884 eram,
1132 3815 1321 3880 manifestavi,
1345 3815 1393 3870 sed
1420 3816 1538 3871 iuterim
1569 3833 1660 3888 usqua
1686 3818 1721 3873 ad
1750 3818 1780 3873 id
1795 3825 1868 3873 tcm-

117 3901 186 3956 dum
209 3909 239 3958 et
259 3904 374 3959 auditor
396 3905 483 3959 verba
508 3903 694 3974 praeceptoris
722 3901 765 3955 sui
794 3901 964 3973 percipiens,
1020 3905 1170 3976 porisqtto
1189 3903 1258 3960 illud
1276 3904 1350 3959 Deus
1373 3905 1533 3974 suagratia
1561 3904 1740 3960 manifestari
1769 3908 1869 3977 voluit,

117 3991 321 4046 sesecundum
336 3999 466 4048 tenorem
491 3991 643 4046 locutionis
661 3991 748 4057 illins,
765 3991 827 4062 ipso
841 3991 964 4056 volente,
1020 3992 1073 4047 sub
1088 3991 1185 4063 quieto
1216 3991 1332 4067 silentio
1351 3993 1517 4061 compressi.
1548 3993 1677 4048 Visiones
1704 4009 1770 4048 vero
1798 4011 1870 4066 qum

118 4080 285 4134 ostendente
300 4084 330 4134 at
353 4078 539 4150 praecipiente
555 4082 696 4150 propalat.
720 4079 766 4135 Sic
789 4095 858 4152 ergo
878 4084 964 4145 ettu,
984 4048 1098 4134 Bridi:
1126 4096 1184 4135 uon
1214 4096 1262 4134 eas
1292 4080 1321 4133 in
1349 4079 1468 4146 soutuis,
1497 4095 1549 4134 nsc
1577 4079 1734 4147 dormiens,
1758 4097 1810 4136 nec
1839 4081 1868 4135 in

117 4166 247 4236 obumo,
272 4168 318 4222 dic
334 4183 368 4223 ea
395 4185 461 4240 qum
487 4168 566 4223 vides
590 4174 620 4223 et
647 4169 729 4224 audis
743 4184 750 4223 :
766 4173 795 4222 et
822 4167 914 4222 scribe
933 4183 967 4221 sa
1020 4168 1166 4239 phrenesi,
1191 4183 1243 4222 uec
1269 4167 1415 4237 corporeis
1438 4168 1529 4223 oculis
1549 4174 1598 4224 aut
1614 4169 1732 4225 auribus
1746 4169 1869 4226 exterio-

118 4271 176 4309 uou
191 4263 347 4311 secundum
373 4261 414 4322 ta,
433 4272 487 4312 uec
514 4257 673 4312 secuudum
695 4257 785 4312 alium
805 4256 965 4323 hominem,
1020 4255 1059 4309 ris
1083 4255 1217 4321 hominis,
1241 4271 1294 4310 nec
1315 4255 1345 4309 iu
1374 4255 1480 4311 abditis
1508 4254 1578 4312 locis
1603 4255 1729 4328 percepi,
1755 4257 1869 4312 sedeas

118 4343 167 4398 sed
204 4344 361 4401 secuudum
403 4347 580 4400 voluntatem
615 4346 740 4412 scientis,
774 4345 898 4400 videntis
937 4348 967 4400 et
1020 4343 1152 4414 vigilans,
1185 4343 1418 4415 circumspiciens
1446 4344 1476 4399 iu
1503 4360 1576 4414 pura
1609 4352 1704 4400 ments
1733 4345 1871 4400 oculissi

117 4432 296 4504 disponentis
310 4435 408 4490 omnia
430 4435 460 4488 iu
476 4435 592 4489 secretis
612 4433 812 4505 mysteriorum
835 4449 964 4488 surorum.
1020 4431 1137 4487 auribus
1160 4431 1306 4487 interioris
1328 4431 1464 4495 bominis,
1488 4433 1518 4486 in
1546 4434 1653 4503 apertis
1679 4433 1746 4487 iocis
1766 4449 1868 4488 secuu-

118 4521 152 4575 lit
174 4522 278 4577 iterum
300 4523 516 4578 audivivocem
547 4523 582 4578 de
604 4523 675 4578 coeto
704 4522 775 4577 mibi
797 4522 964 4576 dicentem:
1020 4520 1089 4575 dnm
1115 4521 1288 4576 volurttatsm
1313 4522 1362 4576 liei
1393 4521 1510 4593 accepit.
1535 4521 1615 4586 Quod
1650 4522 1794 4592 quomodo
1824 4522 1870 4588 sit,

119 4609 169 4664 liic
195 4626 263 4680 ergo
290 4612 435 4666 mirabilia
469 4613 539 4676 boec,
569 4616 606 4677 et,
629 4611 721 4665 scribe
742 4626 775 4665 aa
799 4609 853 4664 boc
881 4611 967 4669 modu
1020 4609 1127 4664 munuli
1144 4608 1254 4663 bomini
1278 4609 1445 4680 perquirere
1461 4610 1577 4664 ditticita
1599 4613 1651 4663 est.
1669 4607 1722 4664 Sed
1749 4609 1871 4679 puellari

116 4694 226 4762 edoctu,
251 4706 280 4749 et
301 4696 357 4750 dic.
387 4698 488 4751 Actum
511 4699 554 4748 ast
575 4695 605 4749 iu
629 4694 782 4749 millesimo
808 4695 965 4750 centesimo
1020 4702 1098 4750 meta
1121 4701 1286 4751 transacta:
1314 4713 1379 4752 cum
1404 4697 1439 4752 ad
1464 4696 1612 4768 praelatam
1642 4701 1756 4750 aetatem
1773 4697 1871 4765 perle-

117 4781 338 4853 quadragesimo
363 4784 458 4855 prime
482 4782 544 4837 Filii
573 4783 622 4838 liei
650 4783 714 4838 lesu
739 4783 844 4838 Christi
872 4783 966 4837 iucar-
1020 4789 1074 4839 ctae
1097 4783 1276 4839 fortitudinis
1292 4787 1496 4856 pervenissem,
1513 4784 1721 4839 audivivocem
1737 4785 1772 4838 de
1797 4785 1869 4839 emin

118 4870 241 4925 nationis
262 4887 348 4936 anuo,
368 4887 433 4927 cum
456 4872 646 4943 quadraginta
674 4872 799 4926 duorum
822 4887 966 4926 sanorum
1021 4873 1184 4928 dicentem:
1202 4873 1261 4944 Ego
1291 4874 1338 4928 lux
1364 4873 1471 4940 vivens,
1489 4879 1517 4927 et
1544 4871 1665 4927 obscura
1684 4872 1869 4937 illuminaus;

116 4963 284 5032 septemque
309 4962 453 5015 meusium
483 4960 732 5026 essem,maximre
760 4959 965 5015 coruscationis
1020 4961 1168 5017 bominem
1184 4978 1270 5033 quem
1292 4962 1380 5026 volui,
1404 4967 1433 5017 et
1460 4977 1545 5034 quem
1568 4961 1738 5022 mirabiliter
1768 4976 1870 5016 secuu-

117 5046 235 5119 igueum
260 5048 359 5103 lamen
379 5055 479 5120 aperto
501 5049 574 5104 eoelo
600 5047 729 5118 veniens,
764 5053 857 5103 totam
886 5062 965 5104 ccta-
1020 5050 1088 5107 dum
1109 5050 1184 5122 quod
1200 5049 1270 5104 mibi
1286 5049 1394 5121 placuit
1416 5049 1525 5105 excussi
1545 5051 1575 5104 in
1601 5050 1713 5120 maguis
1734 5049 1871 5106 mirabili-

117 5136 201 5190 brum
244 5151 342 5191 meum
369 5138 534 5203 transfudit,
557 5142 586 5192 et
617 5140 712 5192 totum
738 5152 788 5192 cor
814 5141 966 5208 totumque
1019 5138 1161 5194 busnltra
1178 5138 1296 5193 modum
1312 5139 1496 5211 antiquorum
1524 5138 1676 5194 homiuum
1704 5139 1754 5210 qui
1775 5138 1805 5194 in
1824 5153 1871 5193 me

117 5229 215 5294 pectas
235 5239 333 5279 merim
357 5226 435 5281 velut
457 5226 575 5280 llamma
596 5240 656 5280 uou
672 5230 770 5280 tamea
784 5224 899 5293 ardeus,
916 5224 965 5279 sed
1019 5229 1233 5282 multasecrsta
1261 5227 1396 5283 viderunt
1417 5227 1519 5299 posui;
1544 5227 1593 5282 scd
1609 5227 1638 5283 iu
1662 5231 1768 5282 terram
1783 5227 1871 5282 stravi

117 5312 268 5366 calensita
284 5314 482 5380 inllammavit,
499 5320 531 5369 ut
552 5313 814 5385 solramaliquam
837 5313 967 5368 caleiacit
1020 5316 1113 5383 illurn,
1132 5321 1163 5369 ut
1183 5332 1213 5370 sa
1235 5331 1292 5371 nou
1315 5317 1440 5388 erigeret
1466 5316 1496 5371 iu
1525 5316 1582 5370 nlla
1610 5317 1734 5371 elatione
1765 5317 1870 5371 mentis

116 5415 304 5474 superquam
333 5402 428 5457 radios
452 5419 518 5457 suos
533 5403 674 5459 immittit
700 5403 735 5457 Et
748 5402 965 5475 repauteintal·
1019 5418 1091 5458 snm.
1117 5403 1238 5460 lluudus
1265 5419 1382 5477 quoqne
1408 5420 1467 5460 non
1490 5403 1590 5459 babuit
1617 5403 1647 5460 iu
1671 5420 1706 5459 ao
1720 5404 1870 5476 gaudium,
