<?xml version="1.0" encoding="UTF-8"?>
<!DOCTYPE html PUBLIC "-//W3C//DTD XHTML 1.0 Transitional//EN"
    "http://www.w3.org/TR/xhtml1/DTD/xhtml1-transitional.dtd">
<html xmlns="http://www.w3.org/1999/xhtml" xml:lang="en" lang="en">
 <head>
  <title>
</title>
<meta http-equiv="Content-Type" content="text/html;charset=utf-8" />
  <meta name='ocr-system' content='tesseract 3.04.00' />
  <meta name='ocr-capabilities' content='ocr_page ocr_carea ocr_par ocr_line ocrx_word'/>
</head>
<body>
  <div class='ocr_page' id='page_1' title='image "./patrologiaecurs125unkngoog_0452.png"; bbox 0 0 3984 6034; ppageno 0'>
   <div class='ocr_carea' id='block_1_1' title="bbox 128 106 1980 217">
    <p class='ocr_par' dir='ltr' id='par_1_1' title="bbox 128 106 1980 217">
     <span class='ocr_line' id='line_1_1' title="bbox 128 106 1980 217; baseline -0.006 -9"><span class='ocrx_word' id='word_1_1' title='bbox 128 152 180 208; x_wconf 83' lang='lat' dir='ltr'><strong>ses</strong></span> <span class='ocrx_word' id='word_1_2' title='bbox 868 144 896 202; x_wconf 92' lang='lat' dir='ltr'><strong>s.</strong></span> <span class='ocrx_word' id='word_1_3' title='bbox 917 140 1154 201; x_wconf 78' lang='lat' dir='ltr'><strong>nrvnaomms</strong></span> <span class='ocrx_word' id='word_1_4' title='bbox 1366 212 1368 217; x_wconf 66' lang='lat'><strong>,</strong></span> <span class='ocrx_word' id='word_1_5' title='bbox 1827 142 1888 197; x_wconf 87' lang='lat' dir='ltr'><strong>ase</strong></span> <span class='ocrx_word' id='word_1_6' title='bbox 1979 106 1980 159; x_wconf 41' lang='grc' dir='ltr'>Ψ</span> 
     </span>
    </p>
   </div>
   <div class='ocr_carea' id='block_1_2' title="bbox 58 270 1889 5476">
    <p class='ocr_par' dir='ltr' id='par_1_2' title="bbox 58 270 1889 5476">
     <span class='ocr_line' id='line_1_2' title="bbox 125 270 1888 351; baseline -0.005 -14"><span class='ocrx_word' id='word_1_7' title='bbox 125 278 222 348; x_wconf 85' lang='lat' dir='ltr'><strong>tuerit,</strong></span> <span class='ocrx_word' id='word_1_8' title='bbox 246 277 434 351; x_wconf 80' lang='lat' dir='ltr'><strong>perigenem</strong></span> <span class='ocrx_word' id='word_1_9' title='bbox 458 275 612 333; x_wconf 89' lang='lat' dir='ltr'><strong>scintillam</strong></span> <span class='ocrx_word' id='word_1_10' title='bbox 636 276 740 333; x_wconf 88' lang='lat' dir='ltr'><strong>enimse</strong></span> <span class='ocrx_word' id='word_1_11' title='bbox 767 292 833 332; x_wconf 83' lang='lat' dir='ltr'><strong>earo</strong></span> <span class='ocrx_word' id='word_1_12' title='bbox 857 279 887 333; x_wconf 91' lang='lat' dir='ltr'><strong>et</strong></span> <span class='ocrx_word' id='word_1_13' title='bbox 908 290 974 331; x_wconf 92' lang='lat' dir='ltr'><strong>sen·</strong></span> <span class='ocrx_word' id='word_1_14' title='bbox 991 277 1064 331; x_wconf 78' lang='lat' dir='ltr'><strong>Aee</strong></span> <span class='ocrx_word' id='word_1_15' title='bbox 1094 272 1172 346; x_wconf 87' lang='lat' dir='ltr'><strong>quod</strong></span> <span class='ocrx_word' id='word_1_16' title='bbox 1201 288 1251 347; x_wconf 93' lang='lat' dir='ltr'><strong>per</strong></span> <span class='ocrx_word' id='word_1_17' title='bbox 1273 273 1318 330; x_wconf 89' lang='lat' dir='ltr'><strong>lac</strong></span> <span class='ocrx_word' id='word_1_18' title='bbox 1344 276 1373 330; x_wconf 89' lang='lat' dir='ltr'><strong>et</strong></span> <span class='ocrx_word' id='word_1_19' title='bbox 1394 288 1448 346; x_wconf 89' lang='lat' dir='ltr'><strong>per</strong></span> <span class='ocrx_word' id='word_1_20' title='bbox 1469 272 1587 330; x_wconf 90' lang='lat' dir='ltr'><strong>mollem</strong></span> <span class='ocrx_word' id='word_1_21' title='bbox 1611 270 1708 329; x_wconf 90' lang='lat' dir='ltr'><strong>cibum</strong></span> <span class='ocrx_word' id='word_1_22' title='bbox 1724 272 1837 342; x_wconf 88' lang='lat' dir='ltr'><strong>alatur;</strong></span> <span class='ocrx_word' id='word_1_23' title='bbox 1855 276 1888 329; x_wconf 91' lang='lat' dir='ltr'><strong>et</strong></span> 
     </span>
     <span class='ocr_line' id='line_1_3' title="bbox 125 362 1886 441; baseline -0.003 -17"><span class='ocrx_word' id='word_1_24' title='bbox 125 368 190 441; x_wconf 89' lang='lat' dir='ltr'><strong>guis</strong></span> <span class='ocrx_word' id='word_1_25' title='bbox 215 366 340 439; x_wconf 78' lang='lat' dir='ltr'><strong>pleniter</strong></span> <span class='ocrx_word' id='word_1_26' title='bbox 360 365 493 433; x_wconf 79' lang='lat' dir='ltr'><strong>eflicitur,</strong></span> <span class='ocrx_word' id='word_1_27' title='bbox 515 364 593 437; x_wconf 89' lang='lat' dir='ltr'><strong>quia,</strong></span> <span class='ocrx_word' id='word_1_28' title='bbox 614 364 711 421; x_wconf 85' lang='lat' dir='ltr'><strong>eibos</strong></span> <span class='ocrx_word' id='word_1_29' title='bbox 735 365 820 421; x_wconf 91' lang='lat' dir='ltr'><strong>medo</strong></span> <span class='ocrx_word' id='word_1_30' title='bbox 833 363 974 437; x_wconf 88' lang='lat' dir='ltr'><strong>percalc-</strong></span> <span class='ocrx_word' id='word_1_31' title='bbox 1029 364 1167 437; x_wconf 89' lang='lat' dir='ltr'><strong>quoniam</strong></span> <span class='ocrx_word' id='word_1_32' title='bbox 1184 364 1246 420; x_wconf 91' lang='lat' dir='ltr'><strong>sins</strong></span> <span class='ocrx_word' id='word_1_33' title='bbox 1269 362 1401 419; x_wconf 87' lang='lat' dir='ltr'><strong>cruribus</strong></span> <span class='ocrx_word' id='word_1_34' title='bbox 1414 362 1516 421; x_wconf 88' lang='lat' dir='ltr'><strong>etsine</strong></span> <span class='ocrx_word' id='word_1_35' title='bbox 1531 362 1652 437; x_wconf 89' lang='lat' dir='ltr'><strong>pedibus</strong></span> <span class='ocrx_word' id='word_1_36' title='bbox 1671 378 1723 435; x_wconf 93' lang='lat' dir='ltr'><strong>per</strong></span> <span class='ocrx_word' id='word_1_37' title='bbox 1736 363 1833 420; x_wconf 89' lang='lat' dir='ltr'><strong>iemnr</strong></span> <span class='ocrx_word' id='word_1_38' title='bbox 1849 378 1886 419; x_wconf 86' lang='lat' dir='ltr'><strong>aa</strong></span> 
     </span>
     <span class='ocr_line' id='line_1_4' title="bbox 125 450 1889 527; baseline -0.002 -18"><span class='ocrx_word' id='word_1_39' title='bbox 125 467 188 509; x_wconf 89' lang='lat' dir='ltr'><strong>rem</strong></span> <span class='ocrx_word' id='word_1_40' title='bbox 209 452 313 508; x_wconf 73' lang='lat' dir='ltr'><strong>anima</strong></span> <span class='ocrx_word' id='word_1_41' title='bbox 337 469 395 508; x_wconf 90' lang='lat' dir='ltr'><strong>nen</strong></span> <span class='ocrx_word' id='word_1_42' title='bbox 420 452 617 520; x_wconf 78' lang='lat' dir='ltr'>suscitaretur,</span> <span class='ocrx_word' id='word_1_43' title='bbox 637 467 703 508; x_wconf 89' lang='lat' dir='ltr'><strong>caro</strong></span> <span class='ocrx_word' id='word_1_44' title='bbox 726 456 755 507; x_wconf 90' lang='lat' dir='ltr'><strong>ct</strong></span> <span class='ocrx_word' id='word_1_45' title='bbox 773 451 890 523; x_wconf 87' lang='lat' dir='ltr'><strong>sangnis</strong></span> <span class='ocrx_word' id='word_1_46' title='bbox 916 451 977 522; x_wconf 87' lang='lat' dir='ltr'><strong>ple-</strong></span> <span class='ocrx_word' id='word_1_47' title='bbox 1026 468 1079 525; x_wconf 92' lang='lat' dir='ltr'><strong>per</strong></span> <span class='ocrx_word' id='word_1_48' title='bbox 1103 469 1198 527; x_wconf 90' lang='lat' dir='ltr'><strong>genua</strong></span> <span class='ocrx_word' id='word_1_49' title='bbox 1223 452 1337 509; x_wconf 88' lang='lat' dir='ltr'><strong>adultus</strong></span> <span class='ocrx_word' id='word_1_50' title='bbox 1364 452 1452 507; x_wconf 89' lang='lat' dir='ltr'><strong>homo</strong></span> <span class='ocrx_word' id='word_1_51' title='bbox 1473 451 1615 523; x_wconf 70' lang='lat' dir='ltr'><strong>{incedere</strong></span> <span class='ocrx_word' id='word_1_52' title='bbox 1642 467 1701 506; x_wconf 90' lang='lat' dir='ltr'><strong>non</strong></span> <span class='ocrx_word' id='word_1_53' title='bbox 1727 452 1812 515; x_wconf 88' lang='lat' dir='ltr'><strong>velet,</strong></span> <span class='ocrx_word' id='word_1_54' title='bbox 1839 450 1889 506; x_wconf 91' lang='lat' dir='ltr'><strong>ita</strong></span> 
     </span>
     <span class='ocr_line' id='line_1_5' title="bbox 125 538 1888 614; baseline -0.001 -17"><span class='ocrx_word' id='word_1_55' title='bbox 125 541 274 598; x_wconf 87' lang='lat' dir='ltr'><strong>niter-non</strong></span> <span class='ocrx_word' id='word_1_56' title='bbox 295 541 466 605; x_wconf 83' lang='lat' dir='ltr'><strong>efficeretur,</strong></span> <span class='ocrx_word' id='word_1_57' title='bbox 489 540 735 614; x_wconf 82' lang='lat' dir='ltr'><strong>quemadmodum</strong></span> <span class='ocrx_word' id='word_1_58' title='bbox 753 540 875 597; x_wconf 88' lang='lat' dir='ltr'><strong>materia</strong></span> <span class='ocrx_word' id='word_1_59' title='bbox 885 538 975 612; x_wconf 90' lang='lat' dir='ltr'><strong>primi</strong></span> <span class='ocrx_word' id='word_1_60' title='bbox 1028 558 1094 599; x_wconf 92' lang='lat' dir='ltr'><strong>cum</strong></span> <span class='ocrx_word' id='word_1_61' title='bbox 1118 541 1236 598; x_wconf 89' lang='lat' dir='ltr'><strong>scientia</strong></span> <span class='ocrx_word' id='word_1_62' title='bbox 1255 544 1284 597; x_wconf 91' lang='lat' dir='ltr'><strong>et</strong></span> <span class='ocrx_word' id='word_1_63' title='bbox 1307 556 1406 597; x_wconf 87' lang='lat' dir='ltr'><strong>sensus</strong></span> <span class='ocrx_word' id='word_1_64' title='bbox 1420 540 1635 597; x_wconf 89' lang='lat' dir='ltr'><strong>incredulorum</strong></span> <span class='ocrx_word' id='word_1_65' title='bbox 1652 541 1688 597; x_wconf 87' lang='lat' dir='ltr'><strong>ab</strong></span> <span class='ocrx_word' id='word_1_66' title='bbox 1703 540 1770 613; x_wconf 88' lang='lat' dir='ltr'><strong>igne</strong></span> <span class='ocrx_word' id='word_1_67' title='bbox 1785 540 1888 597; x_wconf 87' lang='lat' dir='ltr'><strong>sancti</strong></span> 
     </span>
     <span class='ocr_line' id='line_1_6' title="bbox 124 629 1887 704; baseline -0.001 -17"><span class='ocrx_word' id='word_1_68' title='bbox 124 630 250 688; x_wconf 89' lang='lat' dir='ltr'><strong>hominis</strong></span> <span class='ocrx_word' id='word_1_69' title='bbox 263 632 349 688; x_wconf 84' lang='lat' dir='ltr'><strong>limus</strong></span> <span class='ocrx_word' id='word_1_70' title='bbox 369 631 574 704; x_wconf 75' lang='lat' dir='ltr'>permansisset</span> <span class='ocrx_word' id='word_1_71' title='bbox 586 630 611 685; x_wconf 92' lang='lat' dir='ltr'><strong>si</strong></span> <span class='ocrx_word' id='word_1_72' title='bbox 633 645 686 702; x_wconf 91' lang='lat' dir='ltr'><strong>per</strong></span> <span class='ocrx_word' id='word_1_73' title='bbox 699 630 826 685; x_wconf 89' lang='lat' dir='ltr'><strong>animam</strong></span> <span class='ocrx_word' id='word_1_74' title='bbox 845 632 974 686; x_wconf 73' lang='lat' dir='ltr'><strong>mumius</strong></span> <span class='ocrx_word' id='word_1_75' title='bbox 1028 631 1151 704; x_wconf 88' lang='lat' dir='ltr'><strong>Spiritus</strong></span> <span class='ocrx_word' id='word_1_76' title='bbox 1167 631 1248 687; x_wconf 88' lang='lat' dir='ltr'><strong>vacui</strong></span> <span class='ocrx_word' id='word_1_77' title='bbox 1263 634 1355 699; x_wconf 90' lang='lat' dir='ltr'><strong>erant,</strong></span> <span class='ocrx_word' id='word_1_78' title='bbox 1377 646 1429 703; x_wconf 90' lang='lat' dir='ltr'><strong>per</strong></span> <span class='ocrx_word' id='word_1_79' title='bbox 1444 645 1530 703; x_wconf 91' lang='lat' dir='ltr'><strong>quem</strong></span> <span class='ocrx_word' id='word_1_80' title='bbox 1546 630 1637 687; x_wconf 86' lang='lat' dir='ltr'><strong>Deum</strong></span> <span class='ocrx_word' id='word_1_81' title='bbox 1652 644 1807 702; x_wconf 75' lang='lat' dir='ltr'><strong>agnoscere</strong></span> <span class='ocrx_word' id='word_1_82' title='bbox 1822 629 1887 685; x_wconf 87' lang='lat' dir='ltr'><strong>de-</strong></span> 
     </span>
     <span class='ocr_line' id='line_1_7' title="bbox 125 715 1887 793; baseline -0.001 -19"><span class='ocrx_word' id='word_1_83' title='bbox 125 734 185 774; x_wconf 89' lang='lat' dir='ltr'><strong>uon</strong></span> <span class='ocrx_word' id='word_1_84' title='bbox 207 719 319 775; x_wconf 82' lang='lat' dir='ltr'><strong>fuisset.</strong></span> <span class='ocrx_word' id='word_1_85' title='bbox 342 720 415 774; x_wconf 89' lang='lat' dir='ltr'><strong>Nem</strong></span> <span class='ocrx_word' id='word_1_86' title='bbox 438 719 511 774; x_wconf 86' lang='lat' dir='ltr'><strong>sicut</strong></span> <span class='ocrx_word' id='word_1_87' title='bbox 530 734 582 790; x_wconf 92' lang='lat' dir='ltr'><strong>per</strong></span> <span class='ocrx_word' id='word_1_88' title='bbox 605 733 709 790; x_wconf 87' lang='lat' dir='ltr'><strong>aquam</strong></span> <span class='ocrx_word' id='word_1_89' title='bbox 729 722 758 772; x_wconf 90' lang='lat' dir='ltr'><strong>et</strong></span> <span class='ocrx_word' id='word_1_90' title='bbox 779 717 877 790; x_wconf 90' lang='lat' dir='ltr'><strong>ignem</strong></span> <span class='ocrx_word' id='word_1_91' title='bbox 891 715 975 788; x_wconf 90' lang='lat' dir='ltr'><strong>panis</strong></span> <span class='ocrx_word' id='word_1_92' title='bbox 1027 720 1160 789; x_wconf 77' lang='lat' dir='ltr'><strong>buerant,</strong></span> <span class='ocrx_word' id='word_1_93' title='bbox 1182 720 1213 776; x_wconf 89' lang='lat' dir='ltr'><strong>in</strong></span> <span class='ocrx_word' id='word_1_94' title='bbox 1228 718 1273 775; x_wconf 89' lang='lat' dir='ltr'><strong>via</strong></span> <span class='ocrx_word' id='word_1_95' title='bbox 1287 719 1466 776; x_wconf 76' lang='lat' dir='ltr'><strong>rectitudinis</strong></span> <span class='ocrx_word' id='word_1_96' title='bbox 1481 718 1629 776; x_wconf 86' lang='lat' dir='ltr'><strong>ambolare</strong></span> <span class='ocrx_word' id='word_1_97' title='bbox 1645 720 1710 789; x_wconf 77' lang='lat' dir='ltr'><strong>juon</strong></span> <span class='ocrx_word' id='word_1_98' title='bbox 1732 723 1887 793; x_wconf 89' lang='lat' dir='ltr'><strong>poterunt.</strong></span> 
     </span>
     <span class='ocr_line' id='line_1_8' title="bbox 124 806 1884 881; baseline 0.001 -19"><span class='ocrx_word' id='word_1_99' title='bbox 124 822 158 862; x_wconf 83' lang='lat' dir='ltr'><strong>ex</strong></span> <span class='ocrx_word' id='word_1_100' title='bbox 177 806 272 863; x_wconf 86' lang='lat' dir='ltr'><strong>ferina</strong></span> <span class='ocrx_word' id='word_1_101' title='bbox 285 806 418 870; x_wconf 88' lang='lat' dir='ltr'><strong>etiioitnr,</strong></span> <span class='ocrx_word' id='word_1_102' title='bbox 436 806 477 862; x_wconf 91' lang='lat' dir='ltr'><strong>sic</strong></span> <span class='ocrx_word' id='word_1_103' title='bbox 492 807 580 862; x_wconf 91' lang='lat' dir='ltr'><strong>etiam</strong></span> <span class='ocrx_word' id='word_1_104' title='bbox 601 822 654 878; x_wconf 91' lang='lat' dir='ltr'><strong>per</strong></span> <span class='ocrx_word' id='word_1_105' title='bbox 677 806 775 878; x_wconf 80' lang='lat' dir='ltr'><strong>ignem</strong></span> <span class='ocrx_word' id='word_1_106' title='bbox 788 806 893 861; x_wconf 75' lang='lat' dir='ltr'><strong>anima</strong></span> <span class='ocrx_word' id='word_1_107' title='bbox 907 821 974 862; x_wconf 88' lang='lat' dir='ltr'><strong>caro</strong></span> <span class='ocrx_word' id='word_1_108' title='bbox 1066 808 1259 881; x_wconf 74' lang='lat' dir='ltr'><strong>«inproprie</strong></span> <span class='ocrx_word' id='word_1_109' title='bbox 1280 808 1368 878; x_wconf 81' lang='lat' dir='ltr'><strong>venit,</strong></span> <span class='ocrx_word' id='word_1_110' title='bbox 1391 829 1405 859; x_wconf 74' lang='lat' dir='ltr'><strong>&gt;v</strong></span> <span class='ocrx_word' id='word_1_111' title='bbox 1422 808 1491 881; x_wconf 86' lang='lat' dir='ltr'><strong>quia</strong></span> <span class='ocrx_word' id='word_1_112' title='bbox 1509 808 1651 865; x_wconf 91' lang='lat' dir='ltr'><strong>mundum</strong></span> <span class='ocrx_word' id='word_1_113' title='bbox 1673 814 1827 877; x_wconf 90' lang='lat' dir='ltr'><strong>creaverat,</strong></span> <span class='ocrx_word' id='word_1_114' title='bbox 1851 812 1884 865; x_wconf 87' lang='lat' dir='ltr'><strong>et</strong></span> 
     </span>
     <span class='ocr_line' id='line_1_9' title="bbox 125 894 1885 969; baseline 0.001 -18"><span class='ocrx_word' id='word_1_115' title='bbox 125 898 155 951; x_wconf 92' lang='lat' dir='ltr'><strong>et</strong></span> <span class='ocrx_word' id='word_1_116' title='bbox 174 896 291 968; x_wconf 88' lang='lat' dir='ltr'><strong>sangnis</strong></span> <span class='ocrx_word' id='word_1_117' title='bbox 316 896 358 951; x_wconf 90' lang='lat' dir='ltr'><strong>tit.</strong></span> <span class='ocrx_word' id='word_1_118' title='bbox 384 896 474 951; x_wconf 87' lang='lat' dir='ltr'><strong>llomo</strong></span> <span class='ocrx_word' id='word_1_119' title='bbox 491 894 568 950; x_wconf 90' lang='lat' dir='ltr'><strong>enim</strong></span> <span class='ocrx_word' id='word_1_120' title='bbox 585 894 667 967; x_wconf 86' lang='lat' dir='ltr'><strong>quasi</strong></span> <span class='ocrx_word' id='word_1_121' title='bbox 687 895 737 950; x_wconf 88' lang='lat' dir='ltr'><strong>lux</strong></span> <span class='ocrx_word' id='word_1_122' title='bbox 762 895 884 950; x_wconf 90' lang='lat' dir='ltr'><strong>aliarum</strong></span> <span class='ocrx_word' id='word_1_123' title='bbox 899 910 975 950; x_wconf 87' lang='lat' dir='ltr'><strong>crea·</strong></span> <span class='ocrx_word' id='word_1_124' title='bbox 1027 898 1165 969; x_wconf 87' lang='lat' dir='ltr'><strong>quoniam</strong></span> <span class='ocrx_word' id='word_1_125' title='bbox 1184 897 1342 954; x_wconf 87' lang='lat' dir='ltr'><strong>humanam</strong></span> <span class='ocrx_word' id='word_1_126' title='bbox 1366 912 1481 953; x_wconf 87' lang='lat' dir='ltr'><strong>carnem</strong></span> <span class='ocrx_word' id='word_1_127' title='bbox 1506 895 1649 953; x_wconf 89' lang='lat' dir='ltr'><strong>induerat.</strong></span> <span class='ocrx_word' id='word_1_128' title='bbox 1666 896 1746 953; x_wconf 92' lang='lat' dir='ltr'><strong>Unde</strong></span> <span class='ocrx_word' id='word_1_129' title='bbox 1766 902 1796 953; x_wconf 88' lang='lat' dir='ltr'><strong>et</strong></span> <span class='ocrx_word' id='word_1_130' title='bbox 1815 913 1885 953; x_wconf 92' lang='lat' dir='ltr'><strong>om·</strong></span> 
     </span>
     <span class='ocr_line' id='line_1_10' title="bbox 124 983 1885 1059; baseline 0.003 -20"><span class='ocrx_word' id='word_1_131' title='bbox 124 987 255 1040; x_wconf 84' lang='lat' dir='ltr'><strong>terarum</strong></span> <span class='ocrx_word' id='word_1_132' title='bbox 273 984 305 1039; x_wconf 91' lang='lat' dir='ltr'><strong>in</strong></span> <span class='ocrx_word' id='word_1_133' title='bbox 323 988 400 1039; x_wconf 89' lang='lat' dir='ltr'><strong>terra</strong></span> <span class='ocrx_word' id='word_1_134' title='bbox 421 984 661 1039; x_wconf 80' lang='lat' dir='ltr'><strong>commorantium</strong></span> <span class='ocrx_word' id='word_1_135' title='bbox 676 988 728 1053; x_wconf 90' lang='lat' dir='ltr'><strong>est,</strong></span> <span class='ocrx_word' id='word_1_136' title='bbox 745 1000 812 1056; x_wconf 77' lang='lat' dir='ltr'><strong>qum</strong></span> <span class='ocrx_word' id='word_1_137' title='bbox 828 983 975 1039; x_wconf 90' lang='lat' dir='ltr'><strong>multoties</strong></span> <span class='ocrx_word' id='word_1_138' title='bbox 1026 1002 1078 1043; x_wconf 89' lang='lat' dir='ltr'><strong>nes</strong></span> <span class='ocrx_word' id='word_1_139' title='bbox 1100 992 1239 1042; x_wconf 76' lang='lat' dir='ltr'><strong>creaturae</strong></span> <span class='ocrx_word' id='word_1_140' title='bbox 1272 986 1369 1059; x_wconf 87' lang='lat' dir='ltr'><strong>ipsum</strong></span> <span class='ocrx_word' id='word_1_141' title='bbox 1392 985 1590 1057; x_wconf 89' lang='lat' dir='ltr'><strong>ostenderunt,</strong></span> <span class='ocrx_word' id='word_1_142' title='bbox 1607 990 1640 1041; x_wconf 91' lang='lat' dir='ltr'><strong>ut</strong></span> <span class='ocrx_word' id='word_1_143' title='bbox 1668 1002 1803 1043; x_wconf 89' lang='lat' dir='ltr'><strong>nummus</strong></span> <span class='ocrx_word' id='word_1_144' title='bbox 1828 989 1885 1044; x_wconf 91' lang='lat' dir='ltr'><strong>do·</strong></span> 
     </span>
     <span class='ocr_line' id='line_1_11' title="bbox 125 1072 1883 1147; baseline 0.003 -20"><span class='ocrx_word' id='word_1_145' title='bbox 125 1073 161 1128; x_wconf 89' lang='lat' dir='ltr'><strong>ad</strong></span> <span class='ocrx_word' id='word_1_146' title='bbox 183 1073 279 1144; x_wconf 89' lang='lat' dir='ltr'><strong>ipsum</strong></span> <span class='ocrx_word' id='word_1_147' title='bbox 302 1075 430 1142; x_wconf 86' lang='lat' dir='ltr'><strong>currunt,</strong></span> <span class='ocrx_word' id='word_1_148' title='bbox 460 1072 633 1144; x_wconf 90' lang='lat' dir='ltr'><strong>etquieum</strong></span> <span class='ocrx_word' id='word_1_149' title='bbox 656 1072 748 1128; x_wconf 91' lang='lat' dir='ltr'><strong>multo</strong></span> <span class='ocrx_word' id='word_1_150' title='bbox 775 1088 873 1127; x_wconf 89' lang='lat' dir='ltr'><strong>amore</strong></span> <span class='ocrx_word' id='word_1_151' title='bbox 902 1072 973 1127; x_wconf 90' lang='lat' dir='ltr'><strong>lem·</strong></span> <span class='ocrx_word' id='word_1_152' title='bbox 1027 1074 1141 1130; x_wconf 90' lang='lat' dir='ltr'><strong>minum</strong></span> <span class='ocrx_word' id='word_1_153' title='bbox 1164 1092 1249 1131; x_wconf 92' lang='lat' dir='ltr'><strong>suum</strong></span> <span class='ocrx_word' id='word_1_154' title='bbox 1267 1074 1400 1131; x_wconf 87' lang='lat' dir='ltr'><strong>ostendit.</strong></span> <span class='ocrx_word' id='word_1_155' title='bbox 1426 1076 1496 1131; x_wconf 84' lang='lat' dir='ltr'><strong>Nam</strong></span> <span class='ocrx_word' id='word_1_156' title='bbox 1512 1076 1586 1131; x_wconf 83' lang='lat' dir='ltr'><strong>Dens</strong></span> <span class='ocrx_word' id='word_1_157' title='bbox 1603 1077 1883 1147; x_wconf 89' lang='lat' dir='ltr'><strong>mundumcreavit,</strong></span> 
     </span>
     <span class='ocr_line' id='line_1_12' title="bbox 124 1158 1884 1237; baseline 0.003 -20"><span class='ocrx_word' id='word_1_158' title='bbox 124 1161 209 1217; x_wconf 91' lang='lat' dir='ltr'><strong>bont.</strong></span> <span class='ocrx_word' id='word_1_159' title='bbox 239 1162 318 1218; x_wconf 88' lang='lat' dir='ltr'><strong>Unde</strong></span> <span class='ocrx_word' id='word_1_160' title='bbox 345 1162 433 1217; x_wconf 88' lang='lat' dir='ltr'><strong>etiam</strong></span> <span class='ocrx_word' id='word_1_161' title='bbox 461 1161 601 1217; x_wconf 88' lang='lat' dir='ltr'><strong>ethome</strong></span> <span class='ocrx_word' id='word_1_162' title='bbox 629 1179 646 1218; x_wconf 87' lang='lat' dir='ltr'><strong>a</strong></span> <span class='ocrx_word' id='word_1_163' title='bbox 675 1164 807 1217; x_wconf 88' lang='lat' dir='ltr'><strong>ereatura</strong></span> <span class='ocrx_word' id='word_1_164' title='bbox 833 1161 865 1216; x_wconf 94' lang='lat' dir='ltr'><strong>in</strong></span> <span class='ocrx_word' id='word_1_165' title='bbox 893 1162 975 1233; x_wconf 85' lang='lat' dir='ltr'><strong>cujus</strong></span> <span class='ocrx_word' id='word_1_166' title='bbox 1027 1178 1114 1235; x_wconf 88' lang='lat' dir='ltr'><strong>quem</strong></span> <span class='ocrx_word' id='word_1_167' title='bbox 1139 1158 1254 1218; x_wconf 89' lang='lat' dir='ltr'><strong>bomini</strong></span> <span class='ocrx_word' id='word_1_168' title='bbox 1279 1163 1496 1219; x_wconf 84' lang='lat' dir='ltr'><strong>tabernaculum</strong></span> <span class='ocrx_word' id='word_1_169' title='bbox 1519 1178 1684 1237; x_wconf 77' lang='lat' dir='ltr'><strong>praeparare</strong></span> <span class='ocrx_word' id='word_1_170' title='bbox 1713 1164 1818 1233; x_wconf 80' lang='lat' dir='ltr'><strong>voluit3</strong></span> <span class='ocrx_word' id='word_1_171' title='bbox 1851 1172 1884 1223; x_wconf 90' lang='lat' dir='ltr'><strong>et</strong></span> 
     </span>
     <span class='ocr_line' id='line_1_13' title="bbox 123 1248 1882 1323; baseline 0.001 -18"><span class='ocrx_word' id='word_1_172' title='bbox 123 1265 222 1306; x_wconf 89' lang='lat' dir='ltr'><strong>amore</strong></span> <span class='ocrx_word' id='word_1_173' title='bbox 249 1250 340 1318; x_wconf 89' lang='lat' dir='ltr'><strong>ardet,</strong></span> <span class='ocrx_word' id='word_1_174' title='bbox 365 1266 398 1305; x_wconf 92' lang='lat' dir='ltr'><strong>ea</strong></span> <span class='ocrx_word' id='word_1_175' title='bbox 422 1250 493 1319; x_wconf 88' lang='lat' dir='ltr'><strong>vult,</strong></span> <span class='ocrx_word' id='word_1_176' title='bbox 527 1249 681 1321; x_wconf 88' lang='lat' dir='ltr'><strong>diligenter</strong></span> <span class='ocrx_word' id='word_1_177' title='bbox 708 1250 815 1322; x_wconf 77' lang='lat' dir='ltr'><strong>sepius</strong></span> <span class='ocrx_word' id='word_1_178' title='bbox 842 1248 973 1321; x_wconf 89' lang='lat' dir='ltr'><strong>inquirit.</strong></span> <span class='ocrx_word' id='word_1_179' title='bbox 1028 1250 1259 1323; x_wconf 87' lang='lat' dir='ltr'><strong>quiahominem</strong></span> <span class='ocrx_word' id='word_1_180' title='bbox 1280 1250 1402 1306; x_wconf 86' lang='lat' dir='ltr'><strong>induere</strong></span> <span class='ocrx_word' id='word_1_181' title='bbox 1423 1250 1523 1319; x_wconf 90' lang='lat' dir='ltr'><strong>voluit,</strong></span> <span class='ocrx_word' id='word_1_182' title='bbox 1542 1250 1647 1306; x_wconf 88' lang='lat' dir='ltr'><strong>idcirco</strong></span> <span class='ocrx_word' id='word_1_183' title='bbox 1669 1252 1783 1307; x_wconf 90' lang='lat' dir='ltr'><strong>eumad</strong></span> <span class='ocrx_word' id='word_1_184' title='bbox 1803 1252 1882 1307; x_wconf 89' lang='lat' dir='ltr'><strong>ima-</strong></span> 
     </span>
     <span class='ocr_line' id='line_1_14' title="bbox 126 1338 1885 1413; baseline 0.002 -19"><span class='ocrx_word' id='word_1_185' title='bbox 126 1340 261 1395; x_wconf 77' lang='lat' dir='ltr'><strong>Creatura</strong></span> <span class='ocrx_word' id='word_1_186' title='bbox 283 1343 379 1394; x_wconf 89' lang='lat' dir='ltr'><strong>autem</strong></span> <span class='ocrx_word' id='word_1_187' title='bbox 404 1355 470 1411; x_wconf 81' lang='lat' dir='ltr'><strong>quer</strong></span> <span class='ocrx_word' id='word_1_188' title='bbox 498 1339 646 1395; x_wconf 88' lang='lat' dir='ltr'><strong>hominem</strong></span> <span class='ocrx_word' id='word_1_189' title='bbox 673 1356 731 1395; x_wconf 90' lang='lat' dir='ltr'><strong>non</strong></span> <span class='ocrx_word' id='word_1_190' title='bbox 757 1339 853 1413; x_wconf 79' lang='lat' dir='ltr'><strong>diligit</strong></span> <span class='ocrx_word' id='word_1_191' title='bbox 879 1340 974 1412; x_wconf 88' lang='lat' dir='ltr'><strong>ipsum</strong></span> <span class='ocrx_word' id='word_1_192' title='bbox 1028 1340 1126 1413; x_wconf 89' lang='lat' dir='ltr'><strong>ginem</strong></span> <span class='ocrx_word' id='word_1_193' title='bbox 1156 1343 1184 1395; x_wconf 90' lang='lat' dir='ltr'><strong>et</strong></span> <span class='ocrx_word' id='word_1_194' title='bbox 1217 1338 1438 1395; x_wconf 89' lang='lat' dir='ltr'><strong>similitudinem</strong></span> <span class='ocrx_word' id='word_1_195' title='bbox 1474 1355 1556 1395; x_wconf 85' lang='lat' dir='ltr'><strong>suem</strong></span> <span class='ocrx_word' id='word_1_196' title='bbox 1587 1338 1664 1396; x_wconf 86' lang='lat' dir='ltr'><strong>lecit.</strong></span> <span class='ocrx_word' id='word_1_197' title='bbox 1696 1340 1885 1412; x_wconf 83' lang='lat' dir='ltr'><strong>Quapropter</strong></span> 
     </span>
     <span class='ocr_line' id='line_1_15' title="bbox 124 1426 1884 1500; baseline 0.001 -17"><span class='ocrx_word' id='word_1_198' title='bbox 124 1428 209 1500; x_wconf 83' lang='lat' dir='ltr'><strong>fugit,</strong></span> <span class='ocrx_word' id='word_1_199' title='bbox 229 1428 369 1483; x_wconf 91' lang='lat' dir='ltr'><strong>etomnia</strong></span> <span class='ocrx_word' id='word_1_200' title='bbox 397 1443 462 1499; x_wconf 84' lang='lat' dir='ltr'><strong>quae</strong></span> <span class='ocrx_word' id='word_1_201' title='bbox 488 1428 524 1483; x_wconf 86' lang='lat' dir='ltr'><strong>ed</strong></span> <span class='ocrx_word' id='word_1_202' title='bbox 549 1444 616 1483; x_wconf 92' lang='lat' dir='ltr'><strong>eom</strong></span> <span class='ocrx_word' id='word_1_203' title='bbox 638 1427 797 1499; x_wconf 89' lang='lat' dir='ltr'><strong>respiciunt</strong></span> <span class='ocrx_word' id='word_1_204' title='bbox 828 1426 976 1482; x_wconf 87' lang='lat' dir='ltr'><strong>conculcat</strong></span> <span class='ocrx_word' id='word_1_205' title='bbox 1028 1426 1126 1482; x_wconf 88' lang='lat' dir='ltr'><strong>omnia</strong></span> <span class='ocrx_word' id='word_1_206' title='bbox 1143 1426 1234 1499; x_wconf 89' lang='lat' dir='ltr'><strong>ipsius</strong></span> <span class='ocrx_word' id='word_1_207' title='bbox 1259 1426 1376 1498; x_wconf 88' lang='lat' dir='ltr'><strong>proprie</strong></span> <span class='ocrx_word' id='word_1_208' title='bbox 1400 1430 1490 1481; x_wconf 88' lang='lat' dir='ltr'><strong>erant.</strong></span> <span class='ocrx_word' id='word_1_209' title='bbox 1520 1428 1552 1483; x_wconf 86' lang='lat' dir='ltr'><strong>Et</strong></span> <span class='ocrx_word' id='word_1_210' title='bbox 1578 1427 1623 1482; x_wconf 89' lang='lat' dir='ltr'><strong>sui</strong></span> <span class='ocrx_word' id='word_1_211' title='bbox 1644 1444 1712 1483; x_wconf 91' lang='lat' dir='ltr'><strong>eum</strong></span> <span class='ocrx_word' id='word_1_212' title='bbox 1740 1443 1800 1483; x_wconf 91' lang='lat' dir='ltr'><strong>non</strong></span> <span class='ocrx_word' id='word_1_213' title='bbox 1830 1444 1884 1485; x_wconf 87' lang='lat' dir='ltr'><strong>re·</strong></span> 
     </span>
     <span class='ocr_line' id='line_1_16' title="bbox 125 1514 1884 1614; baseline -0.001 -41"><span class='ocrx_word' id='word_1_214' title='bbox 125 1521 155 1573; x_wconf 93' lang='lat' dir='ltr'><strong>et</strong></span> <span class='ocrx_word' id='word_1_215' title='bbox 175 1516 303 1589; x_wconf 87' lang='lat' dir='ltr'><strong>dissipat,</strong></span> <span class='ocrx_word' id='word_1_216' title='bbox 325 1517 465 1589; x_wconf 84' lang='lat' dir='ltr'><strong>qnoniam</strong></span> <span class='ocrx_word' id='word_1_217' title='bbox 487 1516 589 1572; x_wconf 90' lang='lat' dir='ltr'><strong>timore</strong></span> <span class='ocrx_word' id='word_1_218' title='bbox 613 1516 675 1587; x_wconf 88' lang='lat' dir='ltr'><strong>ejus</strong></span> <span class='ocrx_word' id='word_1_219' title='bbox 695 1515 857 1588; x_wconf 87' lang='lat' dir='ltr'><strong>perterrita,</strong></span> <span class='ocrx_word' id='word_1_220' title='bbox 878 1516 974 1587; x_wconf 86' lang='lat' dir='ltr'><strong>ipsum</strong></span> <span class='ocrx_word' id='word_1_221' title='bbox 994 1520 1177 1614; x_wconf 82' lang='lat' dir='ltr'><strong>Bceperunt,</strong></span> <span class='ocrx_word' id='word_1_222' title='bbox 1202 1534 1216 1565; x_wconf 77' lang='lat' dir='ltr'><strong>s</strong></span> <span class='ocrx_word' id='word_1_223' title='bbox 1232 1515 1338 1571; x_wconf 89' lang='lat' dir='ltr'><strong>scilicet</strong></span> <span class='ocrx_word' id='word_1_224' title='bbox 1352 1514 1403 1589; x_wconf 88' lang='lat' dir='ltr'><strong>qui</strong></span> <span class='ocrx_word' id='word_1_225' title='bbox 1418 1516 1463 1571; x_wconf 90' lang='lat' dir='ltr'><strong>eni</strong></span> <span class='ocrx_word' id='word_1_226' title='bbox 1478 1520 1559 1572; x_wconf 87' lang='lat' dir='ltr'><strong>erant</strong></span> <span class='ocrx_word' id='word_1_227' title='bbox 1577 1517 1716 1589; x_wconf 86' lang='lat' dir='ltr'><strong>quoniam</strong></span> <span class='ocrx_word' id='word_1_228' title='bbox 1732 1533 1781 1572; x_wconf 91' lang='lat' dir='ltr'><strong>ees</strong></span> <span class='ocrx_word' id='word_1_229' title='bbox 1795 1532 1884 1572; x_wconf 90' lang='lat' dir='ltr'><strong>erea-</strong></span> 
     </span>
     <span class='ocr_line' id='line_1_17' title="bbox 125 1602 1884 1676; baseline 0 -17"><span class='ocrx_word' id='word_1_230' title='bbox 125 1620 186 1659; x_wconf 89' lang='lat' dir='ltr'><strong>esse</strong></span> <span class='ocrx_word' id='word_1_231' title='bbox 213 1604 335 1661; x_wconf 88' lang='lat' dir='ltr'><strong>moleste</strong></span> <span class='ocrx_word' id='word_1_232' title='bbox 366 1603 431 1671; x_wconf 83' lang='lat' dir='ltr'><strong>tert,</strong></span> <span class='ocrx_word' id='word_1_233' title='bbox 466 1608 494 1660; x_wconf 93' lang='lat' dir='ltr'><strong>et</strong></span> <span class='ocrx_word' id='word_1_234' title='bbox 516 1604 579 1660; x_wconf 93' lang='lat' dir='ltr'><strong>ideo</strong></span> <span class='ocrx_word' id='word_1_235' title='bbox 609 1603 755 1660; x_wconf 84' lang='lat' dir='ltr'><strong>multoties</strong></span> <span class='ocrx_word' id='word_1_236' title='bbox 777 1620 844 1659; x_wconf 92' lang='lat' dir='ltr'><strong>eum</strong></span> <span class='ocrx_word' id='word_1_237' title='bbox 865 1603 977 1660; x_wconf 90' lang='lat' dir='ltr'><strong>invadit</strong></span> <span class='ocrx_word' id='word_1_238' title='bbox 1029 1607 1118 1669; x_wconf 85' lang='lat' dir='ltr'><strong>reret,</strong></span> <span class='ocrx_word' id='word_1_239' title='bbox 1134 1603 1202 1675; x_wconf 87' lang='lat' dir='ltr'><strong>quia</strong></span> <span class='ocrx_word' id='word_1_240' title='bbox 1222 1618 1271 1658; x_wconf 87' lang='lat' dir='ltr'><strong>eos</strong></span> <span class='ocrx_word' id='word_1_241' title='bbox 1293 1603 1455 1675; x_wconf 84' lang='lat' dir='ltr'><strong>specialiter</strong></span> <span class='ocrx_word' id='word_1_242' title='bbox 1476 1604 1510 1660; x_wconf 89' lang='lat' dir='ltr'><strong>ad</strong></span> <span class='ocrx_word' id='word_1_243' title='bbox 1533 1602 1691 1676; x_wconf 79' lang='lat' dir='ltr'><strong>imaginem</strong></span> <span class='ocrx_word' id='word_1_244' title='bbox 1706 1620 1788 1659; x_wconf 86' lang='lat' dir='ltr'><strong>suam</strong></span> <span class='ocrx_word' id='word_1_245' title='bbox 1805 1604 1884 1661; x_wconf 80' lang='lat' dir='ltr'><strong>fece·</strong></span> 
     </span>
     <span class='ocr_line' id='line_1_18' title="bbox 126 1690 1884 1764; baseline -0.001 -19"><span class='ocrx_word' id='word_1_246' title='bbox 126 1695 269 1764; x_wconf 85' lang='lat' dir='ltr'><strong>quatenos</strong></span> <span class='ocrx_word' id='word_1_247' title='bbox 301 1691 328 1746; x_wconf 93' lang='lat' dir='ltr'><strong>ei</strong></span> <span class='ocrx_word' id='word_1_248' title='bbox 358 1690 446 1746; x_wconf 88' lang='lat' dir='ltr'><strong>vitam</strong></span> <span class='ocrx_word' id='word_1_249' title='bbox 476 1691 609 1746; x_wconf 87' lang='lat' dir='ltr'><strong>excutiat.</strong></span> <span class='ocrx_word' id='word_1_250' title='bbox 637 1711 651 1741; x_wconf 85' lang='grc' dir='ltr'><strong>ιι</strong></span> <span class='ocrx_word' id='word_1_251' title='bbox 675 1692 708 1745; x_wconf 90' lang='lat' dir='ltr'><strong>ln</strong></span> <span class='ocrx_word' id='word_1_252' title='bbox 729 1691 839 1747; x_wconf 91' lang='lat' dir='ltr'><strong>mundo</strong></span> <span class='ocrx_word' id='word_1_253' title='bbox 870 1694 941 1758; x_wconf 88' lang='lat' dir='ltr'><strong>eret,</strong></span> <span class='ocrx_word' id='word_1_254' title='bbox 957 1708 974 1743; x_wconf 80' lang='lat' dir='ltr'><strong>s</strong></span> <span class='ocrx_word' id='word_1_255' title='bbox 1029 1694 1090 1759; x_wconf 84' lang='lat' dir='ltr'><strong>rat;</strong></span> <span class='ocrx_word' id='word_1_256' title='bbox 1104 1691 1153 1746; x_wconf 88' lang='lat' dir='ltr'><strong>sed</strong></span> <span class='ocrx_word' id='word_1_257' title='bbox 1176 1696 1273 1745; x_wconf 91' lang='lat' dir='ltr'><strong>tamen</strong></span> <span class='ocrx_word' id='word_1_258' title='bbox 1298 1706 1365 1746; x_wconf 91' lang='lat' dir='ltr'><strong>eum</strong></span> <span class='ocrx_word' id='word_1_259' title='bbox 1389 1692 1589 1764; x_wconf 85' lang='lat' dir='ltr'><strong>neglexerunt,</strong></span> <span class='ocrx_word' id='word_1_260' title='bbox 1614 1690 1664 1747; x_wconf 90' lang='lat' dir='ltr'><strong>ubi</strong></span> <span class='ocrx_word' id='word_1_261' title='bbox 1687 1707 1754 1747; x_wconf 91' lang='lat' dir='ltr'><strong>eum</strong></span> <span class='ocrx_word' id='word_1_262' title='bbox 1778 1692 1884 1746; x_wconf 85' lang='lat' dir='ltr'><strong>Facto·</strong></span> 
     </span>
     <span class='ocr_line' id='line_1_19' title="bbox 125 1777 1882 1851; baseline -0.001 -17"><span class='ocrx_word' id='word_1_263' title='bbox 125 1794 190 1835; x_wconf 88' lang='lat' dir='ltr'><strong>cem</strong></span> <span class='ocrx_word' id='word_1_264' title='bbox 213 1778 310 1850; x_wconf 87' lang='lat' dir='ltr'><strong>ragele</strong></span> <span class='ocrx_word' id='word_1_265' title='bbox 325 1777 528 1834; x_wconf 88' lang='lat' dir='ltr'><strong>indumentum</strong></span> <span class='ocrx_word' id='word_1_266' title='bbox 551 1780 587 1835; x_wconf 91' lang='lat' dir='ltr'><strong>de</strong></span> <span class='ocrx_word' id='word_1_267' title='bbox 610 1796 696 1835; x_wconf 89' lang='lat' dir='ltr'><strong>cerne</strong></span> <span class='ocrx_word' id='word_1_268' title='bbox 718 1779 844 1851; x_wconf 80' lang='lat' dir='ltr'><strong>Virginis</strong></span> <span class='ocrx_word' id='word_1_269' title='bbox 869 1778 974 1848; x_wconf 90' lang='lat' dir='ltr'><strong>induit,</strong></span> <span class='ocrx_word' id='word_1_270' title='bbox 1029 1793 1091 1833; x_wconf 86' lang='lat' dir='ltr'><strong>rem</strong></span> <span class='ocrx_word' id='word_1_271' title='bbox 1113 1793 1199 1833; x_wconf 88' lang='lat' dir='ltr'><strong>suum</strong></span> <span class='ocrx_word' id='word_1_272' title='bbox 1221 1794 1282 1834; x_wconf 89' lang='lat' dir='ltr'><strong>esse</strong></span> <span class='ocrx_word' id='word_1_273' title='bbox 1303 1794 1361 1834; x_wconf 91' lang='lat' dir='ltr'><strong>non</strong></span> <span class='ocrx_word' id='word_1_274' title='bbox 1379 1782 1585 1850; x_wconf 88' lang='lat' dir='ltr'><strong>cognorerunt,</strong></span> <span class='ocrx_word' id='word_1_275' title='bbox 1610 1782 1639 1835; x_wconf 87' lang='lat' dir='ltr'><strong>et</strong></span> <span class='ocrx_word' id='word_1_276' title='bbox 1665 1778 1701 1834; x_wconf 90' lang='lat' dir='ltr'><strong>ab</strong></span> <span class='ocrx_word' id='word_1_277' title='bbox 1724 1778 1787 1850; x_wconf 86' lang='lat' dir='ltr'><strong>ipso</strong></span> <span class='ocrx_word' id='word_1_278' title='bbox 1818 1778 1882 1833; x_wconf 86' lang='lat' dir='ltr'><strong>solo</strong></span> 
     </span>
     <span class='ocr_line' id='line_1_20' title="bbox 125 1865 1883 1939; baseline 0.001 -18"><span class='ocrx_word' id='word_1_279' title='bbox 125 1866 176 1922; x_wconf 87' lang='lat' dir='ltr'><strong>ubi</strong></span> <span class='ocrx_word' id='word_1_280' title='bbox 196 1871 294 1922; x_wconf 85' lang='lat' dir='ltr'><strong>sancta</strong></span> <span class='ocrx_word' id='word_1_281' title='bbox 314 1865 454 1923; x_wconf 82' lang='lat' dir='ltr'><strong>llivinitas</strong></span> <span class='ocrx_word' id='word_1_282' title='bbox 477 1866 507 1921; x_wconf 95' lang='lat' dir='ltr'><strong>in</strong></span> <span class='ocrx_word' id='word_1_283' title='bbox 530 1872 646 1923; x_wconf 89' lang='lat' dir='ltr'><strong>uterum</strong></span> <span class='ocrx_word' id='word_1_284' title='bbox 664 1867 742 1922; x_wconf 91' lang='lat' dir='ltr'><strong>illius</strong></span> <span class='ocrx_word' id='word_1_285' title='bbox 765 1883 796 1922; x_wconf 90' lang='lat' dir='ltr'><strong>se</strong></span> <span class='ocrx_word' id='word_1_286' title='bbox 816 1866 974 1935; x_wconf 83' lang='lat' dir='ltr'><strong>reclinavit,</strong></span> <span class='ocrx_word' id='word_1_287' title='bbox 1030 1882 1059 1921; x_wconf 91' lang='lat' dir='ltr'><strong>se</strong></span> <span class='ocrx_word' id='word_1_288' title='bbox 1079 1870 1189 1921; x_wconf 84' lang='lat' dir='ltr'><strong>creatos</strong></span> <span class='ocrx_word' id='word_1_289' title='bbox 1211 1882 1269 1921; x_wconf 90' lang='lat' dir='ltr'><strong>nen</strong></span> <span class='ocrx_word' id='word_1_290' title='bbox 1283 1866 1496 1923; x_wconf 82' lang='lat' dir='ltr'><strong>intellexerunt.</strong></span> <span class='ocrx_word' id='word_1_291' title='bbox 1515 1866 1657 1923; x_wconf 88' lang='lat' dir='ltr'><strong>increduli</strong></span> <span class='ocrx_word' id='word_1_292' title='bbox 1676 1882 1803 1939; x_wconf 82' lang='lat' dir='ltr'><strong>namque</strong></span> <span class='ocrx_word' id='word_1_293' title='bbox 1817 1866 1883 1938; x_wconf 53' lang='lat' dir='ltr'><strong>,hu-</strong></span> 
     </span>
     <span class='ocr_line' id='line_1_21' title="bbox 126 1952 1882 2028; baseline 0.003 -22"><span class='ocrx_word' id='word_1_294' title='bbox 126 1952 195 2024; x_wconf 89' lang='lat' dir='ltr'><strong>quia</strong></span> <span class='ocrx_word' id='word_1_295' title='bbox 210 1953 241 2008; x_wconf 92' lang='lat' dir='ltr'><strong>in</strong></span> <span class='ocrx_word' id='word_1_296' title='bbox 257 1953 353 2009; x_wconf 89' lang='lat' dir='ltr'><strong>aliena</strong></span> <span class='ocrx_word' id='word_1_297' title='bbox 369 1956 472 2009; x_wconf 91' lang='lat' dir='ltr'><strong>natura</strong></span> <span class='ocrx_word' id='word_1_298' title='bbox 489 1953 578 2010; x_wconf 90' lang='lat' dir='ltr'><strong>homo</strong></span> <span class='ocrx_word' id='word_1_299' title='bbox 591 1954 682 2010; x_wconf 83' lang='lat' dir='ltr'><strong>tactus</strong></span> <span class='ocrx_word' id='word_1_300' title='bbox 704 1958 757 2022; x_wconf 90' lang='lat' dir='ltr'><strong>est,</strong></span> <span class='ocrx_word' id='word_1_301' title='bbox 779 1958 807 2009; x_wconf 93' lang='lat' dir='ltr'><strong>et</strong></span> <span class='ocrx_word' id='word_1_302' title='bbox 827 1969 885 2008; x_wconf 91' lang='lat' dir='ltr'><strong>non</strong></span> <span class='ocrx_word' id='word_1_303' title='bbox 902 1954 977 2009; x_wconf 86' lang='lat' dir='ltr'><strong>sicut</strong></span> <span class='ocrx_word' id='word_1_304' title='bbox 1029 1953 1196 2009; x_wconf 87' lang='lat' dir='ltr'><strong>manitatem</strong></span> <span class='ocrx_word' id='word_1_305' title='bbox 1215 1954 1292 2010; x_wconf 89' lang='lat' dir='ltr'><strong>illius</strong></span> <span class='ocrx_word' id='word_1_306' title='bbox 1313 1970 1372 2010; x_wconf 91' lang='lat' dir='ltr'><strong>non</strong></span> <span class='ocrx_word' id='word_1_307' title='bbox 1394 1959 1575 2028; x_wconf 86' lang='lat' dir='ltr'><strong>receperunt,</strong></span> <span class='ocrx_word' id='word_1_308' title='bbox 1607 1971 1659 2012; x_wconf 92' lang='lat' dir='ltr'><strong>neo</strong></span> <span class='ocrx_word' id='word_1_309' title='bbox 1682 1960 1800 2028; x_wconf 89' lang='lat' dir='ltr'><strong>propter</strong></span> <span class='ocrx_word' id='word_1_310' title='bbox 1826 1954 1882 2011; x_wconf 87' lang='lat' dir='ltr'><strong>ob·</strong></span> 
     </span>
     <span class='ocr_line' id='line_1_22' title="bbox 126 2040 1882 2114; baseline -0.001 -18"><span class='ocrx_word' id='word_1_311' title='bbox 126 2040 200 2096; x_wconf 91' lang='lat' dir='ltr'><strong>alius</strong></span> <span class='ocrx_word' id='word_1_312' title='bbox 221 2040 319 2110; x_wconf 90' lang='lat' dir='ltr'><strong>homo,</strong></span> <span class='ocrx_word' id='word_1_313' title='bbox 345 2042 485 2114; x_wconf 85' lang='lat' dir='ltr'><strong>quoniam</strong></span> <span class='ocrx_word' id='word_1_314' title='bbox 507 2057 572 2098; x_wconf 83' lang='lat' dir='ltr'><strong>caro</strong></span> <span class='ocrx_word' id='word_1_315' title='bbox 593 2042 683 2114; x_wconf 85' lang='lat' dir='ltr'><strong>ipsios</strong></span> <span class='ocrx_word' id='word_1_316' title='bbox 707 2057 760 2113; x_wconf 89' lang='lat' dir='ltr'><strong>per</strong></span> <span class='ocrx_word' id='word_1_317' title='bbox 788 2046 915 2097; x_wconf 88' lang='lat' dir='ltr'><strong>sanctam</strong></span> <span class='ocrx_word' id='word_1_318' title='bbox 931 2041 975 2097; x_wconf 91' lang='lat' dir='ltr'><strong>di·</strong></span> <span class='ocrx_word' id='word_1_319' title='bbox 1025 2042 1214 2098; x_wconf 69' lang='lat' dir='ltr'><strong>&#39;circationem</strong></span> <span class='ocrx_word' id='word_1_320' title='bbox 1249 2042 1456 2099; x_wconf 88' lang='lat' dir='ltr'><strong>incredulitatis</strong></span> <span class='ocrx_word' id='word_1_321' title='bbox 1486 2058 1545 2099; x_wconf 78' lang='lat' dir='ltr'><strong>strae</strong></span> <span class='ocrx_word' id='word_1_322' title='bbox 1572 2044 1661 2100; x_wconf 86' lang='lat' dir='ltr'><strong>Usum</strong></span> <span class='ocrx_word' id='word_1_323' title='bbox 1690 2042 1721 2098; x_wconf 94' lang='lat' dir='ltr'><strong>in</strong></span> <span class='ocrx_word' id='word_1_324' title='bbox 1747 2043 1882 2098; x_wconf 87' lang='lat' dir='ltr'><strong>bumana</strong></span> 
     </span>
     <span class='ocr_line' id='line_1_23' title="bbox 125 2128 1881 2203; baseline 0.002 -21"><span class='ocrx_word' id='word_1_325' title='bbox 125 2128 274 2183; x_wconf 81' lang='lat' dir='ltr'><strong>viritatem</strong></span> <span class='ocrx_word' id='word_1_326' title='bbox 294 2128 474 2185; x_wconf 84' lang='lat' dir='ltr'><strong>inflammata</strong></span> <span class='ocrx_word' id='word_1_327' title='bbox 503 2134 554 2186; x_wconf 89' lang='lat' dir='ltr'><strong>cst.</strong></span> <span class='ocrx_word' id='word_1_328' title='bbox 587 2131 767 2202; x_wconf 87' lang='lat' dir='ltr'><strong>Quapropter</strong></span> <span class='ocrx_word' id='word_1_329' title='bbox 793 2133 858 2202; x_wconf 89' lang='lat' dir='ltr'><strong>pest</strong></span> <span class='ocrx_word' id='word_1_330' title='bbox 882 2128 976 2185; x_wconf 88' lang='lat' dir='ltr'><strong>novis·</strong></span> <span class='ocrx_word' id='word_1_331' title='bbox 1029 2130 1123 2187; x_wconf 85' lang='lat' dir='ltr'><strong>forma</strong></span> <span class='ocrx_word' id='word_1_332' title='bbox 1141 2136 1344 2203; x_wconf 89' lang='lat' dir='ltr'><strong>cognoverunt.</strong></span> <span class='ocrx_word' id='word_1_333' title='bbox 1372 2131 1451 2188; x_wconf 89' lang='lat' dir='ltr'><strong>Unde</strong></span> <span class='ocrx_word' id='word_1_334' title='bbox 1479 2134 1507 2186; x_wconf 90' lang='lat' dir='ltr'><strong>et</strong></span> <span class='ocrx_word' id='word_1_335' title='bbox 1537 2130 1568 2185; x_wconf 92' lang='lat' dir='ltr'><strong>in</strong></span> <span class='ocrx_word' id='word_1_336' title='bbox 1595 2130 1726 2186; x_wconf 87' lang='lat' dir='ltr'><strong>cruribus</strong></span> <span class='ocrx_word' id='word_1_337' title='bbox 1749 2130 1881 2187; x_wconf 87' lang='lat' dir='ltr'><strong>hominis</strong></span> 
     </span>
     <span class='ocr_line' id='line_1_24' title="bbox 125 2215 1880 2293; baseline 0.002 -24"><span class='ocrx_word' id='word_1_338' title='bbox 125 2215 233 2271; x_wconf 86' lang='lat' dir='ltr'><strong>simum</strong></span> <span class='ocrx_word' id='word_1_339' title='bbox 252 2215 340 2283; x_wconf 90' lang='lat' dir='ltr'><strong>diem,</strong></span> <span class='ocrx_word' id='word_1_340' title='bbox 355 2230 422 2272; x_wconf 91' lang='lat' dir='ltr'><strong>cum</strong></span> <span class='ocrx_word' id='word_1_341' title='bbox 444 2215 566 2289; x_wconf 88' lang='lat' dir='ltr'><strong>quilibet</strong></span> <span class='ocrx_word' id='word_1_342' title='bbox 579 2216 666 2272; x_wconf 90' lang='lat' dir='ltr'><strong>homo</strong></span> <span class='ocrx_word' id='word_1_343' title='bbox 682 2216 901 2289; x_wconf 84' lang='lat' dir='ltr'><strong>transfiguratos</strong></span> <span class='ocrx_word' id='word_1_344' title='bbox 915 2217 974 2272; x_wconf 88' lang='lat' dir='ltr'><strong>tue·</strong></span> <span class='ocrx_word' id='word_1_345' title='bbox 1026 2220 1161 2293; x_wconf 89' lang='lat' dir='ltr'><strong>juventus</strong></span> <span class='ocrx_word' id='word_1_346' title='bbox 1180 2218 1269 2292; x_wconf 87' lang='lat' dir='ltr'><strong>ipsius</strong></span> <span class='ocrx_word' id='word_1_347' title='bbox 1296 2219 1475 2291; x_wconf 87' lang='lat' dir='ltr'><strong>designatur,</strong></span> <span class='ocrx_word' id='word_1_348' title='bbox 1500 2235 1565 2292; x_wconf 84' lang='lat' dir='ltr'><strong>ques</strong></span> <span class='ocrx_word' id='word_1_349' title='bbox 1591 2220 1678 2275; x_wconf 90' lang='lat' dir='ltr'><strong>stulta</strong></span> <span class='ocrx_word' id='word_1_350' title='bbox 1707 2222 1736 2275; x_wconf 90' lang='lat' dir='ltr'><strong>et</strong></span> <span class='ocrx_word' id='word_1_351' title='bbox 1764 2219 1880 2275; x_wconf 87' lang='lat' dir='ltr'><strong>inutilis</strong></span> 
     </span>
     <span class='ocr_line' id='line_1_25' title="bbox 126 2303 1880 2378; baseline 0.002 -18"><span class='ocrx_word' id='word_1_352' title='bbox 126 2303 175 2372; x_wconf 87' lang='lat' dir='ltr'><strong>rit,</strong></span> <span class='ocrx_word' id='word_1_353' title='bbox 199 2304 304 2361; x_wconf 85' lang='lat' dir='ltr'><strong>animae</strong></span> <span class='ocrx_word' id='word_1_354' title='bbox 321 2306 478 2361; x_wconf 87' lang='lat' dir='ltr'><strong>electorem</strong></span> <span class='ocrx_word' id='word_1_355' title='bbox 502 2322 752 2378; x_wconf 89' lang='lat' dir='ltr'><strong>corporasuaper</strong></span> <span class='ocrx_word' id='word_1_356' title='bbox 770 2305 858 2361; x_wconf 86' lang='lat' dir='ltr'><strong>fidem</strong></span> <span class='ocrx_word' id='word_1_357' title='bbox 878 2305 907 2361; x_wconf 93' lang='lat' dir='ltr'><strong>in</strong></span> <span class='ocrx_word' id='word_1_358' title='bbox 922 2322 976 2361; x_wconf 76' lang='lat' dir='ltr'><strong>cec-</strong></span> <span class='ocrx_word' id='word_1_359' title='bbox 1029 2310 1081 2377; x_wconf 87' lang='lat' dir='ltr'><strong>eet,</strong></span> <span class='ocrx_word' id='word_1_360' title='bbox 1111 2306 1162 2363; x_wconf 89' lang='lat' dir='ltr'><strong>ubi</strong></span> <span class='ocrx_word' id='word_1_361' title='bbox 1191 2307 1348 2365; x_wconf 84' lang='lat' dir='ltr'><strong>viriditates</strong></span> <span class='ocrx_word' id='word_1_362' title='bbox 1375 2312 1404 2364; x_wconf 91' lang='lat' dir='ltr'><strong>et</strong></span> <span class='ocrx_word' id='word_1_363' title='bbox 1434 2308 1520 2364; x_wconf 86' lang='lat' dir='ltr'><strong>tiores</strong></span> <span class='ocrx_word' id='word_1_364' title='bbox 1545 2314 1574 2365; x_wconf 93' lang='lat' dir='ltr'><strong>et</strong></span> <span class='ocrx_word' id='word_1_365' title='bbox 1601 2308 1687 2364; x_wconf 89' lang='lat' dir='ltr'><strong>aliam</strong></span> <span class='ocrx_word' id='word_1_366' title='bbox 1714 2311 1880 2365; x_wconf 88' lang='lat' dir='ltr'><strong>creaturam</strong></span> 
     </span>
     <span class='ocr_line' id='line_1_26' title="bbox 126 2393 1879 2470; baseline 0.001 -21"><span class='ocrx_word' id='word_1_367' title='bbox 126 2394 188 2449; x_wconf 92' lang='lat' dir='ltr'><strong>lum</strong></span> <span class='ocrx_word' id='word_1_368' title='bbox 210 2393 355 2461; x_wconf 87' lang='lat' dir='ltr'><strong>levabunt,</strong></span> <span class='ocrx_word' id='word_1_369' title='bbox 384 2410 447 2466; x_wconf 86' lang='lat' dir='ltr'><strong>qure</strong></span> <span class='ocrx_word' id='word_1_370' title='bbox 478 2394 559 2466; x_wconf 89' lang='lat' dir='ltr'><strong>prius</strong></span> <span class='ocrx_word' id='word_1_371' title='bbox 584 2395 616 2451; x_wconf 91' lang='lat' dir='ltr'><strong>in</strong></span> <span class='ocrx_word' id='word_1_372' title='bbox 644 2395 753 2450; x_wconf 89' lang='lat' dir='ltr'><strong>mundo</strong></span> <span class='ocrx_word' id='word_1_373' title='bbox 782 2398 872 2450; x_wconf 85' lang='lat' dir='ltr'><strong>erent.</strong></span> <span class='ocrx_word' id='word_1_374' title='bbox 910 2396 975 2451; x_wconf 84' lang='lat' dir='ltr'><strong>llaee</strong></span> <span class='ocrx_word' id='word_1_375' title='bbox 1030 2397 1161 2467; x_wconf 89' lang='lat' dir='ltr'><strong>attendit,</strong></span> <span class='ocrx_word' id='word_1_376' title='bbox 1195 2402 1224 2453; x_wconf 91' lang='lat' dir='ltr'><strong>et</strong></span> <span class='ocrx_word' id='word_1_377' title='bbox 1250 2397 1301 2455; x_wconf 93' lang='lat' dir='ltr'><strong>ubi</strong></span> <span class='ocrx_word' id='word_1_378' title='bbox 1333 2396 1538 2470; x_wconf 87' lang='lat' dir='ltr'><strong>sapientiorem</strong></span> <span class='ocrx_word' id='word_1_379' title='bbox 1567 2412 1596 2453; x_wconf 88' lang='lat' dir='ltr'><strong>se</strong></span> <span class='ocrx_word' id='word_1_380' title='bbox 1626 2396 1690 2452; x_wconf 90' lang='lat' dir='ltr'><strong>eliis</strong></span> <span class='ocrx_word' id='word_1_381' title='bbox 1719 2396 1879 2463; x_wconf 78' lang='lat' dir='ltr'><strong>existimet,</strong></span> 
     </span>
     <span class='ocr_line' id='line_1_27' title="bbox 126 2481 1880 2559; baseline 0.003 -22"><span class='ocrx_word' id='word_1_382' title='bbox 126 2484 202 2538; x_wconf 86' lang='lat' dir='ltr'><strong>Dens</strong></span> <span class='ocrx_word' id='word_1_383' title='bbox 224 2497 277 2554; x_wconf 91' lang='lat' dir='ltr'><strong>per</strong></span> <span class='ocrx_word' id='word_1_384' title='bbox 297 2482 483 2554; x_wconf 88' lang='lat' dir='ltr'><strong>semetipsum</strong></span> <span class='ocrx_word' id='word_1_385' title='bbox 507 2482 538 2539; x_wconf 90' lang='lat' dir='ltr'><strong>in</strong></span> <span class='ocrx_word' id='word_1_386' title='bbox 556 2482 661 2539; x_wconf 81' lang='lat' dir='ltr'><strong>virtute</strong></span> <span class='ocrx_word' id='word_1_387' title='bbox 693 2499 745 2538; x_wconf 90' lang='lat' dir='ltr'><strong>sna</strong></span> <span class='ocrx_word' id='word_1_388' title='bbox 767 2481 862 2549; x_wconf 82' lang='lat' dir='ltr'><strong>faciet,</strong></span> <span class='ocrx_word' id='word_1_389' title='bbox 887 2498 975 2554; x_wconf 86' lang='lat' dir='ltr'><strong>quem</strong></span> <span class='ocrx_word' id='word_1_390' title='bbox 1029 2486 1097 2557; x_wconf 80' lang='lat' dir='ltr'><strong>quie</strong></span> <span class='ocrx_word' id='word_1_391' title='bbox 1112 2486 1238 2543; x_wconf 90' lang='lat' dir='ltr'><strong>medulla</strong></span> <span class='ocrx_word' id='word_1_392' title='bbox 1249 2492 1278 2542; x_wconf 88' lang='lat' dir='ltr'><strong>at</strong></span> <span class='ocrx_word' id='word_1_393' title='bbox 1292 2502 1356 2542; x_wconf 88' lang='lat' dir='ltr'><strong>osse</strong></span> <span class='ocrx_word' id='word_1_394' title='bbox 1372 2486 1434 2558; x_wconf 85' lang='lat' dir='ltr'><strong>ejus</strong></span> <span class='ocrx_word' id='word_1_395' title='bbox 1450 2490 1519 2542; x_wconf 91' lang='lat' dir='ltr'><strong>tunc</strong></span> <span class='ocrx_word' id='word_1_396' title='bbox 1531 2486 1654 2559; x_wconf 90' lang='lat' dir='ltr'><strong>pleniter</strong></span> <span class='ocrx_word' id='word_1_397' title='bbox 1669 2485 1783 2541; x_wconf 85' lang='lat' dir='ltr'><strong>firmate</strong></span> <span class='ocrx_word' id='word_1_398' title='bbox 1798 2491 1880 2542; x_wconf 90' lang='lat' dir='ltr'><strong>sunt.</strong></span> 
     </span>
     <span class='ocr_line' id='line_1_28' title="bbox 126 2572 1880 2648; baseline 0.002 -22"><span class='ocrx_word' id='word_1_399' title='bbox 126 2572 207 2627; x_wconf 91' lang='lat' dir='ltr'><strong>nulla</strong></span> <span class='ocrx_word' id='word_1_400' title='bbox 220 2576 351 2628; x_wconf 89' lang='lat' dir='ltr'><strong>ereatura</strong></span> <span class='ocrx_word' id='word_1_401' title='bbox 372 2572 565 2629; x_wconf 86' lang='lat' dir='ltr'><strong>exterminare</strong></span> <span class='ocrx_word' id='word_1_402' title='bbox 585 2578 692 2645; x_wconf 87' lang='lat' dir='ltr'><strong>potest,</strong></span> <span class='ocrx_word' id='word_1_403' title='bbox 708 2572 778 2645; x_wconf 86' lang='lat' dir='ltr'><strong>quia</strong></span> <span class='ocrx_word' id='word_1_404' title='bbox 792 2576 860 2628; x_wconf 87' lang='lat' dir='ltr'><strong>tuno</strong></span> <span class='ocrx_word' id='word_1_405' title='bbox 874 2573 973 2642; x_wconf 89' lang='lat' dir='ltr'><strong>homo,</strong></span> <span class='ocrx_word' id='word_1_406' title='bbox 1028 2574 1074 2630; x_wconf 86' lang='lat' dir='ltr'><strong>Sic</strong></span> <span class='ocrx_word' id='word_1_407' title='bbox 1091 2574 1194 2631; x_wconf 79' lang='lat' dir='ltr'><strong>tudirei</strong></span> <span class='ocrx_word' id='word_1_408' title='bbox 1209 2578 1238 2630; x_wconf 89' lang='lat' dir='ltr'><strong>et</strong></span> <span class='ocrx_word' id='word_1_409' title='bbox 1253 2574 1359 2645; x_wconf 89' lang='lat' dir='ltr'><strong>pegeni</strong></span> <span class='ocrx_word' id='word_1_410' title='bbox 1373 2574 1512 2642; x_wconf 84' lang='lat' dir='ltr'><strong>iecerunt,</strong></span> <span class='ocrx_word' id='word_1_411' title='bbox 1531 2575 1582 2648; x_wconf 90' lang='lat' dir='ltr'><strong>qui</strong></span> <span class='ocrx_word' id='word_1_412' title='bbox 1606 2573 1762 2629; x_wconf 89' lang='lat' dir='ltr'><strong>vanitatem</strong></span> <span class='ocrx_word' id='word_1_413' title='bbox 1779 2576 1880 2631; x_wconf 82' lang='lat' dir='ltr'><strong>saeculi</strong></span> 
     </span>
     <span class='ocr_line' id='line_1_29' title="bbox 127 2660 1882 2734; baseline 0.003 -20"><span class='ocrx_word' id='word_1_414' title='bbox 127 2663 160 2715; x_wconf 92' lang='lat' dir='ltr'><strong>nt</strong></span> <span class='ocrx_word' id='word_1_415' title='bbox 180 2660 350 2732; x_wconf 87' lang='lat' dir='ltr'><strong>praedictnm</strong></span> <span class='ocrx_word' id='word_1_416' title='bbox 377 2665 431 2730; x_wconf 89' lang='lat' dir='ltr'><strong>est,</strong></span> <span class='ocrx_word' id='word_1_417' title='bbox 456 2678 540 2718; x_wconf 88' lang='lat' dir='ltr'><strong>carne</strong></span> <span class='ocrx_word' id='word_1_418' title='bbox 565 2661 713 2730; x_wconf 89' lang='lat' dir='ltr'><strong>induetur,</strong></span> <span class='ocrx_word' id='word_1_419' title='bbox 742 2666 771 2717; x_wconf 89' lang='lat' dir='ltr'><strong>et</strong></span> <span class='ocrx_word' id='word_1_420' title='bbox 799 2678 862 2717; x_wconf 88' lang='lat' dir='ltr'><strong>ossa</strong></span> <span class='ocrx_word' id='word_1_421' title='bbox 883 2661 975 2733; x_wconf 88' lang='lat' dir='ltr'><strong>ipsius</strong></span> <span class='ocrx_word' id='word_1_422' title='bbox 1029 2660 1191 2734; x_wconf 91' lang='lat' dir='ltr'><strong>diligentes,</strong></span> <span class='ocrx_word' id='word_1_423' title='bbox 1224 2675 1254 2716; x_wconf 86' lang='lat' dir='ltr'><strong>se</strong></span> <span class='ocrx_word' id='word_1_424' title='bbox 1282 2661 1422 2733; x_wconf 87' lang='lat' dir='ltr'><strong>putabant</strong></span> <span class='ocrx_word' id='word_1_425' title='bbox 1440 2661 1512 2717; x_wconf 88' lang='lat' dir='ltr'><strong>scire</strong></span> <span class='ocrx_word' id='word_1_426' title='bbox 1541 2662 1619 2734; x_wconf 86' lang='lat' dir='ltr'><strong>quod</strong></span> <span class='ocrx_word' id='word_1_427' title='bbox 1645 2661 1818 2729; x_wconf 84' lang='lat' dir='ltr'><strong>nesciebant,</strong></span> <span class='ocrx_word' id='word_1_428' title='bbox 1851 2668 1882 2719; x_wconf 91' lang='lat' dir='ltr'><strong>et</strong></span> 
     </span>
     <span class='ocr_line' id='line_1_30' title="bbox 128 2749 1883 2823; baseline 0.002 -19"><span class='ocrx_word' id='word_1_429' title='bbox 128 2749 475 2822; x_wconf 89' lang='lat' dir='ltr'><strong>medullaimplebnntur,</strong></span> <span class='ocrx_word' id='word_1_430' title='bbox 493 2752 543 2808; x_wconf 89' lang='lat' dir='ltr'><strong>sed</strong></span> <span class='ocrx_word' id='word_1_431' title='bbox 566 2751 656 2823; x_wconf 88' lang='lat' dir='ltr'><strong>ampli</strong></span> <span class='ocrx_word' id='word_1_432' title='bbox 675 2790 858 2808; x_wconf 89' lang='grc'><strong>.......</strong></span> <span class='ocrx_word' id='word_1_433' title='bbox 879 2750 903 2805; x_wconf 90' lang='lat' dir='ltr'><strong>si</strong></span> <span class='ocrx_word' id='word_1_434' title='bbox 919 2749 974 2807; x_wconf 89' lang='lat' dir='ltr'><strong>cibi</strong></span> <span class='ocrx_word' id='word_1_435' title='bbox 1030 2749 1186 2821; x_wconf 87' lang='lat' dir='ltr'><strong>essequod</strong></span> <span class='ocrx_word' id='word_1_436' title='bbox 1217 2764 1275 2804; x_wconf 90' lang='lat' dir='ltr'><strong>nen</strong></span> <span class='ocrx_word' id='word_1_437' title='bbox 1306 2753 1396 2817; x_wconf 92' lang='lat' dir='ltr'><strong>erant,</strong></span> <span class='ocrx_word' id='word_1_438' title='bbox 1421 2752 1448 2804; x_wconf 86' lang='lat' dir='ltr'><strong>et</strong></span> <span class='ocrx_word' id='word_1_439' title='bbox 1472 2749 1556 2805; x_wconf 92' lang='lat' dir='ltr'><strong>illum</strong></span> <span class='ocrx_word' id='word_1_440' title='bbox 1580 2749 1630 2821; x_wconf 85' lang='lat' dir='ltr'><strong>qni</strong></span> <span class='ocrx_word' id='word_1_441' title='bbox 1651 2750 1692 2806; x_wconf 91' lang='lat' dir='ltr'><strong>eis</strong></span> <span class='ocrx_word' id='word_1_442' title='bbox 1710 2766 1826 2807; x_wconf 89' lang='lat' dir='ltr'><strong>carnem</strong></span> <span class='ocrx_word' id='word_1_443' title='bbox 1851 2758 1883 2808; x_wconf 91' lang='lat' dir='ltr'><strong>et</strong></span> 
     </span>
     <span class='ocr_line' id='line_1_31' title="bbox 128 2837 1881 2912; baseline 0.001 -19"><span class='ocrx_word' id='word_1_444' title='bbox 128 2841 157 2893; x_wconf 91' lang='lat' dir='ltr'><strong>et</strong></span> <span class='ocrx_word' id='word_1_445' title='bbox 169 2841 254 2910; x_wconf 90' lang='lat' dir='ltr'><strong>potus</strong></span> <span class='ocrx_word' id='word_1_446' title='bbox 276 2843 304 2894; x_wconf 90' lang='lat' dir='ltr'><strong>et</strong></span> <span class='ocrx_word' id='word_1_447' title='bbox 318 2839 376 2895; x_wconf 85' lang='lat' dir='ltr'><strong>rite</strong></span> <span class='ocrx_word' id='word_1_448' title='bbox 390 2856 449 2895; x_wconf 91' lang='lat' dir='ltr'><strong>non</strong></span> <span class='ocrx_word' id='word_1_449' title='bbox 468 2839 589 2910; x_wconf 83' lang='lat' dir='ltr'><strong>desiciet,</strong></span> <span class='ocrx_word' id='word_1_450' title='bbox 613 2840 750 2912; x_wconf 89' lang='lat' dir='ltr'><strong>quoniam</strong></span> <span class='ocrx_word' id='word_1_451' title='bbox 771 2843 839 2895; x_wconf 87' lang='lat' dir='ltr'><strong>tunc</strong></span> <span class='ocrx_word' id='word_1_452' title='bbox 861 2839 893 2894; x_wconf 89' lang='lat' dir='ltr'><strong>in</strong></span> <span class='ocrx_word' id='word_1_453' title='bbox 907 2839 975 2894; x_wconf 92' lang='lat' dir='ltr'><strong>viri·</strong></span> <span class='ocrx_word' id='word_1_454' title='bbox 994 2854 1015 2910; x_wconf 78' lang='lat' dir='ltr'><strong>g</strong></span> <span class='ocrx_word' id='word_1_455' title='bbox 1029 2837 1164 2908; x_wconf 88' lang='lat' dir='ltr'><strong>spiritum</strong></span> <span class='ocrx_word' id='word_1_456' title='bbox 1179 2838 1305 2905; x_wconf 88' lang='lat' dir='ltr'><strong>dederet,</strong></span> <span class='ocrx_word' id='word_1_457' title='bbox 1321 2853 1374 2911; x_wconf 92' lang='lat' dir='ltr'><strong>per</strong></span> <span class='ocrx_word' id='word_1_458' title='bbox 1387 2838 1474 2894; x_wconf 81' lang='lat' dir='ltr'><strong>fidem</strong></span> <span class='ocrx_word' id='word_1_459' title='bbox 1486 2853 1545 2893; x_wconf 91' lang='lat' dir='ltr'><strong>non</strong></span> <span class='ocrx_word' id='word_1_460' title='bbox 1560 2838 1753 2894; x_wconf 89' lang='lat' dir='ltr'><strong>attenderunt.</strong></span> <span class='ocrx_word' id='word_1_461' title='bbox 1769 2839 1881 2904; x_wconf 88' lang='lat' dir='ltr'><strong>Quem·</strong></span> 
     </span>
     <span class='ocr_line' id='line_1_32' title="bbox 128 2924 1880 2997; baseline 0.002 -18"><span class='ocrx_word' id='word_1_462' title='bbox 128 2924 182 2980; x_wconf 87' lang='lat' dir='ltr'><strong>bus</strong></span> <span class='ocrx_word' id='word_1_463' title='bbox 202 2924 361 2981; x_wconf 88' lang='lat' dir='ltr'><strong>divinitatis</strong></span> <span class='ocrx_word' id='word_1_464' title='bbox 392 2926 454 2982; x_wconf 88' lang='lat' dir='ltr'><strong>sine</strong></span> <span class='ocrx_word' id='word_1_465' title='bbox 485 2927 566 2982; x_wconf 90' lang='lat' dir='ltr'><strong>omni</strong></span> <span class='ocrx_word' id='word_1_466' title='bbox 585 2926 779 2983; x_wconf 83' lang='lat' dir='ltr'><strong>vicissitudine</strong></span> <span class='ocrx_word' id='word_1_467' title='bbox 804 2926 975 2983; x_wconf 83' lang='lat' dir='ltr'><strong>diversitatis</strong></span> <span class='ocrx_word' id='word_1_468' title='bbox 1029 2925 1187 2981; x_wconf 89' lang='lat' dir='ltr'><strong>admodum</strong></span> <span class='ocrx_word' id='word_1_469' title='bbox 1210 2924 1288 2979; x_wconf 88' lang='lat' dir='ltr'><strong>enim</strong></span> <span class='ocrx_word' id='word_1_470' title='bbox 1311 2924 1447 2996; x_wconf 82' lang='lat' dir='ltr'><strong>juventus</strong></span> <span class='ocrx_word' id='word_1_471' title='bbox 1473 2925 1504 2980; x_wconf 87' lang='lat' dir='ltr'><strong>in</strong></span> <span class='ocrx_word' id='word_1_472' title='bbox 1526 2925 1664 2981; x_wconf 90' lang='lat' dir='ltr'><strong>creaturis</strong></span> <span class='ocrx_word' id='word_1_473' title='bbox 1687 2925 1805 2997; x_wconf 89' lang='lat' dir='ltr'><strong>decepta</strong></span> <span class='ocrx_word' id='word_1_474' title='bbox 1828 2927 1880 2982; x_wconf 91' lang='lat' dir='ltr'><strong>de·</strong></span> 
     </span>
     <span class='ocr_line' id='line_1_33' title="bbox 127 3012 1879 3087; baseline 0.002 -21"><span class='ocrx_word' id='word_1_475' title='bbox 127 3012 273 3083; x_wconf 87' lang='lat' dir='ltr'><strong>procedet,</strong></span> <span class='ocrx_word' id='word_1_476' title='bbox 298 3013 368 3084; x_wconf 90' lang='lat' dir='ltr'><strong>qnia</strong></span> <span class='ocrx_word' id='word_1_477' title='bbox 385 3014 416 3069; x_wconf 93' lang='lat' dir='ltr'><strong>in</strong></span> <span class='ocrx_word' id='word_1_478' title='bbox 440 3013 517 3069; x_wconf 89' lang='lat' dir='ltr'><strong>bono</strong></span> <span class='ocrx_word' id='word_1_479' title='bbox 541 3014 707 3070; x_wconf 89' lang='lat' dir='ltr'><strong>membrum</strong></span> <span class='ocrx_word' id='word_1_480' title='bbox 726 3014 831 3071; x_wconf 87' lang='lat' dir='ltr'><strong>Christi</strong></span> <span class='ocrx_word' id='word_1_481' title='bbox 853 3018 905 3082; x_wconf 86' lang='lat' dir='ltr'><strong>est,</strong></span> <span class='ocrx_word' id='word_1_482' title='bbox 925 3014 975 3087; x_wconf 85' lang='lat' dir='ltr'><strong>qni</strong></span> <span class='ocrx_word' id='word_1_483' title='bbox 1029 3015 1159 3082; x_wconf 87' lang='lat' dir='ltr'><strong>lectatur,</strong></span> <span class='ocrx_word' id='word_1_484' title='bbox 1189 3012 1230 3068; x_wconf 90' lang='lat' dir='ltr'><strong>ita</strong></span> <span class='ocrx_word' id='word_1_485' title='bbox 1260 3013 1387 3069; x_wconf 90' lang='lat' dir='ltr'><strong>mundns</strong></span> <span class='ocrx_word' id='word_1_486' title='bbox 1414 3017 1484 3068; x_wconf 89' lang='lat' dir='ltr'><strong>tunc</strong></span> <span class='ocrx_word' id='word_1_487' title='bbox 1512 3012 1543 3068; x_wconf 92' lang='lat' dir='ltr'><strong>in</strong></span> <span class='ocrx_word' id='word_1_488' title='bbox 1564 3012 1687 3069; x_wconf 86' lang='lat' dir='ltr'><strong>vanitate</strong></span> <span class='ocrx_word' id='word_1_489' title='bbox 1727 3030 1879 3069; x_wconf 84' lang='lat' dir='ltr'><strong>conversa·</strong></span> 
     </span>
     <span class='ocr_line' id='line_1_34' title="bbox 128 3098 1880 3173; baseline 0.002 -19"><span class='ocrx_word' id='word_1_490' title='bbox 128 3098 159 3154; x_wconf 89' lang='lat' dir='ltr'><strong>in</strong></span> <span class='ocrx_word' id='word_1_491' title='bbox 175 3100 284 3155; x_wconf 90' lang='lat' dir='ltr'><strong>mundo</strong></span> <span class='ocrx_word' id='word_1_492' title='bbox 304 3100 411 3155; x_wconf 87' lang='lat' dir='ltr'><strong>multas</strong></span> <span class='ocrx_word' id='word_1_493' title='bbox 437 3101 586 3172; x_wconf 85' lang='lat' dir='ltr'><strong>passiones</strong></span> <span class='ocrx_word' id='word_1_494' title='bbox 612 3104 641 3157; x_wconf 93' lang='lat' dir='ltr'><strong>et</strong></span> <span class='ocrx_word' id='word_1_495' title='bbox 665 3100 791 3172; x_wconf 89' lang='lat' dir='ltr'><strong>plurima</strong></span> <span class='ocrx_word' id='word_1_496' title='bbox 819 3100 976 3173; x_wconf 90' lang='lat' dir='ltr'><strong>opprobrie</strong></span> <span class='ocrx_word' id='word_1_497' title='bbox 1028 3101 1127 3169; x_wconf 86' lang='lat' dir='ltr'><strong>betur;</strong></span> <span class='ocrx_word' id='word_1_498' title='bbox 1163 3104 1191 3156; x_wconf 90' lang='lat' dir='ltr'><strong>et</strong></span> <span class='ocrx_word' id='word_1_499' title='bbox 1213 3099 1278 3157; x_wconf 89' lang='lat' dir='ltr'><strong>ideo</strong></span> <span class='ocrx_word' id='word_1_500' title='bbox 1305 3102 1501 3157; x_wconf 84' lang='lat' dir='ltr'><strong>necessarium</strong></span> <span class='ocrx_word' id='word_1_501' title='bbox 1524 3100 1578 3157; x_wconf 87' lang='lat' dir='ltr'><strong>init</strong></span> <span class='ocrx_word' id='word_1_502' title='bbox 1601 3103 1634 3157; x_wconf 92' lang='lat' dir='ltr'><strong>ut</strong></span> <span class='ocrx_word' id='word_1_503' title='bbox 1657 3102 1732 3156; x_wconf 82' lang='lat' dir='ltr'><strong>Ueris</strong></span> <span class='ocrx_word' id='word_1_504' title='bbox 1760 3101 1818 3158; x_wconf 89' lang='lat' dir='ltr'><strong>illis</strong></span> <span class='ocrx_word' id='word_1_505' title='bbox 1848 3120 1880 3158; x_wconf 88' lang='lat' dir='ltr'><strong>se</strong></span> 
     </span>
     <span class='ocr_line' id='line_1_35' title="bbox 129 3186 1881 3262; baseline 0.003 -21"><span class='ocrx_word' id='word_1_506' title='bbox 129 3186 275 3257; x_wconf 89' lang='lat' dir='ltr'><strong>sustinuit,</strong></span> <span class='ocrx_word' id='word_1_507' title='bbox 294 3188 426 3259; x_wconf 86' lang='lat' dir='ltr'><strong>quamvis</strong></span> <span class='ocrx_word' id='word_1_508' title='bbox 451 3188 538 3244; x_wconf 85' lang='lat' dir='ltr'><strong>Filius</strong></span> <span class='ocrx_word' id='word_1_509' title='bbox 565 3188 617 3244; x_wconf 90' lang='lat' dir='ltr'><strong>Uei</strong></span> <span class='ocrx_word' id='word_1_510' title='bbox 636 3193 718 3244; x_wconf 84' lang='lat' dir='ltr'><strong>esset.</strong></span> <span class='ocrx_word' id='word_1_511' title='bbox 735 3190 816 3255; x_wconf 90' lang='lat' dir='ltr'><strong>Quod</strong></span> <span class='ocrx_word' id='word_1_512' title='bbox 845 3190 977 3246; x_wconf 89' lang='lat' dir='ltr'><strong>diabolus</strong></span> <span class='ocrx_word' id='word_1_513' title='bbox 1030 3189 1125 3262; x_wconf 89' lang='lat' dir='ltr'><strong>ipsum</strong></span> <span class='ocrx_word' id='word_1_514' title='bbox 1159 3190 1332 3259; x_wconf 88' lang='lat' dir='ltr'><strong>ostenderet,</strong></span> <span class='ocrx_word' id='word_1_515' title='bbox 1360 3193 1390 3246; x_wconf 92' lang='lat' dir='ltr'><strong>et</strong></span> <span class='ocrx_word' id='word_1_516' title='bbox 1415 3206 1464 3246; x_wconf 89' lang='lat' dir='ltr'><strong>eos</strong></span> <span class='ocrx_word' id='word_1_517' title='bbox 1498 3190 1535 3246; x_wconf 90' lang='lat' dir='ltr'><strong>ad</strong></span> <span class='ocrx_word' id='word_1_518' title='bbox 1558 3205 1588 3245; x_wconf 88' lang='lat' dir='ltr'><strong>sc</strong></span> <span class='ocrx_word' id='word_1_519' title='bbox 1622 3188 1780 3261; x_wconf 90' lang='lat' dir='ltr'><strong>colligerat,</strong></span> <span class='ocrx_word' id='word_1_520' title='bbox 1804 3189 1881 3246; x_wconf 87' lang='lat' dir='ltr'><strong>sicut</strong></span> 
     </span>
     <span class='ocr_line' id='line_1_36' title="bbox 130 3277 1880 3355; baseline -0.002 -19"><span class='ocrx_word' id='word_1_521' title='bbox 130 3279 222 3336; x_wconf 91' lang='lat' dir='ltr'><strong>omnis</strong></span> <span class='ocrx_word' id='word_1_522' title='bbox 242 3280 362 3336; x_wconf 77' lang='lat' dir='ltr'><strong>fallaciae</strong></span> <span class='ocrx_word' id='word_1_523' title='bbox 382 3280 514 3339; x_wconf 87' lang='lat' dir='ltr'><strong>inventor</strong></span> <span class='ocrx_word' id='word_1_524' title='bbox 537 3281 609 3337; x_wconf 91' lang='lat' dir='ltr'><strong>scire</strong></span> <span class='ocrx_word' id='word_1_525' title='bbox 632 3298 691 3337; x_wconf 90' lang='lat' dir='ltr'><strong>nen</strong></span> <span class='ocrx_word' id='word_1_526' title='bbox 719 3282 825 3355; x_wconf 90' lang='lat' dir='ltr'><strong>potuit,</strong></span> <span class='ocrx_word' id='word_1_527' title='bbox 852 3282 902 3355; x_wconf 86' lang='lat' dir='ltr'><strong>qui</strong></span> <span class='ocrx_word' id='word_1_528' title='bbox 922 3283 977 3339; x_wconf 91' lang='lat' dir='ltr'><strong>ini·</strong></span> <span class='ocrx_word' id='word_1_529' title='bbox 1030 3278 1117 3334; x_wconf 89' lang='lat' dir='ltr'><strong>etiam</strong></span> <span class='ocrx_word' id='word_1_530' title='bbox 1133 3278 1243 3334; x_wconf 86' lang='lat' dir='ltr'><strong>asinam</strong></span> <span class='ocrx_word' id='word_1_531' title='bbox 1266 3283 1294 3335; x_wconf 89' lang='lat' dir='ltr'><strong>et</strong></span> <span class='ocrx_word' id='word_1_532' title='bbox 1316 3280 1428 3351; x_wconf 90' lang='lat' dir='ltr'><strong>pullum</strong></span> <span class='ocrx_word' id='word_1_533' title='bbox 1447 3278 1510 3351; x_wconf 76' lang='lat' dir='ltr'><strong>eJus</strong></span> <span class='ocrx_word' id='word_1_534' title='bbox 1528 3277 1638 3334; x_wconf 85' lang='lat' dir='ltr'><strong>absolvi</strong></span> <span class='ocrx_word' id='word_1_535' title='bbox 1657 3282 1685 3333; x_wconf 92' lang='lat' dir='ltr'><strong>et</strong></span> <span class='ocrx_word' id='word_1_536' title='bbox 1699 3277 1755 3333; x_wconf 92' lang='lat' dir='ltr'><strong>sibi</strong></span> <span class='ocrx_word' id='word_1_537' title='bbox 1774 3278 1880 3334; x_wconf 89' lang='lat' dir='ltr'><strong>adduci</strong></span> 
     </span>
     <span class='ocr_line' id='line_1_37' title="bbox 130 3366 1880 3442; baseline 0.001 -22"><span class='ocrx_word' id='word_1_538' title='bbox 130 3366 204 3421; x_wconf 90' lang='lat' dir='ltr'><strong>tium</strong></span> <span class='ocrx_word' id='word_1_539' title='bbox 219 3366 331 3439; x_wconf 89' lang='lat' dir='ltr'><strong>babuit,</strong></span> <span class='ocrx_word' id='word_1_540' title='bbox 356 3373 385 3425; x_wconf 90' lang='lat' dir='ltr'><strong>et</strong></span> <span class='ocrx_word' id='word_1_541' title='bbox 409 3369 492 3426; x_wconf 90' lang='lat' dir='ltr'><strong>illum</strong></span> <span class='ocrx_word' id='word_1_542' title='bbox 507 3386 572 3426; x_wconf 89' lang='lat' dir='ltr'><strong>cum</strong></span> <span class='ocrx_word' id='word_1_543' title='bbox 599 3370 734 3426; x_wconf 89' lang='lat' dir='ltr'><strong>omnibns</strong></span> <span class='ocrx_word' id='word_1_544' title='bbox 753 3371 890 3427; x_wconf 89' lang='lat' dir='ltr'><strong>membris</strong></span> <span class='ocrx_word' id='word_1_545' title='bbox 905 3372 976 3442; x_wconf 90' lang='lat' dir='ltr'><strong>suis,</strong></span> <span class='ocrx_word' id='word_1_546' title='bbox 1026 3366 1122 3439; x_wconf 86' lang='lat' dir='ltr'><strong>jussit,</strong></span> <span class='ocrx_word' id='word_1_547' title='bbox 1144 3368 1197 3424; x_wconf 89' lang='lat' dir='ltr'><strong>ubi</strong></span> <span class='ocrx_word' id='word_1_548' title='bbox 1219 3384 1249 3424; x_wconf 90' lang='lat' dir='ltr'><strong>se</strong></span> <span class='ocrx_word' id='word_1_549' title='bbox 1271 3367 1367 3440; x_wconf 90' lang='lat' dir='ltr'><strong>ipsum</strong></span> <span class='ocrx_word' id='word_1_550' title='bbox 1394 3384 1459 3423; x_wconf 90' lang='lat' dir='ltr'><strong>cunr</strong></span> <span class='ocrx_word' id='word_1_551' title='bbox 1481 3369 1544 3441; x_wconf 91' lang='lat' dir='ltr'><strong>lege</strong></span> <span class='ocrx_word' id='word_1_552' title='bbox 1567 3367 1696 3423; x_wconf 89' lang='lat' dir='ltr'><strong>veritatis</strong></span> <span class='ocrx_word' id='word_1_553' title='bbox 1719 3381 1806 3439; x_wconf 87' lang='lat' dir='ltr'><strong>super</strong></span> <span class='ocrx_word' id='word_1_554' title='bbox 1829 3383 1880 3423; x_wconf 91' lang='lat' dir='ltr'><strong>eos</strong></span> 
     </span>
     <span class='ocr_line' id='line_1_38' title="bbox 131 3454 1135 3532; baseline 0.003 -25"><span class='ocrx_word' id='word_1_555' title='bbox 131 3468 196 3524; x_wconf 76' lang='lat' dir='ltr'><strong>quae</strong></span> <span class='ocrx_word' id='word_1_556' title='bbox 209 3454 301 3510; x_wconf 90' lang='lat' dir='ltr'><strong>Ueum</strong></span> <span class='ocrx_word' id='word_1_557' title='bbox 326 3463 476 3529; x_wconf 86' lang='lat' dir='ltr'><strong>respuunt,</strong></span> <span class='ocrx_word' id='word_1_558' title='bbox 498 3474 606 3532; x_wconf 88' lang='lat' dir='ltr'><strong>negare</strong></span> <span class='ocrx_word' id='word_1_559' title='bbox 627 3457 788 3528; x_wconf 57' lang='lat' dir='ltr'><strong>festinarim</strong></span> <span class='ocrx_word' id='word_1_560' title='bbox 808 3460 857 3515; x_wconf 88' lang='lat' dir='ltr'><strong>sed</strong></span> <span class='ocrx_word' id='word_1_561' title='bbox 880 3463 977 3514; x_wconf 88' lang='lat' dir='ltr'><strong>tamen</strong></span> <span class='ocrx_word' id='word_1_562' title='bbox 1030 3454 1135 3528; x_wconf 87' lang='lat' dir='ltr'><strong>posuit,</strong></span> 
     </span>
     <span class='ocr_line' id='line_1_39' title="bbox 131 3540 1881 3619; baseline 0.003 -24"><span class='ocrx_word' id='word_1_563' title='bbox 131 3540 202 3613; x_wconf 89' lang='lat' dir='ltr'><strong>quin</strong></span> <span class='ocrx_word' id='word_1_564' title='bbox 227 3544 316 3600; x_wconf 91' lang='lat' dir='ltr'><strong>homo</strong></span> <span class='ocrx_word' id='word_1_565' title='bbox 337 3544 368 3601; x_wconf 92' lang='lat' dir='ltr'><strong>in</strong></span> <span class='ocrx_word' id='word_1_566' title='bbox 389 3545 600 3604; x_wconf 81' lang='lat' dir='ltr'><strong>indeficientem</strong></span> <span class='ocrx_word' id='word_1_567' title='bbox 621 3546 711 3603; x_wconf 88' lang='lat' dir='ltr'><strong>vitam</strong></span> <span class='ocrx_word' id='word_1_568' title='bbox 733 3548 893 3604; x_wconf 88' lang='lat' dir='ltr'><strong>elevaretur</strong></span> <span class='ocrx_word' id='word_1_569' title='bbox 918 3547 976 3603; x_wconf 91' lang='lat' dir='ltr'><strong>im·</strong></span> <span class='ocrx_word' id='word_1_570' title='bbox 1069 3566 1080 3595; x_wconf 88' lang='grc' dir='ltr'>ι</span> <span class='ocrx_word' id='word_1_571' title='bbox 1101 3544 1249 3618; x_wconf 87' lang='lat' dir='ltr'><strong>Quotquot</strong></span> <span class='ocrx_word' id='word_1_572' title='bbox 1271 3550 1367 3602; x_wconf 88' lang='lat' dir='ltr'><strong>autem</strong></span> <span class='ocrx_word' id='word_1_573' title='bbox 1391 3549 1562 3618; x_wconf 88' lang='lat' dir='ltr'><strong>receperent</strong></span> <span class='ocrx_word' id='word_1_574' title='bbox 1585 3560 1663 3613; x_wconf 89' lang='lat' dir='ltr'><strong>eum,</strong></span> <span class='ocrx_word' id='word_1_575' title='bbox 1680 3544 1759 3602; x_wconf 91' lang='lat' dir='ltr'><strong>dedit</strong></span> <span class='ocrx_word' id='word_1_576' title='bbox 1778 3544 1820 3601; x_wconf 89' lang='lat' dir='ltr'><strong>eis</strong></span> <span class='ocrx_word' id='word_1_577' title='bbox 1835 3563 1881 3619; x_wconf 75' lang='lat' dir='ltr'><strong>po</strong></span> 
     </span>
     <span class='ocr_line' id='line_1_40' title="bbox 131 3631 1882 3707; baseline 0.003 -21"><span class='ocrx_word' id='word_1_578' title='bbox 131 3631 229 3703; x_wconf 87' lang='lat' dir='ltr'><strong>pedire</strong></span> <span class='ocrx_word' id='word_1_579' title='bbox 243 3635 416 3707; x_wconf 89' lang='lat' dir='ltr'><strong>nonpoteit.</strong></span> <span class='ocrx_word' id='word_1_580' title='bbox 1030 3636 1162 3690; x_wconf 87' lang='lat' dir='ltr'><strong>testatem</strong></span> <span class='ocrx_word' id='word_1_581' title='bbox 1183 3633 1258 3689; x_wconf 88' lang='lat' dir='ltr'><strong>tilios</strong></span> <span class='ocrx_word' id='word_1_582' title='bbox 1280 3634 1331 3690; x_wconf 91' lang='lat' dir='ltr'><strong>Uei</strong></span> <span class='ocrx_word' id='word_1_583' title='bbox 1352 3634 1426 3704; x_wconf 89' lang='lat' dir='ltr'><strong>fleri,</strong></span> <span class='ocrx_word' id='word_1_584' title='bbox 1441 3656 1455 3687; x_wconf 72' lang='grc' dir='ltr'><strong>ιι</strong></span> <span class='ocrx_word' id='word_1_585' title='bbox 1479 3635 1618 3707; x_wconf 87' lang='lat' dir='ltr'><strong>queniam</strong></span> <span class='ocrx_word' id='word_1_586' title='bbox 1638 3635 1773 3691; x_wconf 89' lang='lat' dir='ltr'><strong>omnibus</strong></span> <span class='ocrx_word' id='word_1_587' title='bbox 1787 3635 1882 3692; x_wconf 90' lang='lat' dir='ltr'><strong>homi-</strong></span> 
     </span>
     <span class='ocr_line' id='line_1_41' title="bbox 168 3717 1880 3798; baseline 0.001 -20"><span class='ocrx_word' id='word_1_588' title='bbox 168 3722 236 3778; x_wconf 78' lang='lat' dir='ltr'><strong>«st</strong></span> <span class='ocrx_word' id='word_1_589' title='bbox 247 3724 373 3782; x_wconf 84' lang='lat' dir='ltr'><strong>mundus</strong></span> <span class='ocrx_word' id='word_1_590' title='bbox 386 3742 439 3797; x_wconf 90' lang='lat' dir='ltr'><strong>per</strong></span> <span class='ocrx_word' id='word_1_591' title='bbox 452 3726 549 3798; x_wconf 88' lang='lat' dir='ltr'><strong>ipsum</strong></span> <span class='ocrx_word' id='word_1_592' title='bbox 563 3726 656 3783; x_wconf 84' lang='lat' dir='ltr'><strong>iactus</strong></span> <span class='ocrx_word' id='word_1_593' title='bbox 670 3730 722 3795; x_wconf 87' lang='lat' dir='ltr'><strong>est,</strong></span> <span class='ocrx_word' id='word_1_594' title='bbox 740 3748 754 3776; x_wconf 80' lang='grc' dir='ltr'><strong>ιι</strong></span> <span class='ocrx_word' id='word_1_595' title='bbox 779 3727 820 3782; x_wconf 90' lang='lat' dir='ltr'><strong>ita</strong></span> <span class='ocrx_word' id='word_1_596' title='bbox 840 3731 873 3783; x_wconf 90' lang='lat' dir='ltr'><strong>nt</strong></span> <span class='ocrx_word' id='word_1_597' title='bbox 892 3717 984 3783; x_wconf 80' lang='lat' dir='ltr'><strong>mun-&#39;</strong></span> <span class='ocrx_word' id='word_1_598' title='bbox 1031 3721 1116 3777; x_wconf 90' lang='lat' dir='ltr'><strong>nibus</strong></span> <span class='ocrx_word' id='word_1_599' title='bbox 1149 3722 1298 3794; x_wconf 89' lang='lat' dir='ltr'><strong>utriusque</strong></span> <span class='ocrx_word' id='word_1_600' title='bbox 1334 3738 1418 3777; x_wconf 88' lang='lat' dir='ltr'><strong>sexus</strong></span> <span class='ocrx_word' id='word_1_601' title='bbox 1441 3722 1492 3795; x_wconf 86' lang='lat' dir='ltr'><strong>qui</strong></span> <span class='ocrx_word' id='word_1_602' title='bbox 1528 3727 1793 3795; x_wconf 76' lang='lat' dir='ltr'><strong>surnrecepsrunt</strong></span> <span class='ocrx_word' id='word_1_603' title='bbox 1816 3740 1880 3779; x_wconf 89' lang='lat' dir='ltr'><strong>cre·</strong></span> 
     </span>
     <span class='ocr_line' id='line_1_42' title="bbox 131 3806 1881 3887; baseline -0.002 -19"><span class='ocrx_word' id='word_1_604' title='bbox 131 3806 184 3861; x_wconf 76' lang='lat' dir='ltr'><strong>dus</strong></span> <span class='ocrx_word' id='word_1_605' title='bbox 203 3808 239 3864; x_wconf 73' lang='lat' dir='ltr'><strong>ab</strong></span> <span class='ocrx_word' id='word_1_606' title='bbox 260 3809 335 3881; x_wconf 82' lang='lat' dir='ltr'><strong>ipso,</strong></span> <span class='ocrx_word' id='word_1_607' title='bbox 358 3827 416 3868; x_wconf 91' lang='lat' dir='ltr'><strong>non</strong></span> <span class='ocrx_word' id='word_1_608' title='bbox 437 3812 499 3885; x_wconf 88' lang='lat' dir='ltr'><strong>ipse</strong></span> <span class='ocrx_word' id='word_1_609' title='bbox 522 3830 539 3869; x_wconf 94' lang='lat' dir='ltr'><strong>a</strong></span> <span class='ocrx_word' id='word_1_610' title='bbox 562 3814 672 3870; x_wconf 87' lang='lat' dir='ltr'><strong>mundo</strong></span> <span class='ocrx_word' id='word_1_611' title='bbox 699 3818 812 3870; x_wconf 80' lang='lat' dir='ltr'><strong>exortos</strong></span> <span class='ocrx_word' id='word_1_612' title='bbox 836 3814 882 3885; x_wconf 85' lang='lat' dir='ltr'><strong>sit,</strong></span> <span class='ocrx_word' id='word_1_613' title='bbox 905 3825 996 3887; x_wconf 65' lang='lat' dir='ltr'><strong>quo-¹</strong></span> <span class='ocrx_word' id='word_1_614' title='bbox 1032 3808 1126 3864; x_wconf 87' lang='lat' dir='ltr'><strong>dende</strong></span> <span class='ocrx_word' id='word_1_615' title='bbox 1141 3824 1208 3863; x_wconf 88' lang='lat' dir='ltr'><strong>enm</strong></span> <span class='ocrx_word' id='word_1_616' title='bbox 1232 3824 1294 3864; x_wconf 83' lang='lat' dir='ltr'><strong>esse</strong></span> <span class='ocrx_word' id='word_1_617' title='bbox 1314 3809 1406 3865; x_wconf 86' lang='lat' dir='ltr'><strong>Deum</strong></span> <span class='ocrx_word' id='word_1_618' title='bbox 1420 3814 1448 3865; x_wconf 91' lang='lat' dir='ltr'><strong>et</strong></span> <span class='ocrx_word' id='word_1_619' title='bbox 1462 3809 1620 3876; x_wconf 85' lang='lat' dir='ltr'><strong>huminem,</strong></span> <span class='ocrx_word' id='word_1_620' title='bbox 1642 3810 1710 3883; x_wconf 90' lang='lat' dir='ltr'><strong>quia</strong></span> <span class='ocrx_word' id='word_1_621' title='bbox 1728 3811 1801 3865; x_wconf 90' lang='lat' dir='ltr'><strong>Ueus</strong></span> <span class='ocrx_word' id='word_1_622' title='bbox 1816 3810 1881 3883; x_wconf 91' lang='lat' dir='ltr'><strong>pri-</strong></span> 
     </span>
     <span class='ocr_line' id='line_1_43' title="bbox 132 3895 1880 3975; baseline 0.003 -22"><span class='ocrx_word' id='word_1_623' title='bbox 132 3896 210 3953; x_wconf 91' lang='lat' dir='ltr'><strong>niam</strong></span> <span class='ocrx_word' id='word_1_624' title='bbox 232 3904 364 3955; x_wconf 89' lang='lat' dir='ltr'><strong>creatura</strong></span> <span class='ocrx_word' id='word_1_625' title='bbox 385 3917 437 3973; x_wconf 87' lang='lat' dir='ltr'><strong>per</strong></span> <span class='ocrx_word' id='word_1_626' title='bbox 463 3903 586 3959; x_wconf 87' lang='lat' dir='ltr'><strong>Verbum</strong></span> <span class='ocrx_word' id='word_1_627' title='bbox 614 3903 667 3959; x_wconf 85' lang='lat' dir='ltr'><strong>Dei</strong></span> <span class='ocrx_word' id='word_1_628' title='bbox 692 3903 840 3975; x_wconf 89' lang='lat' dir='ltr'><strong>processit,</strong></span> <span class='ocrx_word' id='word_1_629' title='bbox 871 3902 980 3959; x_wconf 89' lang='lat' dir='ltr'><strong>scilicet</strong></span> <span class='ocrx_word' id='word_1_630' title='bbox 1032 3910 1114 3951; x_wconf 77' lang='lat' dir='ltr'><strong>mum</strong></span> <span class='ocrx_word' id='word_1_631' title='bbox 1129 3895 1185 3951; x_wconf 67' lang='lat' dir='ltr'><strong>fide</strong></span> <span class='ocrx_word' id='word_1_632' title='bbox 1208 3896 1332 3967; x_wconf 65' lang='lat' dir='ltr'><strong>capitur,</strong></span> <span class='ocrx_word' id='word_1_633' title='bbox 1357 3895 1462 3953; x_wconf 78' lang='lat' dir='ltr'><strong>deinde</strong></span> <span class='ocrx_word' id='word_1_634' title='bbox 1485 3897 1563 3969; x_wconf 81' lang='lat' dir='ltr'><strong>quod</strong></span> <span class='ocrx_word' id='word_1_635' title='bbox 1584 3898 1658 3953; x_wconf 73' lang='lat' dir='ltr'><strong>Deus</strong></span> <span class='ocrx_word' id='word_1_636' title='bbox 1680 3897 1767 3953; x_wconf 83' lang='lat' dir='ltr'><strong>homo</strong></span> <span class='ocrx_word' id='word_1_637' title='bbox 1787 3896 1880 3953; x_wconf 72' lang='lat' dir='ltr'><strong>fectus</strong></span> 
     </span>
     <span class='ocr_line' id='line_1_44' title="bbox 133 3982 1879 4065; baseline 0.004 -31"><span class='ocrx_word' id='word_1_638' title='bbox 133 3984 276 4057; x_wconf 81' lang='lat' dir='ltr'><strong>quidquid</strong></span> <span class='ocrx_word' id='word_1_639' title='bbox 299 3992 506 4058; x_wconf 65' lang='lat' dir='ltr'><strong>maturarum,</strong></span> <span class='ocrx_word' id='word_1_640' title='bbox 531 3994 591 4046; x_wconf 63' lang='lat' dir='ltr'><strong>tam</strong></span> <span class='ocrx_word' id='word_1_641' title='bbox 601 3990 789 4048; x_wconf 61' lang='lat' dir='ltr'><strong>invisibilium</strong></span> <span class='ocrx_word' id='word_1_642' title='bbox 810 4008 897 4065; x_wconf 68' lang='lat' dir='ltr'><strong>quam</strong></span> <span class='ocrx_word' id='word_1_643' title='bbox 910 3991 977 4048; x_wconf 67' lang='lat' dir='ltr'><strong>visi.</strong></span> <span class='ocrx_word' id='word_1_644' title='bbox 1032 3987 1076 4039; x_wconf 87' lang='lat' dir='ltr'><strong>est</strong></span> <span class='ocrx_word' id='word_1_645' title='bbox 1100 3982 1247 4056; x_wconf 88' lang='lat' dir='ltr'><strong>recipitur,</strong></span> <span class='ocrx_word' id='word_1_646' title='bbox 1273 3984 1353 4041; x_wconf 89' lang='lat' dir='ltr'><strong>dedit</strong></span> <span class='ocrx_word' id='word_1_647' title='bbox 1377 3984 1506 4057; x_wconf 89' lang='lat' dir='ltr'><strong>potentia</strong></span> <span class='ocrx_word' id='word_1_648' title='bbox 1533 4000 1586 4041; x_wconf 89' lang='lat' dir='ltr'><strong>sua</strong></span> <span class='ocrx_word' id='word_1_649' title='bbox 1610 3984 1806 4058; x_wconf 88' lang='lat' dir='ltr'><strong>potentialiter</strong></span> <span class='ocrx_word' id='word_1_650' title='bbox 1827 4001 1879 4058; x_wconf 94' lang='lat' dir='ltr'><strong>po·</strong></span> 
     </span>
     <span class='ocr_line' id='line_1_45' title="bbox 132 4070 1880 4151; baseline 0.001 -22"><span class='ocrx_word' id='word_1_651' title='bbox 132 4070 246 4140; x_wconf 77' lang='lat' dir='ltr'><strong>billum,</strong></span> <span class='ocrx_word' id='word_1_652' title='bbox 271 4079 323 4142; x_wconf 91' lang='lat' dir='ltr'><strong>est,</strong></span> <span class='ocrx_word' id='word_1_653' title='bbox 343 4076 412 4148; x_wconf 89' lang='lat' dir='ltr'><strong>quia</strong></span> <span class='ocrx_word' id='word_1_654' title='bbox 432 4078 564 4149; x_wconf 76' lang='lat' dir='ltr'><strong>quedam</strong></span> <span class='ocrx_word' id='word_1_655' title='bbox 583 4084 651 4134; x_wconf 91' lang='lat' dir='ltr'><strong>sunt</strong></span> <span class='ocrx_word' id='word_1_656' title='bbox 671 4095 735 4151; x_wconf 83' lang='lat' dir='ltr'><strong>quae</strong></span> <span class='ocrx_word' id='word_1_657' title='bbox 752 4096 804 4135; x_wconf 91' lang='lat' dir='ltr'><strong>nec</strong></span> <span class='ocrx_word' id='word_1_658' title='bbox 817 4079 907 4135; x_wconf 89' lang='lat' dir='ltr'><strong>videri</strong></span> <span class='ocrx_word' id='word_1_659' title='bbox 927 4096 979 4136; x_wconf 91' lang='lat' dir='ltr'><strong>nec</strong></span> <span class='ocrx_word' id='word_1_660' title='bbox 1031 4078 1164 4130; x_wconf 83' lang='lat' dir='ltr'><strong>testatem</strong></span> <span class='ocrx_word' id='word_1_661' title='bbox 1178 4074 1260 4145; x_wconf 88' lang='lat' dir='ltr'><strong>banc,</strong></span> <span class='ocrx_word' id='word_1_662' title='bbox 1286 4079 1317 4130; x_wconf 93' lang='lat' dir='ltr'><strong>nt</strong></span> <span class='ocrx_word' id='word_1_663' title='bbox 1337 4075 1455 4147; x_wconf 86' lang='lat' dir='ltr'><strong>propria</strong></span> <span class='ocrx_word' id='word_1_664' title='bbox 1476 4075 1622 4130; x_wconf 90' lang='lat' dir='ltr'><strong>voluntate</strong></span> <span class='ocrx_word' id='word_1_665' title='bbox 1642 4090 1693 4129; x_wconf 88' lang='lat' dir='ltr'><strong>sna</strong></span> <span class='ocrx_word' id='word_1_666' title='bbox 1713 4073 1766 4131; x_wconf 85' lang='lat' dir='ltr'><strong>tilii</strong></span> <span class='ocrx_word' id='word_1_667' title='bbox 1789 4074 1880 4131; x_wconf 87' lang='lat' dir='ltr'><strong>Patris</strong></span> 
     </span>
     <span class='ocr_line' id='line_1_46' title="bbox 132 4150 1878 4238; baseline 0.001 -22"><span class='ocrx_word' id='word_1_668' title='bbox 132 4160 213 4231; x_wconf 89' lang='lat' dir='ltr'><strong>tangi</strong></span> <span class='ocrx_word' id='word_1_669' title='bbox 234 4168 362 4233; x_wconf 89' lang='lat' dir='ltr'><strong>possunt,</strong></span> <span class='ocrx_word' id='word_1_670' title='bbox 386 4167 518 4237; x_wconf 82' lang='lat' dir='ltr'><strong>quadam</strong></span> <span class='ocrx_word' id='word_1_671' title='bbox 540 4172 637 4224; x_wconf 88' lang='lat' dir='ltr'><strong>antem</strong></span> <span class='ocrx_word' id='word_1_672' title='bbox 658 4174 687 4224; x_wconf 90' lang='lat' dir='ltr'><strong>et</strong></span> <span class='ocrx_word' id='word_1_673' title='bbox 706 4167 841 4224; x_wconf 91' lang='lat' dir='ltr'><strong>videntur</strong></span> <span class='ocrx_word' id='word_1_674' title='bbox 864 4172 893 4223; x_wconf 90' lang='lat' dir='ltr'><strong>et</strong></span> <span class='ocrx_word' id='word_1_675' title='bbox 913 4174 978 4224; x_wconf 87' lang='lat' dir='ltr'><strong>tan·</strong></span> <span class='ocrx_word' id='word_1_676' title='bbox 996 4150 1077 4222; x_wconf 74' lang='lat' dir='ltr'><strong>Daui</strong></span> <span class='ocrx_word' id='word_1_677' title='bbox 1092 4164 1244 4221; x_wconf 77' lang='lat' dir='ltr'><strong>incoelesti</strong></span> <span class='ocrx_word' id='word_1_678' title='bbox 1266 4164 1455 4238; x_wconf 84' lang='lat' dir='ltr'><strong>regnabant,</strong></span> <span class='ocrx_word' id='word_1_679' title='bbox 1477 4164 1506 4222; x_wconf 95' lang='lat' dir='ltr'><strong>id</strong></span> <span class='ocrx_word' id='word_1_680' title='bbox 1530 4166 1571 4219; x_wconf 89' lang='lat' dir='ltr'><strong>est</strong></span> <span class='ocrx_word' id='word_1_681' title='bbox 1585 4168 1617 4221; x_wconf 91' lang='lat' dir='ltr'><strong>ut</strong></span> <span class='ocrx_word' id='word_1_682' title='bbox 1629 4162 1878 4236; x_wconf 87' lang='lat' dir='ltr'><strong>participationem</strong></span> 
     </span>
     <span class='ocr_line' id='line_1_47' title="bbox 132 4250 1879 4328; baseline 0.003 -25"><span class='ocrx_word' id='word_1_683' title='bbox 132 4254 249 4321; x_wconf 87' lang='lat' dir='ltr'><strong>guntur.</strong></span> <span class='ocrx_word' id='word_1_684' title='bbox 266 4250 322 4309; x_wconf 90' lang='lat' dir='ltr'><strong>Sed</strong></span> <span class='ocrx_word' id='word_1_685' title='bbox 339 4252 424 4310; x_wconf 90' lang='lat' dir='ltr'><strong>homo</strong></span> <span class='ocrx_word' id='word_1_686' title='bbox 445 4257 603 4328; x_wconf 88' lang='lat' dir='ltr'><strong>utrumque</strong></span> <span class='ocrx_word' id='word_1_687' title='bbox 625 4256 655 4312; x_wconf 95' lang='lat' dir='ltr'><strong>in</strong></span> <span class='ocrx_word' id='word_1_688' title='bbox 679 4273 709 4312; x_wconf 92' lang='lat' dir='ltr'><strong>se</strong></span> <span class='ocrx_word' id='word_1_689' title='bbox 735 4255 832 4325; x_wconf 89' lang='lat' dir='ltr'><strong>habet,</strong></span> <span class='ocrx_word' id='word_1_690' title='bbox 850 4255 979 4313; x_wconf 90' lang='lat' dir='ltr'><strong>animam</strong></span> <span class='ocrx_word' id='word_1_691' title='bbox 1032 4253 1115 4326; x_wconf 89' lang='lat' dir='ltr'><strong>regni</strong></span> <span class='ocrx_word' id='word_1_692' title='bbox 1136 4252 1180 4309; x_wconf 90' lang='lat' dir='ltr'><strong>sui</strong></span> <span class='ocrx_word' id='word_1_693' title='bbox 1202 4251 1331 4309; x_wconf 84' lang='lat' dir='ltr'><strong>haeredes</strong></span> <span class='ocrx_word' id='word_1_694' title='bbox 1359 4251 1535 4309; x_wconf 72' lang='lat' dir='ltr'><strong>hereditatis</strong></span> <span class='ocrx_word' id='word_1_695' title='bbox 1559 4253 1621 4324; x_wconf 87' lang='lat' dir='ltr'><strong>ejus</strong></span> <span class='ocrx_word' id='word_1_696' title='bbox 1631 4254 1700 4309; x_wconf 85' lang='lat' dir='ltr'><strong>iacti</strong></span> <span class='ocrx_word' id='word_1_697' title='bbox 1714 4268 1812 4309; x_wconf 89' lang='lat' dir='ltr'><strong>secum</strong></span> <span class='ocrx_word' id='word_1_698' title='bbox 1831 4253 1879 4308; x_wconf 89' lang='lat' dir='ltr'><strong>ba·</strong></span> 
     </span>
     <span class='ocr_line' id='line_1_48' title="bbox 132 4336 1880 4416; baseline 0.003 -26"><span class='ocrx_word' id='word_1_699' title='bbox 132 4336 241 4393; x_wconf 90' lang='lat' dir='ltr'><strong>scilicet</strong></span> <span class='ocrx_word' id='word_1_700' title='bbox 254 4344 283 4395; x_wconf 88' lang='lat' dir='ltr'><strong>ct</strong></span> <span class='ocrx_word' id='word_1_701' title='bbox 304 4356 418 4414; x_wconf 88' lang='lat' dir='ltr'><strong>corpus,</strong></span> <span class='ocrx_word' id='word_1_702' title='bbox 441 4343 578 4416; x_wconf 83' lang='lat' dir='ltr'><strong>quoniam</strong></span> <span class='ocrx_word' id='word_1_703' title='bbox 599 4344 635 4400; x_wconf 90' lang='lat' dir='ltr'><strong>ed</strong></span> <span class='ocrx_word' id='word_1_704' title='bbox 658 4342 816 4416; x_wconf 89' lang='lat' dir='ltr'><strong>imaginem</strong></span> <span class='ocrx_word' id='word_1_705' title='bbox 831 4348 860 4399; x_wconf 94' lang='lat' dir='ltr'><strong>et</strong></span> <span class='ocrx_word' id='word_1_706' title='bbox 875 4343 979 4400; x_wconf 90' lang='lat' dir='ltr'><strong>simili·</strong></span> <span class='ocrx_word' id='word_1_707' title='bbox 1031 4342 1128 4411; x_wconf 88' lang='lat' dir='ltr'><strong>beant,</strong></span> <span class='ocrx_word' id='word_1_708' title='bbox 1146 4346 1174 4397; x_wconf 91' lang='lat' dir='ltr'><strong>et</strong></span> <span class='ocrx_word' id='word_1_709' title='bbox 1202 4341 1257 4398; x_wconf 90' lang='lat' dir='ltr'><strong>hoc</strong></span> <span class='ocrx_word' id='word_1_710' title='bbox 1278 4357 1312 4397; x_wconf 91' lang='lat' dir='ltr'><strong>ee</strong></span> <span class='ocrx_word' id='word_1_711' title='bbox 1334 4345 1475 4413; x_wconf 89' lang='lat' dir='ltr'><strong>potestate</strong></span> <span class='ocrx_word' id='word_1_712' title='bbox 1497 4358 1554 4415; x_wconf 87' lang='lat' dir='ltr'><strong>qua</strong></span> <span class='ocrx_word' id='word_1_713' title='bbox 1575 4341 1652 4397; x_wconf 88' lang='lat' dir='ltr'><strong>filius</strong></span> <span class='ocrx_word' id='word_1_714' title='bbox 1675 4341 1767 4397; x_wconf 74' lang='lat' dir='ltr'><strong>heres</strong></span> <span class='ocrx_word' id='word_1_715' title='bbox 1789 4341 1880 4413; x_wconf 88' lang='lat' dir='ltr'><strong>patris</strong></span> 
     </span>
     <span class='ocr_line' id='line_1_49' title="bbox 130 4427 1878 4505; baseline 0.002 -24"><span class='ocrx_word' id='word_1_716' title='bbox 130 4427 263 4483; x_wconf 89' lang='lat' dir='ltr'><strong>tudinem</strong></span> <span class='ocrx_word' id='word_1_717' title='bbox 284 4429 335 4485; x_wconf 91' lang='lat' dir='ltr'><strong>Uei</strong></span> <span class='ocrx_word' id='word_1_718' title='bbox 358 4431 448 4488; x_wconf 86' lang='lat' dir='ltr'><strong>tactos</strong></span> <span class='ocrx_word' id='word_1_719' title='bbox 478 4435 531 4487; x_wconf 89' lang='lat' dir='ltr'><strong>est.</strong></span> <span class='ocrx_word' id='word_1_720' title='bbox 556 4432 635 4488; x_wconf 95' lang='lat' dir='ltr'><strong>Unde</strong></span> <span class='ocrx_word' id='word_1_721' title='bbox 658 4435 688 4488; x_wconf 89' lang='lat' dir='ltr'><strong>et</strong></span> <span class='ocrx_word' id='word_1_722' title='bbox 711 4432 799 4487; x_wconf 85' lang='lat' dir='ltr'><strong>verbo</strong></span> <span class='ocrx_word' id='word_1_723' title='bbox 824 4432 917 4505; x_wconf 87' lang='lat' dir='ltr'><strong>jubet,</strong></span> <span class='ocrx_word' id='word_1_724' title='bbox 946 4449 980 4489; x_wconf 88' lang='lat' dir='ltr'><strong>ac</strong></span> <span class='ocrx_word' id='word_1_725' title='bbox 1033 4432 1078 4488; x_wconf 88' lang='lat' dir='ltr'><strong>sui</strong></span> <span class='ocrx_word' id='word_1_726' title='bbox 1093 4430 1196 4487; x_wconf 83' lang='lat' dir='ltr'><strong>existit.</strong></span> <span class='ocrx_word' id='word_1_727' title='bbox 1212 4432 1283 4488; x_wconf 88' lang='lat' dir='ltr'><strong>Nam</strong></span> <span class='ocrx_word' id='word_1_728' title='bbox 1300 4429 1367 4503; x_wconf 87' lang='lat' dir='ltr'><strong>quie</strong></span> <span class='ocrx_word' id='word_1_729' title='bbox 1380 4446 1447 4485; x_wconf 92' lang='lat' dir='ltr'><strong>eum</strong></span> <span class='ocrx_word' id='word_1_730' title='bbox 1463 4430 1554 4485; x_wconf 83' lang='lat' dir='ltr'><strong>[teum</strong></span> <span class='ocrx_word' id='word_1_731' title='bbox 1571 4432 1599 4485; x_wconf 90' lang='lat' dir='ltr'><strong>et</strong></span> <span class='ocrx_word' id='word_1_732' title='bbox 1613 4429 1778 4485; x_wconf 86' lang='lat' dir='ltr'><strong>Creatorem</strong></span> <span class='ocrx_word' id='word_1_733' title='bbox 1793 4446 1878 4484; x_wconf 88' lang='lat' dir='ltr'><strong>suum</strong></span> 
     </span>
     <span class='ocr_line' id='line_1_50' title="bbox 131 4516 1877 4591; baseline 0 -20"><span class='ocrx_word' id='word_1_734' title='bbox 131 4517 266 4573; x_wconf 88' lang='lat' dir='ltr'><strong>manibus</strong></span> <span class='ocrx_word' id='word_1_735' title='bbox 281 4525 428 4591; x_wconf 88' lang='lat' dir='ltr'><strong>operator.</strong></span> <span class='ocrx_word' id='word_1_736' title='bbox 449 4520 494 4577; x_wconf 91' lang='lat' dir='ltr'><strong>Sic</strong></span> <span class='ocrx_word' id='word_1_737' title='bbox 518 4521 593 4577; x_wconf 88' lang='lat' dir='ltr'><strong>lleus</strong></span> <span class='ocrx_word' id='word_1_738' title='bbox 610 4520 760 4577; x_wconf 89' lang='lat' dir='ltr'><strong>hominem</strong></span> <span class='ocrx_word' id='word_1_739' title='bbox 775 4521 933 4576; x_wconf 89' lang='lat' dir='ltr'><strong>secundum</strong></span> <span class='ocrx_word' id='word_1_740' title='bbox 949 4538 978 4577; x_wconf 89' lang='lat' dir='ltr'><strong>se</strong></span> <span class='ocrx_word' id='word_1_741' title='bbox 1033 4521 1240 4591; x_wconf 89' lang='lat' dir='ltr'><strong>cognoverunt,</strong></span> <span class='ocrx_word' id='word_1_742' title='bbox 1262 4523 1292 4574; x_wconf 89' lang='lat' dir='ltr'><strong>et</strong></span> <span class='ocrx_word' id='word_1_743' title='bbox 1313 4534 1380 4573; x_wconf 90' lang='lat' dir='ltr'><strong>eum</strong></span> <span class='ocrx_word' id='word_1_744' title='bbox 1400 4518 1538 4573; x_wconf 86' lang='lat' dir='ltr'><strong>charitate</strong></span> <span class='ocrx_word' id='word_1_745' title='bbox 1562 4516 1687 4589; x_wconf 80' lang='lat' dir='ltr'><strong>amplexi</strong></span> <span class='ocrx_word' id='word_1_746' title='bbox 1710 4521 1739 4572; x_wconf 91' lang='lat' dir='ltr'><strong>st</strong></span> <span class='ocrx_word' id='word_1_747' title='bbox 1761 4516 1818 4572; x_wconf 89' lang='lat' dir='ltr'><strong>tide</strong></span> <span class='ocrx_word' id='word_1_748' title='bbox 1831 4532 1877 4571; x_wconf 88' lang='lat' dir='ltr'><strong>os·</strong></span> 
     </span>
     <span class='ocr_line' id='line_1_51' title="bbox 58 4604 1879 4679; baseline 0.001 -21"><span class='ocrx_word' id='word_1_749' title='bbox 58 4623 62 4631; x_wconf 92' lang='lat'>·</span> <span class='ocrx_word' id='word_1_750' title='bbox 132 4604 285 4674; x_wconf 90' lang='lat' dir='ltr'><strong>ordinavit,</strong></span> <span class='ocrx_word' id='word_1_751' title='bbox 309 4608 377 4679; x_wconf 86' lang='lat' dir='ltr'><strong>qnia</strong></span> <span class='ocrx_word' id='word_1_752' title='bbox 399 4609 503 4666; x_wconf 81' lang='lat' dir='ltr'><strong>Filium</strong></span> <span class='ocrx_word' id='word_1_753' title='bbox 527 4626 611 4666; x_wconf 88' lang='lat' dir='ltr'><strong>suum</strong></span> <span class='ocrx_word' id='word_1_754' title='bbox 639 4608 674 4663; x_wconf 93' lang='lat' dir='ltr'><strong>de</strong></span> <span class='ocrx_word' id='word_1_755' title='bbox 694 4608 813 4665; x_wconf 90' lang='lat' dir='ltr'><strong>bomine</strong></span> <span class='ocrx_word' id='word_1_756' title='bbox 833 4609 979 4665; x_wconf 89' lang='lat' dir='ltr'><strong>incarnari</strong></span> <span class='ocrx_word' id='word_1_757' title='bbox 1032 4606 1119 4663; x_wconf 88' lang='lat' dir='ltr'><strong>culati</strong></span> <span class='ocrx_word' id='word_1_758' title='bbox 1133 4610 1208 4675; x_wconf 92' lang='lat' dir='ltr'><strong>sunt,</strong></span> <span class='ocrx_word' id='word_1_759' title='bbox 1235 4610 1263 4661; x_wconf 90' lang='lat' dir='ltr'><strong>et</strong></span> <span class='ocrx_word' id='word_1_760' title='bbox 1279 4604 1378 4661; x_wconf 90' lang='lat' dir='ltr'><strong>omnia</strong></span> <span class='ocrx_word' id='word_1_761' title='bbox 1401 4605 1500 4661; x_wconf 88' lang='lat' dir='ltr'><strong>sueab</strong></span> <span class='ocrx_word' id='word_1_762' title='bbox 1524 4621 1558 4661; x_wconf 90' lang='lat' dir='ltr'><strong>eo</strong></span> <span class='ocrx_word' id='word_1_763' title='bbox 1573 4604 1726 4677; x_wconf 87' lang='lat' dir='ltr'><strong>diligenter</strong></span> <span class='ocrx_word' id='word_1_764' title='bbox 1749 4608 1779 4660; x_wconf 90' lang='lat' dir='ltr'><strong>et</strong></span> <span class='ocrx_word' id='word_1_765' title='bbox 1798 4608 1879 4660; x_wconf 86' lang='lat' dir='ltr'><strong>cante</strong></span> 
     </span>
     <span class='ocr_line' id='line_1_52' title="bbox 131 4692 1877 4771; baseline 0.001 -26"><span class='ocrx_word' id='word_1_766' title='bbox 131 4694 231 4749; x_wconf 89' lang='lat' dir='ltr'><strong>voluit.</strong></span> <span class='ocrx_word' id='word_1_767' title='bbox 249 4714 264 4744; x_wconf 94' lang='grc' dir='ltr'><strong>ιι</strong></span> <span class='ocrx_word' id='word_1_768' title='bbox 283 4696 315 4752; x_wconf 79' lang='lat' dir='ltr'><strong>lit</strong></span> <span class='ocrx_word' id='word_1_769' title='bbox 335 4696 462 4753; x_wconf 89' lang='lat' dir='ltr'><strong>mundus</strong></span> <span class='ocrx_word' id='word_1_770' title='bbox 486 4713 552 4752; x_wconf 89' lang='lat' dir='ltr'><strong>enm</strong></span> <span class='ocrx_word' id='word_1_771' title='bbox 576 4712 635 4753; x_wconf 89' lang='lat' dir='ltr'><strong>nen</strong></span> <span class='ocrx_word' id='word_1_772' title='bbox 651 4697 794 4767; x_wconf 87' lang='lat' dir='ltr'><strong>cognovit,</strong></span> <span class='ocrx_word' id='word_1_773' title='bbox 811 4716 826 4752; x_wconf 76' lang='lat' dir='ltr'><strong>s</strong></span> <span class='ocrx_word' id='word_1_774' title='bbox 841 4698 978 4771; x_wconf 86' lang='lat' dir='ltr'><strong>qnoniam</strong></span> <span class='ocrx_word' id='word_1_775' title='bbox 1033 4693 1169 4749; x_wconf 87' lang='lat' dir='ltr'><strong>sciscitati</strong></span> <span class='ocrx_word' id='word_1_776' title='bbox 1192 4697 1269 4761; x_wconf 87' lang='lat' dir='ltr'><strong>eunt,</strong></span> <span class='ocrx_word' id='word_1_777' title='bbox 1305 4710 1352 4749; x_wconf 89' lang='lat' dir='ltr'><strong>ros</strong></span> <span class='ocrx_word' id='word_1_778' title='bbox 1376 4693 1498 4765; x_wconf 89' lang='lat' dir='ltr'><strong>Spiritus</strong></span> <span class='ocrx_word' id='word_1_779' title='bbox 1522 4692 1612 4749; x_wconf 87' lang='lat' dir='ltr'><strong>sancti</strong></span> <span class='ocrx_word' id='word_1_780' title='bbox 1636 4692 1668 4748; x_wconf 91' lang='lat' dir='ltr'><strong>in</strong></span> <span class='ocrx_word' id='word_1_781' title='bbox 1697 4710 1745 4749; x_wconf 90' lang='lat' dir='ltr'><strong>eos</strong></span> <span class='ocrx_word' id='word_1_782' title='bbox 1765 4693 1877 4760; x_wconf 86' lang='lat' dir='ltr'><strong>cecidit,</strong></span> 
     </span>
     <span class='ocr_line' id='line_1_53' title="bbox 131 4774 1877 4859; baseline -0.001 -22"><span class='ocrx_word' id='word_1_783' title='bbox 131 4780 184 4837; x_wconf 91' lang='lat' dir='ltr'><strong>lilii</strong></span> <span class='ocrx_word' id='word_1_784' title='bbox 210 4782 321 4852; x_wconf 90' lang='lat' dir='ltr'><strong>mundi,</strong></span> <span class='ocrx_word' id='word_1_785' title='bbox 345 4774 476 4841; x_wconf 73' lang='lat' dir='ltr'><strong>videli&#39;cet</strong></span> <span class='ocrx_word' id='word_1_786' title='bbox 497 4785 549 4857; x_wconf 89' lang='lat' dir='ltr'><strong>qui</strong></span> <span class='ocrx_word' id='word_1_787' title='bbox 565 4784 706 4840; x_wconf 90' lang='lat' dir='ltr'><strong>mundum</strong></span> <span class='ocrx_word' id='word_1_788' title='bbox 724 4791 894 4859; x_wconf 83' lang='lat' dir='ltr'><strong>sequnntur,</strong></span> <span class='ocrx_word' id='word_1_789' title='bbox 911 4802 979 4858; x_wconf 90' lang='lat' dir='ltr'><strong>prc-</strong></span> <span class='ocrx_word' id='word_1_790' title='bbox 1033 4784 1073 4839; x_wconf 87' lang='lat' dir='ltr'><strong>ita</strong></span> <span class='ocrx_word' id='word_1_791' title='bbox 1092 4787 1124 4839; x_wconf 91' lang='lat' dir='ltr'><strong>ut</strong></span> <span class='ocrx_word' id='word_1_792' title='bbox 1141 4786 1200 4839; x_wconf 90' lang='lat' dir='ltr'><strong>tote</strong></span> <span class='ocrx_word' id='word_1_793' title='bbox 1224 4782 1347 4837; x_wconf 86' lang='lat' dir='ltr'><strong>Ecclesia</strong></span> <span class='ocrx_word' id='word_1_794' title='bbox 1371 4782 1408 4838; x_wconf 89' lang='lat' dir='ltr'><strong>ab</strong></span> <span class='ocrx_word' id='word_1_795' title='bbox 1437 4781 1478 4837; x_wconf 91' lang='lat' dir='ltr'><strong>eis</strong></span> <span class='ocrx_word' id='word_1_796' title='bbox 1509 4781 1673 4855; x_wconf 90' lang='lat' dir='ltr'><strong>germinare</strong></span> <span class='ocrx_word' id='word_1_797' title='bbox 1701 4783 1729 4836; x_wconf 86' lang='lat' dir='ltr'><strong>et</strong></span> <span class='ocrx_word' id='word_1_798' title='bbox 1754 4782 1877 4837; x_wconf 85' lang='lat' dir='ltr'><strong>irnctvrnv</strong></span> 
     </span>
     <span class='ocr_line' id='line_1_54' title="bbox 131 4866 1878 4945; baseline -0.001 -21"><span class='ocrx_word' id='word_1_799' title='bbox 131 4873 198 4940; x_wconf 90' lang='lat' dir='ltr'><strong>pter</strong></span> <span class='ocrx_word' id='word_1_800' title='bbox 212 4871 368 4927; x_wconf 90' lang='lat' dir='ltr'><strong>caecitatem</strong></span> <span class='ocrx_word' id='word_1_801' title='bbox 384 4872 626 4944; x_wconf 83' lang='lat' dir='ltr'><strong>ignorentioesuae</strong></span> <span class='ocrx_word' id='word_1_802' title='bbox 640 4872 736 4944; x_wconf 89' lang='lat' dir='ltr'><strong>ipsum</strong></span> <span class='ocrx_word' id='word_1_803' title='bbox 748 4873 913 4929; x_wconf 87' lang='lat' dir='ltr'><strong>venientem</strong></span> <span class='ocrx_word' id='word_1_804' title='bbox 928 4890 979 4930; x_wconf 89' lang='lat' dir='ltr'><strong>ne·</strong></span> <span class='ocrx_word' id='word_1_805' title='bbox 1033 4886 1225 4945; x_wconf 89' lang='lat' dir='ltr'><strong>supernorum</strong></span> <span class='ocrx_word' id='word_1_806' title='bbox 1252 4870 1426 4939; x_wconf 87' lang='lat' dir='ltr'><strong>gaudiorum</strong></span> <span class='ocrx_word' id='word_1_807' title='bbox 1452 4870 1580 4941; x_wconf 87' lang='lat' dir='ltr'><strong>prolerre</strong></span> <span class='ocrx_word' id='word_1_808' title='bbox 1614 4866 1775 4941; x_wconf 87' lang='lat' dir='ltr'><strong>incoeperit.</strong></span> <span class='ocrx_word' id='word_1_809' title='bbox 1803 4868 1878 4933; x_wconf 91' lang='lat' dir='ltr'><strong>Qua·</strong></span> 
     </span>
     <span class='ocr_line' id='line_1_55' title="bbox 132 4954 1878 5035; baseline -0.002 -23"><span class='ocrx_word' id='word_1_810' title='bbox 132 4958 268 5028; x_wconf 86' lang='lat' dir='ltr'><strong>scierunt,</strong></span> <span class='ocrx_word' id='word_1_811' title='bbox 284 4976 336 5016; x_wconf 92' lang='lat' dir='ltr'><strong>nec</strong></span> <span class='ocrx_word' id='word_1_812' title='bbox 352 4976 419 5018; x_wconf 90' lang='lat' dir='ltr'><strong>cunr</strong></span> <span class='ocrx_word' id='word_1_813' title='bbox 433 4967 603 5033; x_wconf 88' lang='lat' dir='ltr'><strong>operantem</strong></span> <span class='ocrx_word' id='word_1_814' title='bbox 618 4970 823 5033; x_wconf 86' lang='lat' dir='ltr'><strong>cognoverunt,</strong></span> <span class='ocrx_word' id='word_1_815' title='bbox 839 4964 980 5035; x_wconf 86' lang='lat' dir='ltr'><strong>quemad·</strong></span> <span class='ocrx_word' id='word_1_816' title='bbox 1033 4963 1151 5032; x_wconf 91' lang='lat' dir='ltr'><strong>propter</strong></span> <span class='ocrx_word' id='word_1_817' title='bbox 1165 4958 1264 5013; x_wconf 89' lang='lat' dir='ltr'><strong>datum</strong></span> <span class='ocrx_word' id='word_1_818' title='bbox 1278 4961 1322 5012; x_wconf 88' lang='lat' dir='ltr'><strong>est</strong></span> <span class='ocrx_word' id='word_1_819' title='bbox 1339 4956 1381 5012; x_wconf 91' lang='lat' dir='ltr'><strong>eis</strong></span> <span class='ocrx_word' id='word_1_820' title='bbox 1397 4962 1428 5012; x_wconf 89' lang='lat' dir='ltr'><strong>nt</strong></span> <span class='ocrx_word' id='word_1_821' title='bbox 1447 4972 1499 5028; x_wconf 90' lang='lat' dir='ltr'><strong>per</strong></span> <span class='ocrx_word' id='word_1_822' title='bbox 1513 4956 1647 5012; x_wconf 91' lang='lat' dir='ltr'><strong>virtutem</strong></span> <span class='ocrx_word' id='word_1_823' title='bbox 1661 4970 1736 5013; x_wconf 84' lang='lat' dir='ltr'><strong>verre</strong></span> <span class='ocrx_word' id='word_1_824' title='bbox 1746 4954 1815 5011; x_wconf 90' lang='lat' dir='ltr'><strong>tidei</strong></span> <span class='ocrx_word' id='word_1_825' title='bbox 1828 4954 1878 5010; x_wconf 91' lang='lat' dir='ltr'><strong>tilii</strong></span> 
     </span>
     <span class='ocr_line' id='line_1_56' title="bbox 132 5042 1879 5120; baseline -0.001 -21"><span class='ocrx_word' id='word_1_826' title='bbox 132 5045 251 5102; x_wconf 91' lang='lat' dir='ltr'><strong>modum</strong></span> <span class='ocrx_word' id='word_1_827' title='bbox 271 5048 366 5104; x_wconf 88' lang='lat' dir='ltr'><strong>inians</strong></span> <span class='ocrx_word' id='word_1_828' title='bbox 392 5048 519 5104; x_wconf 82' lang='lat' dir='ltr'><strong>scientim</strong></span> <span class='ocrx_word' id='word_1_829' title='bbox 545 5052 573 5105; x_wconf 90' lang='lat' dir='ltr'><strong>et</strong></span> <span class='ocrx_word' id='word_1_830' title='bbox 594 5049 772 5120; x_wconf 89' lang='lat' dir='ltr'><strong>operationis</strong></span> <span class='ocrx_word' id='word_1_831' title='bbox 791 5051 904 5107; x_wconf 85' lang='lat' dir='ltr'><strong>nescius</strong></span> <span class='ocrx_word' id='word_1_832' title='bbox 925 5056 977 5110; x_wconf 88' lang='lat' dir='ltr'><strong>est.</strong></span> <span class='ocrx_word' id='word_1_833' title='bbox 1033 5046 1084 5105; x_wconf 90' lang='lat' dir='ltr'><strong>Uei</strong></span> <span class='ocrx_word' id='word_1_834' title='bbox 1102 5046 1168 5103; x_wconf 89' lang='lat' dir='ltr'><strong>sint.</strong></span> <span class='ocrx_word' id='word_1_835' title='bbox 1186 5064 1200 5099; x_wconf 94' lang='grc' dir='ltr'><strong>ιι</strong></span> <span class='ocrx_word' id='word_1_836' title='bbox 1218 5045 1269 5103; x_wconf 87' lang='lat' dir='ltr'><strong>llis</strong></span> <span class='ocrx_word' id='word_1_837' title='bbox 1284 5046 1333 5118; x_wconf 85' lang='lat' dir='ltr'><strong>qui</strong></span> <span class='ocrx_word' id='word_1_838' title='bbox 1357 5045 1479 5102; x_wconf 89' lang='lat' dir='ltr'><strong>credunt</strong></span> <span class='ocrx_word' id='word_1_839' title='bbox 1500 5045 1532 5102; x_wconf 93' lang='lat' dir='ltr'><strong>in</strong></span> <span class='ocrx_word' id='word_1_840' title='bbox 1550 5044 1678 5118; x_wconf 40' lang='lat' dir='ltr'><strong>nomine·</strong></span> <span class='ocrx_word' id='word_1_841' title='bbox 1692 5043 1763 5116; x_wconf 88' lang='lat' dir='ltr'><strong>ejus,</strong></span> <span class='ocrx_word' id='word_1_842' title='bbox 1782 5062 1796 5093; x_wconf 69' lang='lat' dir='ltr'><strong>a</strong></span> <span class='ocrx_word' id='word_1_843' title='bbox 1818 5042 1879 5098; x_wconf 89' lang='lat' dir='ltr'><strong>istis</strong></span> 
     </span>
     <span class='ocr_line' id='line_1_57' title="bbox 131 5132 1879 5211; baseline 0.007 -21"><span class='ocrx_word' id='word_1_844' title='bbox 131 5134 313 5208; x_wconf 83' lang='lat' dir='ltr'><strong>Quapropter</strong></span> <span class='ocrx_word' id='word_1_845' title='bbox 336 5140 365 5193; x_wconf 88' lang='lat' dir='ltr'><strong>et</strong></span> <span class='ocrx_word' id='word_1_846' title='bbox 388 5137 435 5194; x_wconf 92' lang='lat' dir='ltr'><strong>hic</strong></span> <span class='ocrx_word' id='word_1_847' title='bbox 452 5138 483 5193; x_wconf 90' lang='lat' dir='ltr'><strong>in</strong></span> <span class='ocrx_word' id='word_1_848' title='bbox 497 5138 605 5193; x_wconf 86' lang='lat' dir='ltr'><strong>femore</strong></span> <span class='ocrx_word' id='word_1_849' title='bbox 619 5154 653 5193; x_wconf 90' lang='lat' dir='ltr'><strong>ec</strong></span> <span class='ocrx_word' id='word_1_850' title='bbox 669 5136 700 5192; x_wconf 88' lang='lat' dir='ltr'><strong>in</strong></span> <span class='ocrx_word' id='word_1_851' title='bbox 715 5138 836 5211; x_wconf 87' lang='lat' dir='ltr'><strong>genibus</strong></span> <span class='ocrx_word' id='word_1_852' title='bbox 853 5140 979 5197; x_wconf 90' lang='lat' dir='ltr'><strong>bominis</strong></span> <span class='ocrx_word' id='word_1_853' title='bbox 1033 5134 1083 5210; x_wconf 81' lang='lat' dir='ltr'><strong>qui</strong></span> <span class='ocrx_word' id='word_1_854' title='bbox 1102 5133 1190 5190; x_wconf 89' lang='lat' dir='ltr'><strong>tidem</strong></span> <span class='ocrx_word' id='word_1_855' title='bbox 1212 5133 1286 5189; x_wconf 86' lang='lat' dir='ltr'><strong>hanc</strong></span> <span class='ocrx_word' id='word_1_856' title='bbox 1306 5133 1447 5191; x_wconf 91' lang='lat' dir='ltr'><strong>credendo</strong></span> <span class='ocrx_word' id='word_1_857' title='bbox 1463 5134 1580 5202; x_wconf 70' lang='lat' dir='ltr'><strong>habent,</strong></span> <span class='ocrx_word' id='word_1_858' title='bbox 1605 5133 1681 5206; x_wconf 63' lang='lat'>*1⁰⁰⁶</span> <span class='ocrx_word' id='word_1_859' title='bbox 1705 5134 1736 5189; x_wconf 62' lang='lat'><strong>5¹²</strong></span> <span class='ocrx_word' id='word_1_860' title='bbox 1760 5132 1879 5189; x_wconf 67' lang='lat' dir='ltr'><strong>1¹⁰¹1¹i¹¹⁶</strong></span> 
     </span>
     <span class='ocr_line' id='line_1_58' title="bbox 133 5219 1881 5297; baseline 0 -20"><span class='ocrx_word' id='word_1_861' title='bbox 133 5224 208 5278; x_wconf 86' lang='lat' dir='ltr'><strong>Deus</strong></span> <span class='ocrx_word' id='word_1_862' title='bbox 237 5225 420 5297; x_wconf 88' lang='lat' dir='ltr'><strong>ignorantem</strong></span> <span class='ocrx_word' id='word_1_863' title='bbox 449 5226 599 5283; x_wconf 83' lang='lat' dir='ltr'><strong>infantiam</strong></span> <span class='ocrx_word' id='word_1_864' title='bbox 621 5226 834 5283; x_wconf 86' lang='lat' dir='ltr'><strong>incredulorum</strong></span> <span class='ocrx_word' id='word_1_865' title='bbox 855 5228 978 5283; x_wconf 89' lang='lat' dir='ltr'><strong>demon·</strong></span> <span class='ocrx_word' id='word_1_866' title='bbox 1032 5222 1122 5294; x_wconf 86' lang='lat' dir='ltr'><strong>ipsius</strong></span> <span class='ocrx_word' id='word_1_867' title='bbox 1142 5234 1196 5293; x_wconf 90' lang='lat' dir='ltr'><strong>per</strong></span> <span class='ocrx_word' id='word_1_868' title='bbox 1218 5220 1394 5295; x_wconf 84' lang='lat' dir='ltr'><strong>baptismum</strong></span> <span class='ocrx_word' id='word_1_869' title='bbox 1419 5221 1490 5278; x_wconf 89' lang='lat' dir='ltr'><strong>salvi</strong></span> <span class='ocrx_word' id='word_1_870' title='bbox 1508 5220 1589 5290; x_wconf 84' lang='lat' dir='ltr'><strong>itant,</strong></span> <span class='ocrx_word' id='word_1_871' title='bbox 1618 5219 1800 5293; x_wconf 88' lang='lat' dir='ltr'><strong>participatio</strong></span> <span class='ocrx_word' id='word_1_872' title='bbox 1821 5236 1881 5277; x_wconf 79' lang='lat' dir='ltr'><strong>cm·</strong></span> 
     </span>
     <span class='ocr_line' id='line_1_59' title="bbox 133 5312 1879 5386; baseline 0.002 -21"><span class='ocrx_word' id='word_1_873' title='bbox 133 5314 214 5377; x_wconf 90' lang='lat' dir='ltr'><strong>stret,</strong></span> <span class='ocrx_word' id='word_1_874' title='bbox 239 5313 308 5384; x_wconf 88' lang='lat' dir='ltr'><strong>quia</strong></span> <span class='ocrx_word' id='word_1_875' title='bbox 333 5313 406 5370; x_wconf 88' lang='lat' dir='ltr'><strong>sicet</strong></span> <span class='ocrx_word' id='word_1_876' title='bbox 428 5313 520 5371; x_wconf 83' lang='lat' dir='ltr'><strong>intans</strong></span> <span class='ocrx_word' id='word_1_877' title='bbox 542 5314 675 5371; x_wconf 89' lang='lat' dir='ltr'><strong>incedere</strong></span> <span class='ocrx_word' id='word_1_878' title='bbox 699 5331 757 5371; x_wconf 91' lang='lat' dir='ltr'><strong>non</strong></span> <span class='ocrx_word' id='word_1_879' title='bbox 783 5318 886 5386; x_wconf 88' lang='lat' dir='ltr'><strong>potest,</strong></span> <span class='ocrx_word' id='word_1_880' title='bbox 902 5328 979 5386; x_wconf 84' lang='lat' dir='ltr'><strong>qoo-</strong></span> <span class='ocrx_word' id='word_1_881' title='bbox 1032 5312 1112 5369; x_wconf 88' lang='lat' dir='ltr'><strong>lestis</strong></span> <span class='ocrx_word' id='word_1_882' title='bbox 1128 5312 1315 5385; x_wconf 80' lang='lat' dir='ltr'><strong>regnidatnr,</strong></span> <span class='ocrx_word' id='word_1_883' title='bbox 1339 5312 1475 5385; x_wconf 82' lang='lat' dir='ltr'><strong>quoniam</strong></span> <span class='ocrx_word' id='word_1_884' title='bbox 1490 5314 1688 5386; x_wconf 88' lang='lat' dir='ltr'><strong>omniaepers</strong></span> <span class='ocrx_word' id='word_1_885' title='bbox 1710 5328 1763 5368; x_wconf 89' lang='lat' dir='ltr'><strong>sua</strong></span> <span class='ocrx_word' id='word_1_886' title='bbox 1785 5312 1817 5368; x_wconf 91' lang='lat' dir='ltr'><strong>in</strong></span> <span class='ocrx_word' id='word_1_887' title='bbox 1836 5330 1879 5369; x_wconf 91' lang='lat' dir='ltr'><strong>ar·</strong></span> 
     </span>
     <span class='ocr_line' id='line_1_60' title="bbox 134 5399 1879 5476; baseline 0.001 -22"><span class='ocrx_word' id='word_1_888' title='bbox 134 5399 212 5455; x_wconf 91' lang='lat' dir='ltr'><strong>niam</strong></span> <span class='ocrx_word' id='word_1_889' title='bbox 229 5404 258 5456; x_wconf 90' lang='lat' dir='ltr'><strong>et</strong></span> <span class='ocrx_word' id='word_1_890' title='bbox 271 5402 405 5459; x_wconf 78' lang='lat' dir='ltr'><strong>medullae</strong></span> <span class='ocrx_word' id='word_1_891' title='bbox 428 5408 456 5458; x_wconf 93' lang='lat' dir='ltr'><strong>at</strong></span> <span class='ocrx_word' id='word_1_892' title='bbox 470 5418 534 5459; x_wconf 88' lang='lat' dir='ltr'><strong>csse</strong></span> <span class='ocrx_word' id='word_1_893' title='bbox 552 5404 614 5476; x_wconf 87' lang='lat' dir='ltr'><strong>ejus</strong></span> <span class='ocrx_word' id='word_1_894' title='bbox 628 5406 757 5460; x_wconf 89' lang='lat' dir='ltr'><strong>nondum</strong></span> <span class='ocrx_word' id='word_1_895' title='bbox 772 5404 885 5460; x_wconf 87' lang='lat' dir='ltr'><strong>tirmsts</strong></span> <span class='ocrx_word' id='word_1_896' title='bbox 900 5406 976 5471; x_wconf 89' lang='lat' dir='ltr'><strong>sont,</strong></span> <span class='ocrx_word' id='word_1_897' title='bbox 1033 5400 1113 5457; x_wconf 91' lang='lat' dir='ltr'><strong>denti</strong></span> <span class='ocrx_word' id='word_1_898' title='bbox 1126 5416 1224 5456; x_wconf 88' lang='lat' dir='ltr'><strong>amore</strong></span> <span class='ocrx_word' id='word_1_899' title='bbox 1238 5401 1321 5473; x_wconf 88' lang='lat' dir='ltr'><strong>quasi</strong></span> <span class='ocrx_word' id='word_1_900' title='bbox 1337 5402 1427 5457; x_wconf 86' lang='lat' dir='ltr'><strong>licum</strong></span> <span class='ocrx_word' id='word_1_901' title='bbox 1444 5400 1570 5469; x_wconf 89' lang='lat' dir='ltr'><strong>videant,</strong></span> <span class='ocrx_word' id='word_1_902' title='bbox 1594 5400 1715 5470; x_wconf 87' lang='lat' dir='ltr'><strong>iaciunt,</strong></span> <span class='ocrx_word' id='word_1_903' title='bbox 1733 5405 1763 5457; x_wconf 92' lang='lat' dir='ltr'><strong>et</strong></span> <span class='ocrx_word' id='word_1_904' title='bbox 1777 5416 1834 5455; x_wconf 92' lang='lat' dir='ltr'><strong>non</strong></span> <span class='ocrx_word' id='word_1_905' title='bbox 1850 5401 1879 5455; x_wconf 87' lang='lat' dir='ltr'><strong>in</strong></span> 
     </span>
    </p>
   </div>
   <div class='ocr_carea' id='block_1_3' title="bbox 0 0 2005 6034">
    <p class='ocr_par' dir='ltr' id='par_1_3' title="bbox 0 0 2005 6034">
     <span class='ocr_line' id='line_1_61' title="bbox 0 0 2005 6034; baseline 0 0"><span class='ocrx_word' id='word_1_906' title='bbox 0 0 2005 6034; x_wconf 95' lang='lat' dir='ltr'><strong> </strong></span> 
     </span>
    </p>
   </div>
  </div>
 </body>
</html>
