3984 6034
138 261 190 313 :tte
760 257 905 313 SClVth.
932 285 967 296 ·-
984 253 1048 311 ΗΒ.
1070 254 1117 322 tlt,
1141 255 1230 310 tlslo
1251 255 1274 311 Ι.
1837 253 1886 310 :tri

136 394 267 464 veniant,
300 408 394 465 neque
421 407 551 464 unquam
577 391 674 447 valent
702 391 818 448 fastidio
845 389 984 446 satietatis
1002 391 1025 444 h
1038 389 1127 445 ῠιιιι
1151 388 1336 462 inspicientes
1355 404 1410 444 non
1438 389 1479 444 ιιι
1497 390 1573 464 quod
1598 405 1665 448 eum
1689 391 1760 448 seire
1784 392 1890 448 vellent

136 482 203 554 oapi
215 485 275 536 tem
291 478 498 551 magnitudinis
514 494 602 550 quem
616 478 839 550 pulchritudinis
850 479 920 549 ejus.
1041 477 1071 533 ιι
1085 477 1222 545 bonitate,
1237 478 1285 533 sed
1300 477 1377 551 qood
1393 494 1423 534 se
1436 494 1522 549 super
1536 495 1602 534 enm
1619 479 1696 534 velut
1710 493 1798 550 super
1818 479 1888 534 elie·

175 570 258 635 Quod
273 573 369 624 autem
389 583 423 622 ex
442 585 473 622 se
495 566 589 622 reddit
606 566 788 637 splendorem
801 567 882 622 valde
905 565 987 620 terri·
1042 581 1111 622 unm
1124 567 1230 622 veilent
1249 568 1370 632 elevare,
1392 583 1458 621 eum
1479 567 1619 636 llagrante
1646 567 1752 622 scilicet
1766 567 1889 624 elatione

140 657 230 714 bilem
245 657 352 713 scilieet
375 655 492 729 lapidei,
507 654 638 727 chalybei
659 661 688 710 et
709 654 789 726 ignei
805 655 919 721 coloris,
935 655 990 709 hoc
1041 671 1071 710 se
1096 672 1111 710 a
1135 655 1299 728 cognitione
1323 657 1385 726 ejus
1406 659 1574 724 avertentes,
1595 661 1624 710 et
1648 657 1712 726 plus
1737 655 1888 712 tendentes

139 746 283 818 estquod
310 743 408 800 divine
431 747 557 814 potestas
580 759 614 798 ex
637 760 668 798 se
688 743 863 798 demonstrat
888 744 990 799 duram
1043 744 1078 798 ad
1094 759 1192 799 casum
1211 759 1296 800 suum
1321 759 1408 815 quam
1429 745 1521 798 Deum
1544 743 1574 798 in
1591 742 1684 814 glorie
1708 759 1759 798 sua
1784 758 1889 815 cogno·

141 835 277 890 virtutem
296 835 326 888 in
351 849 456 904 magna
479 832 630 886 severitate
651 838 753 887 contra
779 830 990 887 dissimulatam
1044 847 1122 888 scere
1143 831 1348 888 desiderarent.
1380 831 1434 886 Sed
1454 831 1530 903 qnod
1555 832 1649 885 statim
1668 832 1698 885 in
1724 832 1785 902 ipae
1805 847 1889 887 aver-

143 928 171 977 el
199 922 428 994 impoenitentem
453 937 486 975 ac
512 920 688 991 impunitam
711 919 906 993 iniquitatem,
930 921 989 974 tor·
1044 921 1125 976 sione
1155 920 1341 993 inspectionis
1370 935 1427 974 ιιι
1458 935 1558 974 omnes
1588 919 1730 974 ιιιιιιιιι.
1755 925 1822 974 ιιιι
1851 920 1890 975 ιιι

141 1011 320 1080 midabilam,
343 1015 373 1066 ct
391 1011 468 1065 velut
490 1008 679 1080 chalybeum
694 1008 762 1080 quia
776 1010 852 1064 Deus
866 1013 909 1063 est
923 1023 991 1079 per·
1045 1026 1133 1064 versae
1152 1009 1183 1064 in
1202 1009 1384 1078 nigredinem
1402 1008 1572 1077 carbonum,
1589 1009 1642 1063 hoe
1657 1013 1700 1063 est
1715 1009 1783 1064 dum
1800 1009 1890 1064 Deum

141 1101 241 1172 spicue
271 1098 386 1171 J'ustitia
414 1115 479 1170 quac
503 1097 669 1153 nonhabet
699 1097 786 1152 ullam
818 1096 990 1168 injustitiam
1045 1097 1167 1168 superbe
1180 1096 1407 1168 dedignarentur
1432 1097 1516 1162 scire,
1540 1097 1602 1167 ipse
1629 1095 1737 1150 Lucifer
1752 1110 1816 1150 cum
1832 1111 1891 1151 om·

140 1187 268 1244 cedentis
287 1187 429 1254 mollitiei,
451 1190 602 1258 (tanquam
629 1185 734 1256 pulsis,
757 1189 789 1240 ut
811 1185 925 1253 dicitur,
946 1185 991 1239 in·
1043 1185 1129 1241 nibus
1157 1185 1327 1258 sequacibus
1350 1185 1410 1239 suis
1426 1185 1457 1238 in
1480 1183 1589 1238 malitia
1606 1200 1658 1238 sca
1674 1183 1828 1238 exstinctus
1849 1187 1891 1238 est

138 1279 251 1348 justum
277 1275 416 1347 estquod
441 1277 500 1330 lieo
530 1290 589 1328 non
610 1274 715 1344 placet)
737 1273 785 1329 sed
806 1273 992 1345 ipeecstilla
1044 1273 1185 1344 aiulgore
1206 1272 1275 1329 clari
1299 1272 1471 1344 splendoris,
1495 1287 1552 1344 quo
1578 1270 1772 1342 perdiviuam
1789 1275 1890 1342 poten·

138 1364 251 1436 justitie
265 1380 329 1438 quae
344 1363 426 1436 quasi
440 1363 560 1434 chalybe
580 1361 761 1417 confirmarit
774 1377 890 1418 omnem
904 1361 992 1417 aliam
1045 1362 1114 1417 tiam
1131 1362 1248 1418 indutus
1272 1366 1342 1426 arat,
1360 1361 1458 1416 delens
1476 1360 1505 1414 ιι
1522 1359 1617 1429 seipso
1643 1359 1811 1414 interiorem
1829 1360 1892 1430 pul·

138 1451 282 1523 justitiam
302 1467 366 1523 qum
382 1450 473 1506 multo
491 1449 622 1521 fragilior
640 1454 685 1504 eet
697 1448 808 1520 institia
823 1451 885 1521 ejns
903 1465 992 1522 quam
1045 1450 1248 1516 claritudinem,
1273 1466 1329 1521 qua
1352 1449 1452 1505 debuit
1466 1465 1535 1503 usus
1549 1463 1611 1502 esse
1622 1448 1662 1503 ad
1676 1448 1803 1514 bouum;
1821 1453 1891 1502 etse

141 1541 250 1596 terrem
269 1537 381 1611 chalybi
403 1539 490 1605 cedit,
510 1543 540 1592 et
560 1537 649 1593 etiam
663 1539 746 1611 quasi
767 1538 905 1610 igneum;
923 1537 993 1612 quia
1044 1538 1195 1612 porrigens
1204 1540 1238 1593 ιι
1252 1537 1467 1610 deglutiendam
1478 1535 1671 1606 impietatem
1685 1536 1722 1592 ita
1736 1535 1892 1591 exstinctus

141 1626 202 1698 ipse
232 1630 276 1682 est
308 1625 450 1697 judicialis
474 1625 550 1696 ignis
582 1625 757 1680 comburens
781 1631 928 1698 peccatum
953 1627 991 1681 ob
1046 1634 1090 1682 est
1107 1628 1142 1682 ab
1158 1633 1267 1682 aterna
1289 1626 1418 1681 claritate
1432 1632 1464 1680 ut
1487 1625 1600 1680 caderet
1622 1625 1652 1679 in
1667 1628 1805 1680 aternam
1825 1639 1890 1696 per-

142 1730 258 1770 omnem
273 1714 445 1786 injnstitiam
461 1730 526 1786 quas
542 1729 571 1767 sa
589 1729 740 1785 nunquam
755 1719 922 1770 convertere
941 1731 990 1770 vo·
1010 1685 1195 1772 Bditionem.
1222 1715 1302 1770 Unde
1329 1729 1430 1770 omues
1450 1713 1525 1768 versi
1548 1717 1615 1768 sunt
1647 1713 1678 1766 in
1710 1712 1892 1784 nigredinem

141 1803 242 1858 luitad
256 1802 340 1858 idum
356 1819 489 1874 quarens
504 1801 568 1873 ejus
587 1801 823 1858 misericordiam.
840 1803 990 1858 listellam
1045 1804 1201 1860 carbonum
1227 1802 1356 1858 exstincti
1380 1803 1474 1874 ignis;
1491 1801 1559 1874 qnia
1575 1817 1640 1857 enm
1668 1802 1738 1857 duce
1760 1818 1822 1869 sno,
1840 1800 1893 1856 sci-

140 1894 216 1948 uana
232 1891 315 1965 qnasi
330 1893 402 1964 lapis
426 1893 456 1947 in
480 1889 618 1958 homine;
639 1891 776 1962 quoniam
795 1891 857 1964 ipse
878 1898 921 1947 est
942 1907 990 1947 re·
1045 1893 1111 1948 licet
1131 1891 1254 1958 diabolo,
1283 1891 1361 1947 eruti
1383 1891 1511 1948 claritate
1534 1891 1580 1944 sui
1601 1889 1760 1962 splendoris
1782 1889 1822 1945 ιιι
1844 1905 1892 1944 ιι-

142 1985 231 2036 rusct
252 1983 348 2053 justus
370 1980 478 2052 absque
499 1979 558 2035 nlla
580 1980 755 2047 mutatione,
771 1981 840 2052 quia
864 1986 897 2034 nt
918 1979 991 2052 lapis
1045 1983 1155 2037 stinctae
1174 1985 1241 2036 sunt
1263 1980 1293 2034 in
1317 1979 1480 2052 perditione
1508 1977 1732 2042 tenebrositatis,
1763 1981 1893 2032 carentes

142 2071 174 2126 in
193 2069 346 2125 mollitiem
369 2084 428 2124 non
451 2071 546 2140 potest
574 2069 711 2136 conserti,
735 2068 776 2124 ita
796 2067 845 2124 ille
865 2084 925 2123 ιιι
939 2069 990 2125 ha·
1044 2069 1123 2124 omui
1148 2069 1241 2142 gloria
1264 2067 1459 2135 beatitudiuis,
1477 2071 1508 2122 ιι
1529 2066 1615 2123 carbo
1636 2070 1713 2122 caret
1735 2063 1814 2120 omni
1829 2068 1892 2120 luce

143 2158 192 2214 bet
205 2157 293 2212 ullam
310 2157 509 2222 mutationem,
531 2159 561 2208 et
574 2159 618 2210 est
635 2155 714 2210 velut
736 2155 863 2227 chalybs,
885 2155 992 2210 scilicet
1045 2159 1137 2230 ignem
1162 2157 1303 2213 scintillae.
1329 2155 1411 2221 Quod
1431 2161 1526 2212 autem
1548 2161 1648 2210 ventas
1670 2153 1793 2210 turbinis
1814 2159 1893 2209 ortus

144 2247 173 2301 iu
198 2245 364 2303 ailleacitete
382 2244 577 2316 pertransiens
596 2242 693 2299 omnia
717 2243 825 2316 absque
848 2244 906 2298 ulte
926 2259 990 2300 mu·
1044 2251 1088 2302 est
1101 2248 1138 2302 ab
1156 2246 1235 2318 ipsis,
1261 2245 1313 2318 qui
1326 2261 1375 2300 cae
1398 2261 1463 2300 mox
1479 2244 1515 2300 ab
1539 2247 1636 2299 austro
1649 2250 1729 2298 retro
1744 2243 1892 2298 sedantem

142 2335 252 2390 tatione
276 2333 364 2389 ullius
382 2337 434 2388 aut
457 2331 512 2387 loci
531 2337 581 2388 ant
596 2332 744 2403 temporis,
771 2333 839 2404 quia
862 2333 924 2404 ipse
948 2337 992 2388 est
1045 2337 1073 2389 ιι
1099 2335 1204 2390 ιιιιιι
1235 2333 1355 2406 projecit
1381 2333 1416 2388 ed
1446 2332 1612 2405 aquilonem
1645 2330 1828 2404 praecipitans
1859 2329 1891 2384 ιι

144 2425 220 2479 [ιιιι
241 2421 443 2494 superomnia
465 2421 599 2491 existens,
622 2428 666 2477 est
685 2421 774 2478 etiam
800 2422 882 2493 qnasi
896 2422 991 2494 ignis;
1045 2423 1191 2494 abyssum,
1208 2423 1248 2477 ita
1268 2425 1299 2476 ιι
1321 2436 1420 2477 aarum
1442 2421 1569 2492 emplius
1593 2420 1703 2476 nullam
1727 2419 1822 2476 sidere
1836 2435 1888 2474 va¹

143 2510 282 2583 qnoniam
300 2509 463 2564 icllemmat
482 2514 511 2563 ct
532 2509 659 2564 incendit
674 2513 703 2564 et
726 2508 871 2565 illuminet
891 2510 990 2566 omnia
1045 2512 1127 2580 teres,
1142 2510 1197 2566 hoe
1217 2515 1260 2565 est
1286 2509 1364 2582 quod
1380 2509 1521 2564 maximas
1540 2509 1626 2564 ssatus
1649 2507 1805 2580 impietatis
1828 2522 1890 2562 ere·

143 2600 254 2671 absque
271 2597 466 2654 vicissitudine
494 2596 673 2652 succedentis
693 2597 832 2670 temporis
855 2598 885 2653 in
910 2600 990 2654 uoci·
1045 2600 1087 2654 xit
1101 2615 1130 2653 se
1143 2599 1172 2654 in
1198 2597 1267 2670 ipsis
1286 2597 1396 2671 angelis
1420 2595 1588 2668 iniquitatis,
1615 2610 1681 2650 cum
1707 2595 1764 2650 heo
1787 2591 1892 2647 vellent

144 2691 213 2754 tate,
230 2687 299 2758 quia
313 2685 375 2758 ipsc
397 2685 472 2740 Deus
495 2689 546 2738 est.
568 2685 690 2756 litquod
707 2684 770 2756 ipse
784 2685 919 2756 splendor
935 2702 991 2742 un·
1045 2687 1244 2759 praestereat
1268 2701 1335 2741 eum
1363 2700 1415 2758 per
1446 2684 1610 2756 superbiam
1641 2681 1816 2754 opprimere,
1841 2679 1892 2750 qui

145 2776 232 2848 dique
254 2774 412 2829 seeursdum
433 2772 656 2845 amplitudinem
672 2789 883 2829 suamsursum
902 2775 932 2829 ιι
946 2777 992 2830 al·
1046 2775 1212 2831 exsufflatus
1235 2780 1277 2830 est
1308 2774 1338 2829 in
1362 2773 1573 2829 amarissimam
1591 2768 1772 2843 nigredinem
1795 2767 1890 2840 pardi·

143 2861 298 2920 titudinem
311 2860 375 2917 omli
389 2866 419 2916 et
432 2861 567 2916 deorsum
585 2861 616 2915 in
638 2861 813 2932 protundum
836 2862 932 2933 abyssi
952 2861 992 2917 ita
1045 2863 1141 2931 tionis,
1157 2868 1186 2918 et
1203 2879 1251 2917 eos
1263 2861 1298 2917 de
1327 2867 1436 2926 austro,
1461 2861 1491 2916 id
1505 2864 1547 2915 est
1560 2860 1595 2916 de
1617 2860 1694 2915 hono
1713 2855 1834 2930 projecit
1846 2871 1893 2910 re·

144 2968 174 3005 se
191 2949 319 3006 extendit
335 2948 491 3005 utnullcm
509 2947 598 3004 linem
622 2948 684 3020 ejus
708 2948 804 3004 videre
819 2948 923 3020 poesis,
937 2948 993 3004 boo
1012 2956 1189 3037 elrorsnm3
1207 2951 1284 3024 quod
1305 2955 1348 3006 est
1370 2949 1400 3004 ιι
1420 2949 1593 3006 oblivionem
1610 2947 1660 3003 liei
1674 2953 1776 3002 cuneta
1789 2959 1892 3016 regen·

144 3039 281 3112 estquod
304 3038 394 3094 virtus
415 3037 566 3109 potestatis
590 3053 624 3092 ac
642 3037 737 3109 operis
755 3037 814 3107 ilei,
840 3043 868 3092 et
880 3037 992 3108 justitia
1046 3040 1094 3109 tis,
1114 3039 1195 3112 quasi
1217 3039 1255 3094 ed
1277 3043 1389 3110 partem
1414 3037 1622 3109 aquilonarem,
1648 3039 1678 3089 nt
1698 3033 1745 3088 nbi
1770 3030 1893 3102 superbe

145 3135 232 3202 atque
245 3127 436 3183 rectissimum
457 3124 600 3197 judicium
622 3125 685 3197 ejus
708 3125 816 3198 ubique
829 3125 861 3180 in
881 3126 991 3182 iucom—
1047 3127 1165 3184 exaltari
1192 3127 1334 3195 volebant,
1365 3127 1405 3181 ihi
1434 3124 1545 3180 contusi
1582 3137 1679 3178 casum
1720 3119 1890 3185 invenirent,

144 3215 393 3290 prehensibilitate
414 3231 467 3270 ιιι
491 3228 545 3269 nec
566 3214 598 3268 in
616 3213 814 3286 superioribus
835 3214 911 3284 cmii,
938 3229 992 3270 nec
1045 3220 1164 3288 propter
1190 3215 1355 3286 superbiam
1389 3226 1471 3270 suam
1494 3210 1668 3284 praecipitati
1705 3209 1735 3266 in
1758 3209 1919 3288 abyssum-

145 3307 175 3361 in
191 3303 376 3360 interioribus
397 3301 492 3374 abyssi
513 3301 606 3357 ulium
624 3301 713 3356 linem
736 3301 823 3357 habet
843 3302 894 3375 qui
916 3318 992 3358 com·
1047 3303 1146 3359 mortis
1160 3307 1286 3369 aeternae,
1306 3317 1371 3374 (ιιι
1384 3299 1508 3372 perditio
1528 3299 1655 3372 ipsorum
1668 3300 1710 3354 est
1725 3300 1757 3352 ut
1767 3295 1798 3350 in
1814 3293 1894 3349 nulla

144 3391 386 3466 prehendipossit
403 3391 533 3446 humano
548 3406 632 3446 sensu
646 3405 713 3446 cum
728 3391 925 3462 superomnia
943 3392 990 3448 sit
1046 3392 1173 3447 claritate
1196 3391 1320 3463 amplius
1344 3389 1506 3457 videantur,
1537 3394 1569 3444 nt
1588 3403 1641 3459 per
1659 3400 1772 3442 serrum
1797 3397 1893 3440 meum

181 3484 265 3539 vides
293 3482 380 3537 etiam
412 3480 448 3536 de
476 3485 586 3536 secreto
608 3479 733 3535 sedentis
746 3480 777 3534 in
801 3479 905 3536 throno
922 3481 990 3535 stet·
1049 3481 1224 3536 Ezechielem
1245 3479 1330 3535 saltui
1355 3478 1515 3534 meridiano
1542 3477 1592 3549 qui
1611 3475 1746 3532 ardenter
1769 3474 1893 3528 tructam

143 3574 202 3629 lam
228 3566 364 3644 maguam
391 3569 512 3641 plurimi
534 3567 695 3640 splendoris
723 3583 755 3624 ac
782 3568 893 3623 decoris
923 3584 991 3640 pro·
1043 3568 1163 3640 justitiae
1188 3567 1286 3624 debuit
1312 3574 1341 3622 et
1362 3583 1420 3622 ιιι
1444 3567 1540 3622 attulit
1560 3566 1670 3620 loeutus
1693 3579 1755 3618 sum
1777 3562 1891 3616 dicens:

145 3663 295 3731 deuntem,
316 3667 345 3717 et
375 3676 442 3716 cum
467 3674 501 3714 ea
529 3658 686 3731 plurimam
713 3655 926 3713 multitudinem
948 3673 993 3712 ca·
1047 3657 1187 3729 Erceepo
1200 3655 1372 3712 succendam
1385 3653 1417 3709 ιι
1431 3655 1577 3726 teipuern,
1597 3656 1625 3706 at
1639 3651 1805 3708 conaturam
1820 3652 1851 3704 ιιι
1867 3653 1894 3703 ιι

144 3751 276 3806 dentium
298 3749 505 3815 scintillarum
529 3747 598 3820 quia
619 3751 763 3818 praecepto
786 3744 993 3816 omnipotentis
1046 3761 1139 3801 orama
1153 3743 1264 3816 tignum
1277 3743 1380 3808 viride,
1400 3745 1429 3797 ιι
1452 3757 1535 3798 omne
1557 3740 1667 3814 lipsium
1691 3739 1822 3808 arideum
1837 3751 1894 3790 ιιι

145 3839 237 3895 Patris
262 3839 372 3894 Laciier
394 3838 527 3910 angelus,
551 3835 602 3908 qui
622 3851 699 3890 nunc
725 3840 769 3890 est
796 3834 927 3903 Satanas,
959 3834 991 3888 ιι
1046 3834 1244 3906 exstinguatur
1262 3832 1383 3890 ιιιιιιι
1403 3827 1596 3887 ιιιιιιιιίιιιι
1622 3831 1650 3886 ιι
1666 3827 1842 3883 comburetur
1862 3824 1894 3879 in

144 3930 211 3981 ortu
233 3941 285 3980 suo
310 3941 415 3998 magna
449 3924 543 3997 gloria
567 3928 686 3979 ornatos
709 3939 724 3978 e
751 3922 841 3977 multa
862 3920 992 3977 claritate
1046 3937 1079 3977 ιο
1093 3921 1186 3977 omnis
1205 3919 1295 3993 facies
1315 3920 1352 3976 ab
1373 3921 1473 3975 austro
1487 3933 1576 3990 cuque
1595 3916 1634 3972 (ιιι
1658 3914 1833 3988 aquilonam.
1860 3915 1894 3967 ιῑι

144 4029 177 4068 ac
192 4015 295 4070 decore
318 4014 439 4070 vestitus
460 4013 580 4085 prodiit,
604 4017 633 4067 et
654 4027 721 4067 eum
741 4028 776 4066 ac
797 4026 897 4066 omnes
921 4010 994 4064 scin·
1046 4008 1151 4066 uidebit
1162 4007 1259 4065 omnia
1271 4025 1350 4075 coro,
1363 4007 1434 4080 quio
1448 4023 1499 4080 epo
1516 4005 1657 4063 Dominus
1667 4001 1803 4060 currendi
1816 4017 1892 4066 eum,

145 4101 212 4157 titire
239 4103 285 4158 sui
304 4102 429 4174 agminis
452 4108 522 4158 tunc
544 4101 699 4157 candentes
721 4101 751 4155 iu
776 4100 845 4154 locis
867 4098 992 4170 fulgore,
1046 4101 1303 4172 ueccmhuguetur
1316 4097 1427 4169 (Erech.
1444 4098 1502 4166 xxi.
1527 4097 1584 4152 linc
1598 4094 1655 4149 tale
1679 4091 1769 4147 est.0
1796 4086 1892 4156 stulte,

144 4206 221 4246 ιιιι
245 4197 343 4248 (ιιιιιι
366 4191 513 4247 exstinctae
549 4190 581 4244 in
606 4189 738 4263 caliginis
765 4188 991 4254 tenebrositale3
1048 4187 1098 4259 qui
1117 4188 1147 4242 in
1163 4187 1297 4259 superbia
1319 4192 1367 4241 tua
1383 4191 1411 4240 te
1426 4184 1542 4241 erexisti
1568 4187 1668 4238 eontra
1684 4195 1740 4248 me,
1766 4195 1820 4252 ego
1843 4177 1894 4250 qui

142 4279 400 4352 quouiempronus
415 4279 451 4335 ed
462 4279 579 4343 malum,
594 4293 652 4334 uon
662 4277 773 4349 aspexit
782 4277 813 4331 in
830 4292 876 4332 me
898 4276 993 4331 solnm
1014 4260 1101 4331 Ι)ιιι
1115 4275 1231 4331 initium
1247 4291 1299 4330 uec
1311 4275 1399 4330 finem
1412 4274 1516 4341 haheo,
1539 4272 1641 4328 luciam
1658 4275 1686 4324 ul
1702 4269 1732 4325 iu
1754 4268 1815 4324 nelo
1831 4281 1894 4322 meo

144 4367 323 4438 perleclnm3
348 4368 398 4424 sed
422 4366 605 4422 existimabat
626 4365 775 4422 conlidens
800 4365 831 4419 in
854 4363 991 4435 seipsum,
1048 4364 1217 4420 accendatur
1230 4363 1261 4419 ιι
1276 4370 1304 4418 ιι
1319 4363 1394 4433 ignis
1410 4360 1619 4434 indignationis
1633 4375 1716 4426 mem,
1742 4373 1794 4428 per
1808 4370 1894 4429 quem

143 4471 227 4526 posse
242 4455 371 4528 incipere
389 4456 468 4528 qnod
481 4455 577 4522 vellet,
593 4460 624 4510 et
635 4453 774 4526 perlicere
789 4452 867 4524 quod
884 4451 993 4524 incipe-
1047 4451 1215 4508 comburam
1231 4452 1261 4507 in
1285 4455 1313 4508 te
1338 4467 1453 4506 omnem
1471 4450 1647 4506 viriditatem
1669 4452 1747 4503 tuam
1768 4461 1826 4519 qua
1849 4459 1895 4500 ιι

144 4547 197 4599 ret.
214 4544 295 4601 Unde
316 4545 394 4617 quod
419 4543 529 4600 sedemi
555 4543 586 4598 in
610 4543 714 4598 throno
733 4541 855 4597 debebat
874 4539 993 4596 honoris
1048 4541 1212 4613 luistiopus
1226 4540 1364 4613 incipere,
1379 4540 1409 4595 in
1431 4539 1502 4595 falso
1522 4538 1619 4610 rigore
1644 4535 1735 4609 magis
1749 4533 1895 4590 conlidens

142 4631 213 4704 quia
226 4647 280 4705 per
300 4647 367 4688 enm
382 4636 495 4687 creatus
510 4633 564 4699 est,
587 4629 643 4685 hoc
657 4629 774 4686 retorsit
801 4628 832 4684 in
854 4628 992 4701 seipsum,
1049 4631 1079 4685 ιι
1095 4633 1123 4684 ιι
1139 4645 1226 4702 quam
1242 4629 1273 4685 in
1288 4645 1353 4685 me:
1369 4626 1598 4700 quiaelegistiin
1614 4621 1895 4681 tuastnltascientia

142 4726 231 4793 atque
252 4719 283 4774 in
308 4719 363 4775 hoc
384 4719 448 4792 ipso
471 4718 634 4775 declinabat
655 4733 686 4773 se
705 4718 742 4773 ad
767 4717 887 4773 malum.
912 4717 994 4783 Quod
1048 4735 1109 4774 esse
1138 4719 1295 4774 secondum
1324 4717 1489 4790 snperbiam
1509 4719 1589 4771 tuam
1614 4713 1840 4784 comburamque
1864 4711 1896 4766 in

143 4825 212 4864 vero
230 4825 296 4865 cnm
311 4809 392 4864 stella
413 4809 463 4864 illa
485 4823 586 4864 omnes
608 4807 717 4864 eductae
741 4808 776 4862 ad
790 4811 932 4872 austrum,
951 4805 993 4860 in·
1048 4812 1077 4862 te
1101 4823 1217 4862 omnem
1242 4806 1403 4862 ariditatem
1429 4805 1509 4860 illam
1534 4803 1642 4876 peccati
1663 4802 1747 4858 tuict
1772 4800 1893 4856 aliorum

143 4897 304 4970 spiciebent
317 4898 412 4970 ipsum
427 4897 574 4953 sedentem
588 4897 618 4952 in
633 4898 738 4952 throno
758 4895 841 4970 quasi
856 4895 992 4962 alienam,
1049 4893 1231 4967 perditorum
1247 4909 1311 4948 eum
1326 4897 1475 4966 peccatum
1495 4891 1523 4946 in
1540 4892 1617 4946 bono
1631 4890 1743 4945 aridum
1765 4888 1895 4961 suggeris

143 5001 231 5058 seque
246 4986 283 5041 eb
297 5002 331 5041 eo
355 4989 515 5040 avertentes
536 4984 629 5056 magis
651 4983 805 5040 inhiabant
825 4984 861 5039 ad
882 4983 992 5055 aquilo·
1047 4981 1158 5039 homini
1172 4983 1222 5055 qni
1244 4981 1315 5036 cinis
1334 4987 1386 5047 est,
1413 4981 1481 5053 quie
1512 4979 1658 5051 suggestio
1683 4983 1731 5032 tua
1746 4992 1804 5032 nou
1825 4975 1893 5030 raci-

141 5089 211 5130 nam
227 5089 315 5147 qnam
337 5090 404 5130 anm
418 5073 561 5145 inspicere
580 5074 696 5137 sallent,
711 5073 823 5130 horest
844 5071 923 5144 quod
939 5071 992 5126 Lu·
1047 5070 1107 5141 piet
1128 5069 1158 5123 in
1183 5073 1211 5124 te
1243 5068 1329 5122 ullam
1364 5065 1566 5130 salvationum
1592 5064 1640 5118 sed
1663 5064 1712 5122 liet
1733 5063 1762 5116 in
1778 5061 1895 5133 teignis

142 5163 214 5218 citer
238 5162 393 5235 omnisque
406 5162 560 5218 comitatus
580 5163 645 5234 cy'us
664 5159 867 5216 miserabiliter
880 5164 993 5214 creatus
1049 5162 1184 5213 (ιιιιιιι.
1221 5159 1274 5212 ttae
1300 5159 1389 5211 restat
1420 5154 1480 5208 ulte
1510 5153 1562 5208 tibi
1595 5150 1757 5206 muneratio
1785 5149 1894 5210 salutis.

142 5253 173 5308 in
190 5252 310 5308 ardente
324 5253 401 5307 bono
421 5251 472 5308 Dei
493 5252 632 5318 constitit,
654 5249 736 5323 quasi
761 5264 813 5321 per
831 5248 993 5320 obliquum,
1049 5259 1101 5300 nee
1115 5243 1171 5300 illis
1192 5245 1243 5317 qui
1265 5248 1294 5298 te
1319 5246 1480 5314 sequnntur
1502 5241 1532 5294 in
1556 5239 1689 5310 exemplo
1712 5241 1773 5292 tuo.
1789 5239 1822 5291 Et
1837 5253 1894 5292 non

141 5341 173 5397 in
188 5341 324 5414 snperbia
341 5339 473 5396 videlicet
496 5340 656 5413 dedignans
670 5342 838 5411 regnantem
855 5337 886 5391 ιι
900 5335 992 5403 ιιιιι,
1047 5333 1247 5405 exstinguetur
1268 5332 1318 5387 illa
1341 5329 1488 5386 arcacensis
1512 5343 1666 5401 poeuarum
1689 5327 1721 5382 in
1742 5325 1894 5400 suppliciis

142 5431 212 5502 qnia
224 5429 280 5501 ipsi
296 5445 397 5485 omnes
416 5429 471 5484 orti
495 5431 525 5484 in
547 5429 714 5496 creatione,
728 5427 765 5483 eh
789 5425 875 5481 initio
889 5429 991 5496 gesta·
1047 5421 1116 5490 suis,
1132 5421 1182 5477 sed
1203 5421 1352 5477 comburet
1379 5418 1556 5490 praeeipitem
1584 5415 1750 5488 superbiam
1766 5415 1849 5486 quasi
1864 5414 1894 5468 in

144 5524 248 5573 serunt
266 5519 444 5590 impietatem
475 5533 540 5589 quei
561 5518 595 5573 ad
624 5515 821 5589 perditionem
844 5529 873 5568 se
897 5512 993 5581 vertit,
1048 5509 1118 5564 facie
1141 5507 1379 5581 concupiscentiae
1411 5511 1541 5578 aspectus
1566 5504 1684 5561 honoris
1711 5517 1797 5574 quem
1822 5516 1891 5556 ιιι·
