3984 6034
221 227 273 280 675
963 221 990 274 S.
1012 219 1245 278 111ththth
1921 226 1964 274 tiit,

254 359 414 438 temporum
425 371 445 409 a
457 357 513 411 ttea
524 353 666 437 disposita
678 357 711 409 ut
723 367 783 436 per
795 369 861 410 eam
882 353 996 410 dissaert
1014 355 1118 412 timere
1143 360 1243 424 Deum,
1264 355 1312 411 cui
1324 355 1375 428 qai
1389 355 1498 438 rermtit
1509 425 1515 437 ⁸
1525 357 1582 438 lieo
1595 354 1714 413 resistit.
1739 359 1783 438 lle¹
1795 354 1964 414 Simoniani

255 443 307 552 greiz
317 429 456 500 peniteat
466 426 512 481 aet
524 442 575 498 qut
586 443 643 482 aaa
654 427 798 498 panstent.
828 425 994 492 Quaerens
1020 442 1097 482 noue
1125 443 1234 500 sparsere
1247 427 1321 482 dona
1342 430 1438 483 sancte
1461 428 1589 498 Spiritus
1608 427 1647 482 ad
1670 427 1867 494 defensionem
1887 432 1916 484 et
1934 433 1965 483 at

307 495 543 553 oremdedit.1)c
565 496 710 570 sapientia
723 500 751 551 et
765 496 800 552 de
814 499 930 551 statuet
941 494 1042 552 babitu
1064 498 1128 568 mos
1144 500 1172 552 et
1187 497 1257 572 qnid
1283 497 1433 570 significet.
1466 501 1505 553 ile
1526 501 1606 553 statu
1621 497 1755 568 justitia,
1779 498 1962 563 fortitudinis,

255 567 430 624 sanctitatis.
444 571 482 622 lte
488 566 614 636 justitia.
628 569 670 622 De
683 566 862 631 fortitudine.
879 570 917 622 be
933 566 1097 624 sanctitate.

255 814 323 868 Post
345 811 407 866 bmc
432 811 492 866 vidi
516 812 589 867 oltra
612 810 761 882 pressum
771 812 937 867 columnam
959 810 1062 868 burna-
1082 811 1272 868 Aedilicium
1288 811 1447 882 irruebant,
1471 813 1632 885 turrimque
1653 813 1803 886 prolatam
1830 815 1964 872 bacciam-

220 901 319 956 nitatis
331 899 497 968 Salvatoris,
511 899 614 954 turrim
625 899 793 955 lucidissimi
819 900 980 971 splendoris
995 915 1067 972 prse-
1120 900 1157 956 do
1172 901 1339 956 invadentes
1365 901 1397 955 in
1426 915 1489 958 eam
1516 906 1550 957 ut
1569 907 1718 974 serpentes
1743 903 1910 960 sibilabant.
1931 907 1963 960 Ex

219 987 296 1043 dicto
311 986 424 1058 lapideo
437 1001 521 1041 muro
536 986 701 1041 meridianae
714 987 807 1059 plagae
821 985 903 1058 prins
929 987 981 1041 risi
1000 987 1068 1042 aedi-
1121 987 1226 1060 quihus
1237 989 1356 1060 quidam
1368 989 1403 1043 ab
1417 988 1471 1044 hae
1491 989 1611 1044 stultitia
1639 996 1792 1057 cessantes,
1808 991 1913 1046 mundi
1928 993 1963 1046 ei·

218 1076 277 1131 licii
291 1076 332 1129 ita
345 1074 511 1147 impositam
537 1078 569 1130 ut
583 1081 613 1130 et
639 1075 715 1130 intra
735 1082 766 1131 ot
792 1082 872 1130 extra
890 1076 986 1146 ipsum
1001 1075 1068 1132 adi·
1120 1073 1187 1130 terti
1203 1079 1287 1143 snnt3
1302 1074 1366 1130 aliis
1380 1074 1523 1132 inesdem
1539 1076 1668 1148 nequitia
1683 1081 1712 1132 et
1740 1076 1822 1132 sorde
1844 1093 1963 1148 suaper-

218 1162 318 1217 llcium
332 1161 423 1217 videri
442 1166 548 1234 posset,
576 1161 739 1216 latitudinis
760 1162 878 1233 quidem
903 1161 1012 1234 ubique
1035 1163 1065 1216 in
1120 1163 1325 1220 reverentibus.
1347 1163 1444 1219 Sedet
1464 1163 1541 1220 intra
1563 1163 1639 1220 idem
1661 1164 1815 1220 aedilicium
1832 1167 1963 1237 conspexi

218 1250 351 1305 interiori
377 1255 460 1321 parte
487 1250 626 1306 circuitus
657 1250 702 1304 sui
731 1250 861 1323 quinque
892 1251 1064 1319 cubitorum,
1118 1267 1217 1308 versus
1238 1252 1371 1308 eamdem
1394 1252 1499 1309 turrim
1535 1254 1618 1325 quasi
1642 1258 1751 1324 septem
1774 1254 1832 1309 albi
1863 1255 1960 1308 caloris

216 1343 305 1394 tantoe
338 1345 435 1394 autem
459 1338 621 1394 altitudinis
643 1342 677 1393 nt
699 1355 764 1393 eam
785 1338 945 1394 disseruere
966 1339 1068 1411 neqni—
1119 1355 1295 1397 marmoreas
1312 1340 1469 1409 columnas,
1494 1341 1526 1397 in
1547 1341 1651 1398 miram
1679 1341 1888 1398 rotunditatem
1909 1349 1961 1397 tor·

217 1442 287 1481 rem.
304 1426 359 1482 Sed
379 1430 407 1482 et
422 1427 496 1480 inter
517 1429 621 1482 turrim
636 1427 939 1482 illametcolumuem
962 1427 1065 1482 huma·
1118 1433 1210 1496 neme,
1248 1433 1365 1496 starrtes,
1403 1429 1561 1485 altitudinis
1590 1435 1699 1502 septem
1730 1429 1906 1498 cubitorum,
1940 1437 1961 1484 st

216 1515 314 1570 nitatis
334 1514 498 1584 salvatoris,
533 1515 754 1570 tundamentum
792 1515 974 1571 solummodo
1004 1520 1066 1571 erat
1118 1517 1147 1572 in
1170 1517 1334 1573 summitate
1351 1533 1402 1572 sua
1428 1519 1661 1591 qnasiierreum
1688 1523 1716 1574 et
1730 1518 1890 1574 rotundum
1915 1520 1960 1573 ha-

216 1603 353 1676 positum,
369 1618 453 1659 muro
467 1604 597 1658 nondum
611 1604 735 1674 desuper
749 1603 901 1671 edificata,
927 1605 975 1659 sed
999 1609 1066 1659 tan·
1118 1606 1218 1661 beatas
1230 1605 1400 1674 tabulatum,
1415 1607 1551 1663 decenter
1585 1607 1798 1678 aliquantulum
1824 1606 1855 1661 in
1879 1607 1960 1662 altitu·

215 1698 277 1748 tum
292 1692 472 1763 interruptus
487 1697 516 1747 et
536 1707 642 1747 vacuus
666 1692 746 1747 locus
761 1708 920 1764 apparens;
936 1692 1064 1764 longitu-
1119 1693 1216 1750 dinem
1238 1707 1352 1749 sursum
1379 1699 1525 1762 erectnm;
1547 1693 1578 1748 in
1600 1695 1749 1750 cacumine
1772 1697 1873 1750 autem
1896 1697 1960 1765 ejus

214 1780 289 1835 dinis
303 1784 365 1835 erat
379 1778 468 1835 cubiti
481 1779 569 1835 unius
595 1784 628 1834 ut
654 1780 740 1834 etiam
756 1795 845 1851 snpra
873 1785 1064 1834 monstratum
1118 1782 1183 1837 dem
1211 1781 1333 1836 tabulati
1362 1779 1420 1836 vidi
1450 1781 1533 1853 quasi
1553 1782 1779 1853 pulcherrimam
1807 1783 1957 1855 imaginem

215 1873 268 1924 eet.
283 1867 493 1924 littnrrishaso
507 1866 636 1922 nondum
653 1868 748 1922 iuerat
775 1866 955 1938 adplenum
978 1867 1066 1922 redili-
1118 1873 1251 1939 stantem,
1275 1873 1303 1924 et
1326 1868 1362 1924 ad
1382 1869 1514 1925 homines
1539 1870 1569 1926 in
1599 1870 1742 1926 mundam
1770 1871 1957 1943 aspicientem,

215 1963 287 2026 cata,
310 1957 400 2012 molta
428 1961 527 2012 mmen
546 1955 663 2011 solertia
677 1960 706 2010 et
731 1956 881 2011 velocitate
907 1955 1064 2026 perpluri-
1118 1959 1199 2029 cujus
1213 1960 1299 2028 capnt
1321 1957 1412 2012 veluti
1435 1957 1534 2029 iulgur
1555 1962 1635 2015 tanto
1658 1959 1752 2015 nitore
1778 1959 1919 2028 radiabat,
1933 1967 1958 2015 ut

215 2063 279 2102 mos
292 2046 441 2118 operarios
453 2045 565 2100 assidue
585 2043 822 2100 construebatur:
838 2045 949 2099 habens
965 2045 994 2100 in
1010 2045 1063 2099 cir·
1118 2044 1190 2101 illud
1206 2046 1241 2100 ad
1258 2046 1376 2116 plenum
1393 2061 1452 2102 non
1472 2061 1585 2118 possem
1610 2047 1803 2104 considerare.
1820 2049 1957 2104 Etmanes

214 2135 293 2191 cuitu
317 2134 490 2190 summitatis
517 2149 576 2188 suas
603 2137 713 2205 septem
740 2133 967 2205 propugnacula,
989 2132 1064 2188 mira
1082 2106 1104 2161 B
1119 2134 1153 2190 ad
1182 2139 1281 2207 peetus
1307 2149 1391 2189 sunm
1416 2139 1582 2190 reverenter
1604 2141 1814 2206 composuerat,
1847 2137 1957 2208 pedibus

213 2223 383 2279 tortitudine
412 2226 584 2290 constructa,
617 2222 654 2276 ab
689 2221 826 2277 interiore
853 2225 949 2276 autem
983 2226 1065 2293 parte
1118 2223 1180 2294 ejus
1195 2222 1225 2279 iu
1240 2222 1481 2278 eodamtabulato
1498 2222 1569 2279 mihi
1584 2223 1619 2279 ad
1634 2223 1789 2280 videndum
1809 2225 1954 2280 occultatis.

212 2311 344 2384 praedicti
360 2310 474 2366 oedillcii
495 2309 553 2365 ridi
572 2310 656 2382 quasi
679 2310 784 2365 scalam
809 2324 902 2381 usque
925 2309 962 2364 ad
984 2325 1065 2364 cacu-
1119 2312 1262 2368 circulum
1277 2316 1373 2366 autem
1389 2311 1419 2364 in
1438 2310 1686 2367 modumcoronre
1706 2311 1956 2383 multoiulgentem

212 2415 280 2456 men
293 2398 380 2455 turris
401 2400 478 2455 illius
492 2405 628 2466 erectam,
647 2402 675 2453 et
694 2398 729 2452 ab
744 2398 802 2452 imo
821 2413 912 2470 nsque
937 2397 974 2453 ad
988 2412 1065 2454 sum·
1117 2400 1271 2470 splendore
1286 2398 1404 2470 gerebat
1418 2399 1449 2454 in
1461 2399 1563 2470 eapite.
1586 2399 1641 2454 Sed
1669 2405 1699 2454 et
1713 2401 1811 2455 tunica
1827 2402 1907 2456 aurei
1920 2417 1956 2454 co

212 2501 295 2542 mum
313 2487 345 2542 in
368 2487 507 2558 gradibus
535 2487 597 2557 ejus
611 2485 767 2559 quamdam
790 2487 1065 2543 multitudinemho·
1118 2487 1186 2543 loris
1200 2487 1391 2554 induebatur;
1417 2487 1447 2540 in
1469 2502 1527 2559 qua
1550 2503 1567 2542 a
1589 2492 1703 2558 pectore
1718 2488 1856 2544 deorsum
1876 2503 1956 2560 nsque

212 2576 327 2631 minum
353 2577 491 2632 stantium
520 2575 619 2648 igneas
645 2575 733 2631 iacies
748 2580 777 2630 et
801 2575 868 2630 alba
892 2576 1061 2632 vestimento
1117 2577 1151 2631 ad
1178 2576 1264 2647 pedes
1288 2591 1360 2631 rona
1391 2591 1449 2630 ana
1479 2575 1666 2646 descendens,
1692 2576 1955 2648 pretiosissimarum

212 2663 263 2719 sed
276 2665 361 2736 nigra
374 2665 567 2720 calceamenta
581 2665 762 2733 habentium,
787 2670 817 2720 et
844 2665 984 2721 intereos
1007 2665 1061 2720 ali·
1116 2679 1297 2736 gemmarum
1321 2667 1424 2718 ornatu
1448 2663 1546 2719 viridis
1568 2663 1678 2720 scilicet
1695 2665 1753 2721 albi
1777 2669 1806 2720 et
1832 2665 1956 2720 nrbeiat-

211 2769 283 2825 quos
297 2752 399 2809 similis
413 2752 532 2826 quidem
557 2753 710 2809 schematis
732 2752 780 2808 sed
807 2753 925 2824 majoris
944 2758 1061 2809 staturae
1116 2767 1172 2824 que
1187 2751 1268 2807 aurei
1282 2767 1429 2824 pnrpureo
1444 2751 1556 2823 fulgore
1582 2753 1774 2809 interlucente
1798 2755 1901 2810 coloris
1914 2753 1955 2807 de·

212 2845 242 2896 et
255 2840 427 2914 splendoris,
442 2841 535 2914 ipsam
550 2842 653 2897 turrim
669 2843 761 2897 multa
775 2840 925 2914 diligentia
945 2842 1062 2897 intuen·
1115 2840 1277 2896 curabatur.
1301 2843 1335 2895 Et
1348 2840 1488 2896 clamabat
1508 2841 1543 2896 ad
1565 2841 1699 2898 homines
1724 2843 1774 2915 qni
1801 2843 1844 2898 in
1860 2843 1954 2899 munda

211 2935 265 2986 tes.
282 2929 392 2987 Deinde
404 2931 433 2986 iu
445 2930 664 3002 septentrionali
680 2930 766 3002 plaga
781 2930 912 3000 eiusdem
937 2930 1060 2997 aedilicii,
1115 2935 1215 2998 erant;
1229 2929 1269 2983 ita
1282 2929 1398 2984 diceas:
1418 2929 1440 2986 0
1463 2931 1548 2999 tardi,
1566 2946 1617 2985 cur
1644 2947 1703 2986 non
1726 2932 1853 2988 venitis?
1867 2933 1954 2987 Nonne

212 3019 271 3075 vidi
284 3019 426 3075 mnndum
446 3022 475 3074 et
489 3018 622 3074 homines
643 3018 693 3090 qui
710 3017 879 3074 desemine
900 3018 969 3073 Adae
992 3034 1060 3090 pro·
1114 3022 1328 3074 succurreretur
1340 3017 1429 3086 vohis,
1446 3017 1470 3074 si
1485 3019 1584 3074 venire
1597 3019 1733 3076 velletis?
1757 3019 1829 3077 Cum
1851 3018 1953 3090 creperi.

210 3111 346 3162 creantur
359 3107 436 3162 intra
447 3106 617 3178 praedictum
632 3106 758 3163 lucidrrm
775 3121 891 3161 marum
907 3106 1059 3178 speculati-
1115 3107 1238 3161 tisriam
1250 3106 1300 3162 Dei
1315 3121 1441 3174 currere,
1469 3107 1573 3162 culices
1596 3111 1626 3163 et
1645 3123 1751 3164 muscae
1766 3109 1890 3179 strepitu
1910 3122 1953 3161 sno
1973 3109 1974 3114 ’

211 3213 254 3251 vm
269 3196 398 3252 scientim
421 3195 513 3266 ipsius
532 3193 657 3264 aedilicii,
673 3199 702 3249 et
727 3193 867 3251 ambitum
893 3196 993 3250 circuli
1009 3196 1059 3268 qui
1114 3195 1194 3250 robis
1212 3195 1420 3266 impedimento
1442 3200 1518 3250 sunt.
1542 3195 1595 3252 Sed
1622 3213 1672 3251 vos
1699 3197 1849 3252 ilabeltnm
1877 3196 1953 3268 inspi-

209 3285 245 3339 de
271 3284 388 3340 sedente
409 3284 440 3338 in
461 3283 567 3338 throno
598 3283 824 3354 protendebatur
857 3285 1058 3355 discurrentes,
1112 3283 1231 3338 rationis
1252 3281 1375 3353 Spiritus
1399 3283 1488 3336 sancti
1510 3283 1640 3355 aecipite,
1669 3289 1700 3338 at
1727 3301 1775 3338 eas
1800 3283 1952 3340 arabissi·

211 3387 244 3426 er
259 3371 365 3443 quibus
379 3370 463 3425 malti
486 3370 563 3425 idem
586 3369 742 3425 aediliciam
766 3371 843 3426 inter
865 3372 968 3426 turrim
987 3389 1059 3444 pree·
1078 3371 1171 3437 etius
1183 3369 1299 3441 abigite.
1316 3369 1400 3425 Vobis
1428 3370 1602 3426 currendum
1631 3375 1683 3438 est,
1709 3375 1738 3426 et
1760 3388 1777 3426 a
1800 3373 1859 3426 lieo
1883 3371 1951 3424 vobis

210 3475 310 3514 cursus
326 3459 480 3514 voluntatis
499 3459 549 3513 llei
566 3464 596 3514 et
616 3460 780 3514 columnam
800 3460 959 3516 divinitatis
979 3462 1059 3516 verbi
1114 3459 1253 3514 estetiam
1268 3457 1405 3512 auxilium
1416 3457 1602 3528 sperandum.
1617 3459 1660 3514 bd
1673 3459 1823 3514 servitium
1839 3459 1888 3515 ltei
1902 3472 1951 3511 non

209 3549 290 3620 ejus:
312 3561 367 3619 per
392 3546 545 3618 praefatum
577 3562 694 3602 murum
721 3549 903 3618 speculativae
932 3549 1058 3604 scientim
1113 3547 1177 3602 llcte
1198 3561 1248 3600 ros
1272 3546 1414 3612 exhibete,
1434 3550 1463 3600 et
1489 3547 1723 3602 confortabimini
1748 3564 1838 3604 manu
1862 3547 1949 3618 ipsios.

208 3635 343 3690 intrando
357 3639 387 3690 et
401 3635 532 3689 exarando
546 3635 718 3704 transibant,
739 3641 774 3691 ut
788 3636 882 3691 nubes
903 3636 958 3691 hac
972 3642 1001 3692 et
1024 3636 1058 3692 il·
1111 3632 1164 3688 Sed
1186 3633 1216 3688 in
1230 3633 1394 3705 pavimento
1409 3633 1488 3689 illius
1512 3634 1627 3690 edificii
1649 3641 1708 3690 tres
1731 3637 1801 3692 alias
1819 3635 1951 3704 imagines

207 3725 252 3779 lac
270 3723 451 3778 diffunditur.
465 3722 519 3778 Sed
535 3723 586 3795 qui
604 3723 699 3794 ipsum
722 3723 878 3778 aedificium
900 3724 1056 3791 intrabant,
1111 3719 1189 3787 ridi;
1206 3736 1329 3792 qnorum
1350 3735 1409 3776 uua
1430 3721 1557 3791 pretatis
1580 3723 1722 3778 columnis
1747 3722 1861 3778 acclivis
1888 3725 1949 3780 arat,

206 3810 411 3865 candidissima
425 3814 502 3864 resta
512 3809 718 3865 induebantur.
733 3809 862 3874 otiorum
877 3811 928 3865 alii
942 3811 979 3865 de
993 3827 1058 3866 stra·
1110 3812 1140 3863 et
1157 3807 1278 3878 reliqum
1292 3808 1356 3864 duae
1370 3807 1542 3878 ante-ipsam
1563 3809 1617 3864 sibi
1635 3811 1813 3868 collaterales
1837 3811 1948 3866 stabant.

206 3897 294 3952 ritate
308 3903 338 3952 et
354 3897 471 3953 lenitate
484 3898 572 3954 vestis
599 3897 678 3951 illins
701 3897 808 3968 gaudio
828 3914 935 3970 magno
963 3898 1056 3954 exsul·
1110 3909 1140 3950 ee
1160 3909 1260 3950 omnes
1280 3895 1315 3950 ad
1342 3895 1506 3950 columnam
1532 3894 1720 3952 humanitatis
1743 3895 1906 3960 salvatoris,
1925 3899 1949 3946 et

206 3990 299 4040 tantas
313 4001 377 4041 eam
391 3983 555 4040 retinebant
567 4001 575 4052 ;
585 3984 635 4039 alii
645 3990 740 4041 autem
755 3987 838 4060 quasi
851 3986 887 4042 de
901 3987 1057 4056 gravedine
1110 3981 1145 4037 ad
1158 3983 1305 4053 praelatam
1321 3982 1425 4038 turrim
1441 3981 1608 4054 dirigentes.
1624 3984 1694 4050 Oua
1708 3989 1806 4040 annm
1822 3985 1888 4056 ipsis
1907 3997 1947 4035 co·

207 4073 419 4130 etdiilicultata
437 4074 500 4145 ejus
526 4073 622 4128 tristes
649 4073 753 4143 allecti,
779 4075 859 4130 illam
882 4091 986 4130 eruere
1009 4092 1056 4130 ro·
1110 4073 1215 4128 lumnis
1237 4073 1349 4129 acclivis
1367 4077 1437 4138 erat,
1458 4077 1547 4129 tanta
1573 4071 1735 4129 latitudiuis
1757 4075 1901 4146 apparuit,
1921 4073 1947 4124 nt

206 4163 313 4217 lebant.
338 4160 416 4228 Quos
434 4161 559 4234 benigue
587 4163 677 4218 rirtns
699 4164 772 4233 haec,
794 4179 882 4236 quam
907 4163 1055 4220 scientiam
1110 4161 1231 4218 latitudo
1252 4163 1380 4235 quinque
1412 4165 1563 4221 bominum
1598 4161 1653 4218 sibi
1676 4163 1832 4220 namatium
1864 4157 1946 4216 notan

206 4250 257 4306 Dei
270 4250 384 4322 pridem
396 4251 538 4306 nominari
555 4252 713 4321 audieram,
738 4254 844 4324 sapim
858 4269 1055 4324 compescens,
1109 4255 1213 4322 potest,
1236 4257 1322 4306 mulir
1346 4258 1444 4309 antem
1466 4251 1646 4324 proceritatis
1681 4258 1714 4308 ut
1743 4250 1944 4324 longitudinem

207 4338 363 4411 uuicrriqae
382 4354 483 4394 eorum
505 4339 641 4396 dicebat:
658 4342 814 4397 Considera
841 4349 871 4397 et
885 4342 997 4398 custodi
1011 4359 1056 4397 re·
1109 4340 1171 4410 ejus
1204 4340 1330 4411 perlecta
1355 4340 1515 4397 discernere
1542 4355 1600 4394 non
1627 4340 1763 4408 valerem,
1797 4339 1839 4394 ita
1869 4337 1944 4392 eham

208 4430 289 4492 stem,
301 4442 358 4499 qua
373 4426 490 4482 indutus
515 4443 555 4483 es.
586 4429 706 4500 vidique
726 4429 804 4500 quod
819 4429 937 4500 quidam
951 4446 1054 4486 eorum
1108 4428 1186 4499 quod
1203 4444 1255 4500 per
1269 4444 1355 4487 omne
1371 4429 1426 4485 hoc
1441 4429 1595 4486 aedilicium
1609 4429 1796 4501 prospiceret.
1820 4429 1943 4498 ltagonm

206 4513 252 4569 bis
264 4515 357 4570 verbis
369 4515 499 4587 castigati
520 4517 652 4588 quamvis
667 4517 737 4572 illud
757 4517 960 4573 indumentum
983 4519 1055 4591 ipsis
1107 4515 1294 4590 etiamcaput
1321 4522 1350 4572 et
1374 4519 1466 4574 claros
1488 4517 1585 4574 oculos
1611 4516 1720 4572 babens
1747 4511 1943 4572 acutissimam

207 4601 322 4660 dillieile
344 4603 499 4673 rideretur,
522 4604 593 4661 illud
615 4610 712 4660 tamen
740 4621 806 4660 cum
834 4603 926 4668 multo
949 4606 1053 4661 sudore
1108 4605 1211 4660 coelum
1239 4605 1406 4677 aspiciebat,
1429 4611 1489 4662 tota
1521 4605 1642 4662 candida
1673 4610 1703 4660 et
1732 4603 1877 4676 perlucida
1898 4600 1945 4654 eri·

207 4691 386 4748 retinebant:
409 4691 527 4763 quidam
557 4708 626 4748 acro
650 4693 735 4748 rerba
758 4693 809 4749 illa
833 4693 1051 4762 subsannantes,
1075 4677 1423 4753 ¹)stensutserenissima
1438 4695 1528 4750 nubes
1545 4699 1596 4749 est.

204 4784 371 4852 restemque
385 4780 478 4852 ipsam
507 4779 614 4836 furiose
638 4786 777 4838 exuentes
803 4781 988 4853 abjecerunt;
1017 4784 1052 4838 ad
1144 4783 1346 4840 Aliamautem
1371 4785 1493 4840 formam
1509 4783 1636 4840 hominis
1661 4782 1691 4838 in
1711 4799 1746 4838 aa
1760 4783 1868 4837 nullam
1882 4792 1942 4832 eou-

205 4870 347 4924 mundum
370 4870 524 4925 redeuntes
555 4871 631 4926 ande
654 4876 791 4926 venerant
818 4872 967 4943 multaque
988 4887 1052 4944 per·
1107 4871 1195 4942 speri.
1223 4871 1257 4926 Et
1280 4887 1332 4944 per
1352 4877 1443 4928 toturn
1466 4871 1618 4928 editicium
1647 4871 1684 4926 ad
1702 4887 1804 4927 omues
1828 4868 1943 4937 reliquas

204 4963 375 5027 scrutantes,
391 4957 610 5014 multainutilia
632 4959 811 5015 ancillariam
838 4960 996 5014 vanitatum
1012 4957 1052 5014 di·
1106 4961 1224 5015 virtutes
1257 4960 1400 5029 clamarit,
1437 4961 1552 5016 dicens:
1578 4961 1684 5017 Omnes
1715 4963 1829 5015 strenue
1857 4968 1943 5024 surga-

204 5047 344 5102 diceront.
360 5046 552 5113 Quorumalii
581 5047 610 5102 in
636 5047 730 5120 ipsum
752 5047 906 5104 aedilicium
934 5047 1050 5104 tandem
1106 5063 1181 5115 mus,
1193 5047 1261 5120 quia
1278 5047 1389 5103 Lucifer
1402 5047 1534 5104 tenebras
1559 5061 1625 5102 suas
1647 5061 1700 5118 per
1728 5059 1841 5100 ornnem
1865 5053 1941 5096 mnn-

203 5134 320 5200 rerersi,
349 5140 456 5192 restem
487 5151 575 5208 quam
598 5135 761 5206 objecerant
786 5136 891 5191 iterum
916 5136 1050 5192 tollentes
1105 5136 1174 5191 dum
1197 5135 1341 5192 diffundit.
1367 5136 1548 5193 AEdilicemus
1576 5140 1671 5191 trrrres
1698 5137 1727 5189 et
1746 5132 1939 5188 conlirmemus

201 5223 255 5278 sibi
279 5223 445 5291 induerunt,
472 5221 522 5278 stit
548 5227 645 5278 antem
659 5224 763 5277 reverti
791 5224 920 5279 notantes
947 5239 982 5279 ea
1005 5224 1050 5280 de·
1104 5241 1151 5281 aas
1165 5224 1325 5281 caelestibus
1344 5225 1579 5298 propugnaculis,
1596 5224 1731 5288 uuoniam
1745 5221 1873 5278 diabolus
1891 5213 1936 5270 ad-

201 5311 303 5367 nudati
323 5311 354 5367 in
380 5310 489 5368 mundo
509 5310 704 5384 ignominiose
731 5318 941 5368 remanserunt.
957 5313 1045 5369 Etsi·
1102 5313 1244 5371 versarius
1263 5318 1291 5370 et
1312 5313 1498 5387 impugnator
1521 5315 1564 5368 est
1585 5313 1739 5368 electorum
1766 5309 1826 5366 [tei.
1846 5304 1936 5372 Quint

200 5397 230 5452 di
244 5399 321 5471 quod
340 5397 460 5473 quidam
477 5397 670 5455 sordidissimi
688 5403 717 5455 et
733 5399 882 5471 nigerrimi
898 5401 980 5475 quasi
995 5417 1047 5474 per
1100 5402 1235 5477 primitus
1261 5402 1420 5470 plurimum
1435 5401 1527 5458 voluit
1547 5406 1577 5458 et
1601 5401 1722 5456 tentant
1743 5398 1772 5454 in
1795 5411 1846 5452 sua
1863 5389 1936 5448 clari·

200 5485 345 5542 iusaniam
363 5487 487 5556 excitati,
514 5486 551 5543 ab
570 5487 706 5559 aquilone
729 5488 877 5544 venientes
897 5490 927 5546 in
950 5489 1045 5562 ipsum
1101 5496 1169 5558 tate,
1185 5491 1224 5546 sic
1239 5490 1325 5546 etiam
1343 5505 1418 5548 nunc
1431 5491 1589 5562 plurimum
1606 5489 1666 5550 rull
1692 5493 1722 5544 et
1736 5488 1825 5544 mutat
1844 5482 1873 5538 iu
1889 5491 1934 5530 ιιιι
