3984 6034
152 119 206 174 4¹5
880 118 909 174 S.
929 118 1167 178 nunnosuuls
1850 123 1915 179 ltu

186 252 245 308 boli
260 249 389 322 expellit.
402 250 482 332 Quod
490 249 592 308 ntimo
604 251 800 308 mmlnoulum
818 252 947 324 corporis
956 252 1100 323 desuem,
1122 271 1188 314 oum
1201 255 1293 312 multo
1316 257 1440 312 uenture
1462 255 1639 316 sententium
1660 257 1770 330 iudicis
1805 275 1916 332 cusp»

97 395 101 401 ἱ
184 327 254 378 etet.
280 322 373 377 Verbo
395 325 443 403 fter
460 321 500 377 ud
522 321 651 379 homines
664 323 739 396 quod
759 323 867 382 diuinis
887 323 1037 396 preceptis
1052 325 1195 394 obediant,
1214 329 1243 382 et
1256 327 1366 383 molum
1384 326 1558 399 objs'cieutes
1575 328 1679 386 meum
1692 328 1724 386 iu
1736 346 1837 387 umore
1852 329 1916 388 nes·

183 393 310 462 fideliler
320 393 483 466 perficiunt.
499 394 609 465 Defide
621 395 774 451 camelino.
791 395 882 452 Verbo
894 395 988 451 Ieuiae.

897 557 1158 576 *a*

188 701 223 754 fit
236 697 342 754 deinde
356 697 415 753 ridi
430 697 588 784 maximum
612 697 886 769 serenissimumque
904 697 998 768 splen·
1014 697 1232 755 strenationem
1254 716 1300 756 me
1327 701 1469 757 dederuut
1494 702 1544 759 nbi
1570 702 1687 774 pessimi
1705 709 1735 760 et
1765 705 1910 761 venenosi

152 788 253 843 dorem
268 787 345 842 uelut
365 785 497 859 plurimis
518 787 608 842 oculis
630 786 839 855 flammantem,
860 792 999 859 quotuor·
1054 793 1199 858 serpentes
1215 793 1248 844 nt
1262 789 1435 859 scorpiones,
1458 794 1487 844 ei
1510 790 1635 861 aspides,
1658 795 1687 846 et
1710 791 1819 846 similes
1846 791 1912 846 mei

153 875 345 947 quenngulcs
359 876 394 931 nd
409 881 535 948 quotuor
548 882 643 947 portes
659 875 758 930 mundi
772 891 868 931 versos
891 876 999 932 bnben·
1054 881 1202 946 cuptnrsm
1233 876 1364 932 fecerunt
1387 883 1417 932 et
1440 893 1486 932 me
1508 883 1599 933 totum
1619 895 1671 934 suu
1695 895 1806 935 veneno
1830 896 1907 935 con·

152 970 229 1030 tern;
243 963 294 1037 qui
317 969 458 1019 secretum
478 964 594 1035 superui
618 965 758 1020 crealoris
782 965 946 1036 designans,
970 965 1000 1019 in
1054 969 1229 1037 spersernnt,
1246 964 1286 1020 itu
1301 965 1458 1037 quodinde
1481 970 1540 1021 tote
1562 967 1675 1022 enervis
1699 972 1728 1023 et
1753 967 1911 1023 debilitata

153 1052 280 1108 maximo
308 1053 446 1123 mysterio
474 1052 545 1108 mihi
573 1053 772 1108 manifestatus
796 1060 848 1115 est,
879 1051 908 1108 iu
941 1070 1000 1125 quo
1054 1052 1127 1107 fectu
1147 1066 1221 1107 eum.
1247 1052 1327 1108 llnde
1348 1052 1390 1107 illi
1415 1068 1460 1108 me
1483 1053 1647 1109 deridentes
1666 1053 1822 1112 dixerunt:
1850 1054 1910 1112 Ubi

154 1140 241 1196 etiem
257 1141 330 1196 nlius
344 1143 482 1212 splendor
504 1141 608 1196 similis
628 1157 740 1198 eurorae
758 1141 789 1196 in
813 1159 843 1196 se
863 1142 1001 1214 purpurei
1055 1157 1131 1196 nune
1144 1147 1188 1196 est
1200 1141 1294 1197 honor
1310 1143 1394 1196 tuus?
1408 1139 1466 1196 Aul
1483 1158 1536 1213 ego
1552 1147 1620 1197 tuuc
1642 1147 1704 1198 totu
1726 1144 1905 1211 contremui,

155 1228 280 1294 fulgoris
294 1227 452 1283 cleritatem
469 1232 570 1283 teneus
584 1228 726 1301 apperuit.
748 1231 782 1284 fit
801 1246 866 1285 ecoe
892 1230 950 1284 vidi
970 1230 1000 1284 in
1055 1234 1084 1284 et
1098 1245 1202 1302 meguo
1222 1230 1332 1302 gemitu
1348 1231 1478 1286 moeroris
1499 1245 1612 1286 mecum
1636 1231 1666 1287 in
1681 1233 1797 1288 silentio
1818 1233 1907 1289 dixi:

152 1320 229 1372 terre
244 1317 377 1372 homines
390 1317 422 1371 in
435 1316 571 1372 fictilibus
589 1316 632 1372 loe
647 1323 795 1390 portantes
818 1324 847 1373 et
871 1318 938 1373 inde
958 1334 1002 1373 cu·
1056 1318 1142 1374 Onbi
1157 1319 1310 1375 surnibbl
1331 1320 1407 1374 unde
1430 1321 1487 1374 huc
1508 1320 1591 1374 reni?
1611 1321 1646 1378 Et
1668 1337 1755 1393 quem
1773 1321 1908 1376 consuls·

154 1428 218 1467 sens
242 1411 440 1480 conficientes3
466 1413 549 1485 cujus
570 1413 703 1484 quiedam
738 1430 804 1486 pars
831 1414 925 1485 spisse
947 1414 1002 1468 fuit
1055 1412 1148 1463 torem
1182 1407 1269 1479 hujus
1299 1408 1471 1481 captivitatis
1498 1409 1650 1480 quaerum?
1673 1410 1821 1475 Quomodo
1849 1411 1908 1464 hes

154 1500 232 1555 unde
246 1501 334 1556 fortes
348 1501 423 1557 ossei
446 1502 514 1557 fecti
537 1507 616 1571 sunt,
639 1518 706 1574 pers
731 1502 864 1574 qnaedum
890 1502 1002 1571 tennis;
1055 1503 1168 1554 catenes
1182 1497 1906 1569 dirumpam?Oquisocnlnsvuluerameeridere

153 1589 190 1644 de
213 1605 271 1661 qun
292 1589 402 1646 debiles
429 1590 505 1645 eusei
525 1591 671 1662 coagulati
692 1596 771 1659 sunt,
789 1596 818 1646 et
844 1606 912 1663 pers
925 1606 1002 1662 que-
1055 1585 1180 1658 poterit?
1195 1587 1228 1640 Et
1241 1601 1305 1657 quus
1322 1601 1405 1640 neres
1418 1585 1548 1641 foetorem
1562 1586 1640 1641 bunc
1654 1591 1760 1641 telrmn
1781 1587 1905 1642 sufferre

154 1676 220 1732 dnm
242 1676 309 1732 tube
332 1676 486 1749 permistn3
510 1677 547 1733 de
573 1693 631 1749 qun
650 1677 741 1732 emori
761 1679 837 1732 casei
857 1694 1002 1749 proeesse·
1055 1675 1209 1730 valebunt?
1230 1678 1286 1729 Aul
1307 1690 1372 1746 quoe
1397 1690 1498 1729 munus
1522 1690 1556 1730 ee
1579 1676 1642 1731 oleo
1666 1675 1827 1747 perunget?
1841 1674 1906 1732 ΔΜ

153 1769 230 1830 runt,
246 1771 276 1820 et
295 1763 336 1819 itu
354 1765 412 1820 viui
426 1765 507 1837 quusi
523 1767 674 1821 mulierem
691 1766 767 1820 velut
786 1766 928 1839 integrum
944 1766 1003 1821 for·
1056 1763 1120 1836 quis
1135 1762 1226 1818 dolori
1252 1779 1316 1817 meo
1345 1762 1572 1819 misericordium
1598 1763 1766 1836 impendel?
1792 1765 1906 1820 Coelun:

154 1867 232 1907 mem
247 1852 375 1908 hominis
393 1853 424 1907 in
440 1859 522 1908 utero
543 1869 594 1907 sno
615 1851 780 1908 habentem.
807 1855 841 1908 fit
861 1869 926 1908 ecce
950 1869 1003 1924 per
1056 1867 1125 1923 ergo
1149 1852 1304 1906 clamorem
1330 1867 1425 1907 meum
1448 1852 1602 1907 exaudiet:
1627 1857 1656 1907 et
1677 1858 1755 1908 terra
1780 1869 1907 1908 moerore

154 1945 294 1994 secretum
318 1939 536 2011 dispositionem
565 1941 683 2012 superni
714 1940 876 1998 conditoris
899 1942 1000 1997 endem
1022 1955 1122 2030 Bmeo
1140 1941 1293 2008 tremiscet,
1310 1945 1339 1994 et
1352 1956 1436 1995 omne
1458 1941 1535 2012 quud
1559 1941 1682 1996 visited
1707 1941 1909 2013 captivitatem

153 2026 247 2082 formu
260 2033 371 2082 motum
385 2026 477 2083 vitulis
494 2027 629 2083 motionis
641 2028 729 2095 dedit,
745 2036 774 2084 et
788 2030 873 2101 ignee
887 2031 1002 2102 sphoern
1056 2045 1150 2084 meum
1165 2044 1195 2083 ee
1212 2028 1376 2084 miserendo
1399 2028 1528 2094 inclinet,
1545 2027 1613 2101 quin
1638 2029 1834 2084 amarissimus
1854 2030 1909 2084 du-

153 2115 234 2170 uullu
247 2115 423 2171 lineamento
437 2116 558 2172 bumeni
572 2117 700 2190 corporis
722 2118 832 2174 hebens
852 2135 903 2173 cur
923 2119 1002 2173 illius
1055 2119 1100 2172 lor
1115 2132 1159 2172 me
1173 2117 1293 2188 premit;
1312 2116 1461 2189 quonium,
1487 2118 1549 2172 siue
1573 2117 1770 2174 consolatione
1795 2123 1824 2174 et
1841 2118 1909 2174 sine

153 2202 255 2258 forme
269 2204 403 2274 possedit,
424 2209 454 2260 et
466 2204 621 2275 ,cerebrum
634 2206 696 2276 eJns
720 2207 824 2278 tetigit,
846 2211 927 2261 etse
950 2223 1003 2278 per
1056 2205 1199 2278 adjutorio
1218 2205 1372 2277 peregriua
1393 2222 1467 2260 snm.
1489 2206 1511 2262 0
1536 2207 1600 2278 quis
1623 2208 1818 2264 consolabitur
1843 2223 1903 2274 me,

83 2294 89 2304 ‘
154 2291 253 2346 omniu
279 2294 517 2364 membreipsius
537 2293 701 2350 transfudit.
721 2295 761 2349 Ac
782 2295 886 2350 deinde
909 2294 1003 2350 formu
1054 2293 1191 2364 qrroniem
1207 2299 1235 2347 et
1250 2299 1421 2348 mulermee
1439 2293 1595 2366 dereliquit
1611 2309 1667 2362 me,
1685 2295 1903 2367 quiaesinsn·

154 2380 203 2436 illu
218 2380 345 2436 hominis
363 2383 399 2438 de
420 2386 502 2437 utero
526 2382 657 2438 mulieris
678 2383 731 2438 boc
755 2383 840 2439 modo
862 2383 1002 2440 vivificate
1055 2381 1247 2436 lutiserrerif
1259 2381 1327 2446 Quis
1350 2397 1395 2436 me
1411 2380 1558 2452 udjnvnbit
1581 2381 1636 2436 nisi
1651 2383 1745 2437 fleus?
1760 2383 1832 2440 Cum
1851 2400 1905 2438 en-

155 2469 332 2541 egredieute,
353 2471 511 2526 seeundum
534 2477 631 2526 motus
657 2489 731 2543 quos
756 2473 870 2543 spbrers
896 2474 925 2527 iu
953 2472 1002 2528 illu
1055 2475 1113 2525 tem
1129 2471 1261 2526 recordor
1276 2470 1328 2537 tui,
1342 2486 1359 2524 o
1372 2475 1464 2524 meter
1476 2469 1555 2536 Sion,
1569 2471 1599 2526 iu
1619 2487 1677 2542 que
1693 2471 1822 2527 habiture
1847 2472 1906 2527 de-

153 2558 683 2630 formnhomiuisbnbuit,secundum
705 2561 794 2616 etium
816 2561 883 2618 illos
902 2567 932 2617 et
954 2579 1001 2618 eo·
1055 2559 1113 2622 bui,
1135 2558 1314 2613 amarissimo
1340 2558 1457 2613 servitiu
1487 2559 1591 2630 quibus
1615 2558 1742 2630 subjectu
1767 2575 1830 2614 sum
1860 2559 1907 2614 in-

153 2646 246 2701 lorem
262 2663 346 2702 sunm
363 2647 494 2704 mutavit.
510 2649 542 2707 Et
559 2648 617 2703 ridi
631 2649 709 2721 quod
723 2650 879 2722 quemdem
904 2650 1003 2722 hujus-
1055 2646 1157 2717 spicio.
1170 2647 1203 2701 El
1216 2661 1281 2700 cum
1297 2660 1383 2700 omne
1406 2660 1498 2716 genus
1519 2645 1695 2700 musicorum
1719 2646 1797 2718 quod
1821 2646 1852 2701 in
1875 2651 1906 2702 te

155 2735 897 2808 modispbreruminhumsnooorporemenenlem
919 2739 1002 2795 multi
1056 2740 1100 2791 est
1117 2733 1339 2790 admemoriam
1356 2733 1581 2798 duco;vulnere
1604 2749 1669 2789 mee
1691 2735 1818 2790 attendo.
1847 2735 1907 2791 Sed

155 2823 286 2880 turbines
297 2826 475 2893 insedentes,
491 2842 556 2881 sem
570 2842 662 2898 usque
679 2826 716 2882 cd
739 2833 846 2882 terrem
869 2828 1001 2884 iucurvn·
1056 2839 1121 2879 cum
1138 2828 1167 2877 et
1182 2822 1316 2877 recordor
1327 2822 1425 2894 gaudii
1446 2829 1475 2877 et
1490 2821 1595 2878 letitie.
1622 2822 1722 2893 glorise
1746 2829 1817 2890 tnoe;
1834 2828 1908 2878 tuno

156 2912 236 2981 baut,
249 2914 298 2969 sed
313 2914 364 2969 illc
385 2914 541 2987 resumptis
561 2915 670 2971 viribus
690 2931 721 2970 se
744 2915 865 2972 viriliter
888 2917 1003 2989 erigens
1055 2910 1338 2983 venereillequibus
1359 2911 1461 2966 infecte
1484 2926 1547 2966 sum
1570 2911 1705 2966 detestor.
1731 2911 1753 2967 0
1775 2928 1832 2984 quo
1856 2927 1907 2967 me

156 3003 200 3058 eis
232 3003 354 3060 viriliter
387 3004 503 3074 restitit,
538 3010 567 3059 ct
595 3021 661 3060 cnm
690 3005 801 3077 gemitu
833 3006 873 3060 sic
900 3012 1004 3078 queste
1056 2999 1188 3057 vertem‘l
1203 3001 1304 3073 fitquc
1318 2998 1447 3072 fugium?
1464 3000 1550 3054 Dolor
1571 3000 1649 3055 enim
1670 3015 1752 3055 meus
1770 3000 1907 3055 iununre-

156 3097 224 3148 est:
1057 3089 1154 3146 rubilis
1184 3094 1237 3159 est,
1264 3088 1403 3160 quonium
1432 3087 1456 3142 si
1481 3087 1512 3142 in
1539 3087 1622 3143 mulis
1647 3087 1710 3143 istis
1742 3104 1907 3160 persevero,

193 3181 251 3253 figo
266 3179 419 3252 peregrine
432 3179 484 3235 ubi
497 3180 625 3236 sumfln
643 3181 747 3237 umbre
762 3181 873 3237 mortis.
899 3183 932 3237 ut
946 3197 1005 3254 que
1056 3179 1134 3234 socie
1156 3179 1273 3233 illorum
1304 3193 1353 3232 ero
1378 3192 1443 3233 cum
1465 3177 1571 3248 quibus
1594 3177 1623 3232 in
1649 3182 1726 3232 terre
1751 3176 1910 3249 babylonie

157 3267 202 3323 viu
216 3267 308 3324 undo?
324 3269 357 3323 ln
373 3268 449 3323 rium
472 3269 587 3324 erroris.
614 3270 647 3325 nt
669 3285 756 3343 quum
777 3271 1004 3326 consolationem
1022 3269 1043 3329 C
1058 3268 1181 3338 turpiter
1200 3270 1368 3322 conserente
1390 3281 1465 3321 snm.
1492 3267 1524 3322 lit
1547 3265 1596 3320 ubi
1618 3283 1658 3332 es,
1681 3282 1699 3320 o
1725 3273 1817 3320 meter
1841 3281 1908 3322 meu

157 3357 270 3414 bebeo‘l
285 3373 373 3430 quum
393 3357 540 3431 peregrini
554 3358 670 3414 hebent
687 3360 746 3431 Ego
762 3360 840 3415 euim
854 3361 942 3416 debui
954 3360 1003 3416 bn·
1059 3356 1148 3414 Sion?
1162 3357 1213 3413 liei
1235 3353 1323 3411 mihil
1342 3354 1411 3427 quin
1434 3359 1494 3410 nte
1515 3354 1668 3410 infeliciter
1695 3356 1807 3423 recessi,
1832 3371 1908 3427 quo·

156 3447 225 3503 bere
243 3447 463 3503 tubernaculum
482 3447 626 3517 lapidibus
648 3448 766 3520 quadris
784 3450 845 3504 sole
866 3455 895 3504 et
915 3450 1003 3506 stellis
1058 3446 1136 3501 niem
1153 3445 1177 3500 si
1192 3449 1220 3500 te
1242 3444 1394 3511 nescirem,
1415 3442 1505 3498 levius
1529 3443 1660 3499 dolorem
1685 3458 1783 3499 meuru
1800 3443 1910 3515 perier-

157 3534 344 3592 lncidioribus
369 3540 514 3605 oruutum,
538 3537 606 3608 quie
626 3536 758 3592 occidens
781 3539 824 3593 scl
845 3538 1005 3596 occidentes
1057 3547 1130 3591 rem.
1152 3535 1233 3590 Nunc
1250 3539 1346 3588 nutem
1372 3533 1511 3604 pessimos
1545 3532 1655 3588 sodales
1679 3548 1759 3588 meus
1779 3532 1907 3604 fuginm;

158 3625 247 3680 stelle
261 3640 321 3680 non
334 3624 479 3681 debebunt
496 3625 528 3680 iu
550 3641 585 3680 ec
605 3626 710 3690 lucere,
728 3626 777 3682 sed
798 3627 829 3682 iu
848 3643 882 3683 eo
901 3629 1005 3698 debuit
1059 3624 1127 3697 quie
1148 3622 1248 3678 infelix
1281 3620 1435 3694 Babylonis
1455 3621 1486 3676 iu
1512 3620 1678 3692 plumbeum
1700 3624 1835 3676 steteram
1856 3637 1905 3677 rue

157 3730 219 3770 esse
235 3713 367 3786 engeliec
381 3713 484 3784 glorie,
506 3714 645 3786 quoniam
667 3713 797 3784 topuzins
820 3715 920 3771 debuit
943 3732 1004 3772 esse
1058 3711 1165 3784 posuit,
1199 3727 1232 3766 ec
1252 3710 1385 3766 maximis
1408 3708 1538 3765 trabibus
1562 3725 1608 3764 me
1641 3710 1793 3782 oppressit,
1812 3710 1853 3764 itu
1874 3713 1909 3763 ut

156 3798 379 3855 fundumentum
401 3797 502 3870 ipsius,
530 3803 559 3853 et
579 3814 681 3855 omues
711 3814 833 3870 gemtum
861 3804 1005 3856 structure
1058 3799 1104 3854 vix
1125 3797 1267 3869 respirure
1290 3796 1408 3870 possim.
1431 3797 1486 3853 Sed
1510 3812 1576 3852 enm
1606 3797 1746 3868 lucrymes
1766 3812 1844 3852 mens
1868 3797 1906 3852 ed

157 3887 231 3959 ejus,
246 3887 329 3942 sonlre
343 3888 407 3959 ejus
420 3902 456 3941 ex
476 3888 608 3958 crystallo
623 3887 723 3959 posite
746 3891 776 3943 et
791 3889 894 3960 plnteoe
913 3889 1004 3960 ipsius
1058 3895 1096 3956 te,
1111 3905 1128 3944 o
1143 3893 1235 3944 meter
1247 3903 1321 3955 mee,
1331 3903 1396 3943 cum
1418 3887 1573 3959 gemitibus
1596 3890 1668 3944 meis
1689 3887 1816 3956 etiundu,
1840 3891 1906 3942 ten·

157 3992 229 4030 euro
248 3981 357 4030 suctu.
381 3975 453 4030 Nem
474 3989 528 4047 ego
551 3974 639 4030 debui
659 3991 721 4031 esse
745 3991 863 4032 consors
886 3979 1002 4049 augelo-
1058 3984 1102 4034 tos
1117 3977 1251 4050 strepitus
1272 3975 1437 4032 sonentium
1462 3991 1602 4049 equorum
1627 3975 1726 4032 infelix
1750 3975 1908 4046 Babylonis

157 4078 241 4128 rum;
258 4062 327 4135 quie
340 4077 405 4116 sum
421 4061 518 4117 vivens
529 4062 712 4134 {spiraculum
736 4064 813 4136 quod
836 4066 913 4120 fleus
927 4065 1006 4122 misit
1059 4067 1174 4133 emittit,
1184 4065 1262 4138 quod
1272 4081 1369 4120 rocem
1386 4079 1481 4120 meum
1494 4079 1553 4120 uon
1567 4064 1703 4120 attendis.
1726 4065 1800 4135 Ergo
1814 4065 1908 4120 multu

159 4147 191 4201 in
205 4147 320 4202 midum
336 4147 448 4203 limum.
466 4148 546 4204 Unde
560 4148 695 4204 deberem
709 4149 801 4205 Deum
820 4151 903 4220 scire,
918 4156 947 4207 et
960 4152 1005 4223 ip·
1059 4155 1250 4212 sollicitudine
1270 4159 1361 4209 arctes
1390 4153 1449 4208 ries
1476 4169 1617 4226 quierem,
1641 4153 1672 4208 in
1698 4153 1803 4225 quibus
1819 4152 1908 4224 pessi-

159 4251 223 4291 sum
238 4237 354 4292 sentire.
370 4236 424 4293 Sed
442 4237 514 4294 beul
530 4253 596 4292 cum
611 4238 829 4293 tubernaculum
843 4255 940 4295 meum
961 4240 1005 4295 in·
1059 4261 1123 4300 mos
1137 4243 1249 4312 sodales
1278 4259 1358 4298 meos
1382 4247 1412 4297 et
1429 4241 1575 4297 infelicem
1596 4240 1791 4313 captivitatem
1811 4256 1907 4296 mecm

160 4325 270 4381 tellexil
293 4342 423 4397 esposse
443 4326 534 4382 oeulis
557 4325 616 4381 suis
638 4327 670 4382 iu
692 4343 793 4382 ornnes
815 4328 874 4382 ries
899 4328 1006 4399 videre,
1059 4333 1184 4406 effugere
1199 4347 1313 4406 queem.
1340 4333 1374 4387 Et
1397 4347 1461 4386 cum
1485 4331 1545 4386 haee
1560 4330 1705 4397 dixissem,
1721 4330 1818 4400 elupse
1842 4345 1907 4384 eum

159 4412 384 4470 instrumentum
405 4431 490 4471 suum
512 4415 550 4471 ud
565 4415 731 4487 aquilonem
744 4416 848 4488 posuit.
870 4415 930 4471 Abl
950 4415 1004 4472 ubl
1060 4427 1211 4495 ingrestum
1229 4421 1360 4477 semitam
1385 4420 1434 4475 ubi
1457 4435 1502 4475 rue
1525 4419 1555 4474 in
1578 4435 1667 4491 perro
1688 4419 1829 4474 foramine
1844 4433 1909 4473 cuu-

159 4503 210 4559 ubi
225 4509 308 4576 coptu
320 4520 384 4560 sum
403 4510 433 4560 et
446 4504 568 4577 spoliate
588 4503 679 4560 oeulis
694 4510 723 4560 et
742 4505 848 4577 geudio
864 4505 1003 4574 scientius,
1061 4516 1106 4568 trs
1127 4510 1354 4582 septentrionem
1377 4509 1512 4564 abscondi
1526 4508 1705 4564 emerissime
1728 4508 1811 4576 flens,
1831 4522 1908 4580 quu-

159 4598 237 4648 rests
269 4609 334 4650 meu
358 4599 417 4650 tote
444 4597 543 4662 scisse,
567 4600 595 4648 et
620 4593 661 4648 sic
688 4593 723 4648 de
748 4594 914 4650 hereditate
943 4610 1008 4650 meu
1025 4571 1139 4656 ”niem
1153 4604 1273 4655 metrum
1297 4613 1391 4653 meum
1416 4597 1615 4669 perdideram,
1632 4596 1671 4652 ibi
1689 4596 1776 4652 etiarn
1793 4611 1910 4652 omnem

158 4682 434 4755 pnlse3duclesum
450 4683 481 4738 in
502 4683 631 4739 elieuum
650 4683 757 4749 locum,
778 4683 922 4754 quiomni
942 4685 1007 4756 pul·
1062 4689 1190 4744 dolorem
1220 4702 1317 4743 meum
1348 4691 1377 4742 et
1408 4686 1506 4741 omnin
1529 4686 1648 4742 vulnere
1664 4701 1728 4741 meu
1747 4684 1910 4742 considere-

159 4771 323 4827 ebritndiue
337 4771 590 4839 ethonorecnret,
604 4772 654 4826 nbi
668 4771 793 4844 pessimo
807 4773 1007 4828 servitiosub-
1062 4773 1139 4840 bum,
1164 4779 1313 4846 tentusque
1338 4771 1495 4828 effusiones
1527 4773 1719 4844 laerymarum
1747 4771 1844 4828 flendo
1881 4777 1910 4828 et

156 4859 321 4932 Jeotesum.
336 4859 390 4916 Sed
411 4865 440 4915 et
460 4859 482 4915 ii
496 4859 546 4933 qui
559 4876 605 4916 me
624 4866 774 4931 coeperunt
794 4861 921 4933 oolnpbis
941 4876 1005 4933 per-
1062 4863 1158 4919 flendo
1171 4861 1325 4929 ibiemisi;
1346 4862 1421 4934 quod
1445 4861 1540 4917 omnis
1563 4862 1645 4917 dolor
1671 4867 1700 4916 et
1722 4861 1816 4917 omnis
1838 4859 1912 4916 livor

159 4948 312 5017 cutientes,
342 4964 407 5004 cnm
428 4949 523 5021 porcis
548 4965 595 5004 me
617 4948 790 5004 munducare
811 4949 951 5018 fecerunt,
978 4952 1008 5004 et
1061 4951 1215 5009 vulnerum
1239 4965 1369 5006 meorum
1390 4950 1523 5022 lacrymis
1544 4950 1605 5006 istis
1629 4951 1763 5020 pertusus
1788 4948 1909 5006 maduit.

159 5037 201 5092 itu
215 5038 246 5093 in
261 5037 406 5094 desertum
430 5039 524 5093 locum
538 5039 695 5103 mittentes,
712 5037 905 5092 emerissimes
919 5037 1006 5093 elimn
1061 5042 1096 5096 Et
1109 5056 1173 5096 ecce
1194 5039 1379 5094 suavissimus
1394 5039 1464 5094 odor
1483 5038 1562 5094 velut
1583 5037 1656 5093 lenis
1680 5053 1750 5094 nure
1774 5055 1791 5094 u
1819 5043 1911 5093 melre

160 5127 264 5182 berbes
287 5126 373 5182 melle
396 5127 531 5184 intinctis
551 5126 623 5182 mibi
644 5127 678 5182 ed
699 5142 780 5182 esum
804 5131 1005 5199 perrexeruut.
1062 5145 1126 5185 mee
1144 5128 1274 5196 emissus,
1290 5143 1375 5182 neres
1399 5141 1477 5182 mens
1499 5125 1611 5182 imbuit.
1638 5126 1661 5182 0
1685 5133 1808 5198 quantoe
1822 5127 1912 5199 gemi-

161 5215 264 5270 Postee
301 5231 417 5288 quoque
452 5231 539 5287 super
571 5215 696 5270 torculur
727 5230 774 5269 me
811 5216 1006 5285 extendentes,
1062 5221 1107 5273 tus
1124 5223 1153 5272 et
1176 5221 1299 5290 qrruntas
1327 5216 1467 5286 lucrymis
1489 5220 1557 5271 tuuc
1583 5214 1681 5284 effudi,
1702 5230 1768 5270 eum
1793 5230 1910 5286 parrum

161 5303 261 5359 multis
283 5306 434 5360 tormentis
457 5305 632 5373 afflixerunt,
659 5304 764 5361 deinde
787 5305 913 5361 vestibus
935 5306 1007 5362 meis
1061 5304 1378 5362 consolationemillem
1394 5307 1493 5359 edesse
1508 5303 1592 5358 sensi.
1617 5305 1652 5358 Et
1675 5307 1771 5359 tentos
1785 5303 1912 5359 ululatus

161 5406 209 5447 me
232 5401 370 5449 eruentes
394 5400 424 5448 et
445 5395 551 5450 multus
569 5395 668 5466 pleges
691 5393 762 5450 mibi
784 5394 949 5462 intercutes,
975 5395 1005 5450 in
1060 5409 1126 5450 cum
1147 5393 1273 5466 copiosis
1293 5391 1409 5448 fletibus
1433 5407 1494 5463 prce
1523 5391 1646 5464 greudiu
1668 5391 1748 5461 dedi;
1771 5397 1803 5446 nt
1824 5391 1910 5448 etiem
