3984 6034
109 177 162 233 8⁴21
319 160 322 167 ¹
409 171 518 235 eleth
538 174 696 234 blvltlolt.
717 175 820 235 orne.
841 176 1011 237 stumlcts
1029 176 1332 239 RONIS-PARS
1350 179 1373 249 l,
1394 180 1485 239 vrsto
1504 180 1551 239 Ν.
1814 185 1866 243 822

108 308 143 365 iu
156 312 240 367 nocte
254 325 321 367 euru
341 309 479 367 descensu
493 307 569 365 illius
590 312 668 366 terra
684 309 817 381 superius
841 310 956 367 cbtsne·
976 314 1132 385 eproptcr
1145 312 1243 370 emme
1260 318 1329 371 tuuc
1340 313 1420 371 cerni
1431 315 1646 387 condescendit,
1664 316 1804 392 illamque
1831 318 1861 377 in

107 400 220 457 eretur.
237 398 292 457 Sed
307 402 336 455 et
358 398 430 454 sicut
444 414 496 468 per
515 397 588 454 vires
608 398 713 455 animm
737 412 803 455 cero
831 398 957 457 bominis
1012 401 1111 475 aliquo
1134 418 1222 475 opere
1252 403 1387 460 delectari
1413 405 1568 477 permittit,
1613 408 1861 480 quemadmodum

107 484 142 541 in
168 485 281 541 delectu
297 502 348 542 sno
371 485 523 553 reviviscit,
552 485 689 559 quoniam
704 484 768 559 ipse
794 503 912 543 carnem
930 491 959 544 et
1013 496 1105 547 mater
1132 492 1249 549 llentcm
1275 491 1416 550 intentent
1439 492 1534 549 ridere
1564 494 1641 552 lecit.
1679 499 1774 570 hique
1806 498 1861 554 hoc

107 574 282 646 sanguinem
296 574 375 631 illins
387 574 510 632 sustinet
536 590 572 631 ne
602 574 726 643 deliciet,
751 575 793 631 ite
808 575 897 633 etiam
920 577 955 633 de
1011 580 1098 637 modo
1121 596 1267 637 carocum
1280 581 1378 637 anime
1394 580 1492 653 eliqua
1514 584 1591 639 bone
1610 600 1709 656 opere,
1738 585 1860 658 quibus-

107 662 178 735 igue
193 663 339 719 solisluna
352 662 518 719 accenditur
533 663 645 737 quotics
661 663 769 721 delicit.
1012 670 1080 725 dem
1102 673 1201 727 temen
1228 669 1353 741 peccetis
1377 669 1549 740 intermista,
1590 678 1737 746 operetur,
1782 676 1862 748 quod

109 770 190 837 Quod
202 768 505 826 wpgmmoaoanima
518 768 625 827 ,seriem
640 768 857 845 ,mmmm
873 786 958 829 ,uum
1011 759 1110 815 anime
1137 759 1251 827 tolerat,
1280 774 1317 815 ne
1345 774 1413 815 cero
1444 761 1594 829 obruetur,
1621 762 1761 833 quoniam
1790 763 1864 820 sicut

162 857 257 967 Zeus,
270 843 296 895 et
311 845 397 897 Deum
407 840 438 895 in
456 840 597 897 Trinitate
610 840 814 905 unurncoteua,
825 844 958 901 eumdem
1011 863 1078 903 caru
1087 864 1140 919 per
1153 849 1281 904 animum
1296 847 1375 917 vivit,
1395 848 1435 903 ite
1450 848 1539 904 etiem
1565 848 1663 905 anima
1690 867 1755 906 curn
1775 867 1862 908 carne

145 858 162 895 r

145 929 164 983 P
199 910 713 1036 “²¹⁰m.ll¹⁰?ii²”i¹⁰nd⁰.ijd⁰m
734 911 778 968 ’,θ’
799 912 898 995 diem,
913 913 959 997 9⁶²
1010 936 1086 991 bena
1097 937 1244 1009 operando
1269 937 1424 1006 reviviscit,
1450 937 1519 1010 quie
1542 936 1573 993 in
1606 954 1693 1011 opere
1721 956 1861 996 mannum

145 987 257 1037 noctem
270 998 396 1037 meterem
407 982 507 1049 secere
524 998 552 1037 vr
572 988 645 1051 etur,
666 983 734 1038 dum
750 984 833 1038 modo
851 987 958 1056 sperate

144 1052 484 1125 fortitudinir,quemsol
496 1054 642 1124 significat
655 1054 799 1121 roborata,
821 1056 849 1109 et
867 1054 957 1113 setti-
1011 1024 1126 1081 ⁰⁰mi⁰i
1146 1025 1285 1081 ⁰⁰¹¹⁰⁰⁸¹⁸
1308 1030 1360 1082 ω·
1382 1025 1460 1082 Μ
1483 1026 1562 1081 ‘nim
1580 1027 1622 1082 ⁵⁰¹
1636 1032 1750 1083 ”mem
1775 1044 1859 1101 ΜΨ

145 1123 601 1196 mutescuclorumtuceoperum
611 1124 745 1196 rejctpct,
757 1125 840 1182 mode
857 1142 957 1182 coucu·
1009 1114 1102 1170 md⁰
1121 1129 1213 1187 mque
1224 1115 1262 1170 “d
1279 1114 1404 1171 mediffl
1419 1114 1498 1171 diem
1514 1115 1653 1183 wendile
1679 1116 1720 1171 1²⁸
1743 1133 1860 1189 q⁰⁰ll⁰⁰

143 1192 400 1266 piscentiiccomie
412 1194 599 1252 succumbens
611 1200 758 1267 operetur.

143 1301 230 1356 xxiv.
245 1300 289 1357 Sic
299 1316 415 1373 qnoque
434 1300 532 1357 enims
554 1298 678 1357 scienter
698 1300 729 1357 in
761 1300 871 1359 viribus
895 1301 957 1358 euis
1010 1291 1166 1348 admodum
1181 1292 1223 1347 ³⁰¹
1244 1295 1311 1364 posi
1339 1290 1466 1347 mediam
1488 1291 1566 1347 diem
1580 1291 1746 1362 inclinetur,
1763 1292 1804 1349 sic
1831 1298 1859 1349 et

107 1405 213 1460 eorpus
233 1388 359 1445 hominis
373 1388 456 1461 regit,
472 1405 538 1445 eum
567 1389 616 1445 itte
639 1390 671 1446 in
686 1390 813 1447 bonitate
834 1393 863 1448 01
889 1406 956 1462 per.
1011 1379 1109 1436 enims
1122 1380 1202 1436 carni
1216 1379 1377 1449 consentin
1394 1385 1423 1436 et
1451 1384 1485 1435 ut
1504 1380 1574 1436 lvrna
1596 1396 1649 1453 per
1661 1381 1751 1437 eutem
1779 1397 1858 1437 reac-

107 1477 230 1534 lectiune
257 1482 286 1533 et
312 1478 461 1533 sanctitate
488 1476 626 1549 intelligit
645 1482 675 1535 et
692 1479 788 1548 ecnht,
805 1484 833 1535 ct
852 1480 903 1535 scit
923 1495 957 1537 ee
1011 1469 1143 1525 “fiditur
1161 1484 1197 1523 ¹10
1215 1467 1339 1536 deheim,
1361 1468 1403 1523 ila
1425 1471 1453 1525 ol
1468 1467 1577 1525 viribus
1596 1468 1701 1525 enimse
1724 1485 1791 1525 cero
1804 1470 1858 1525 hc·

108 1582 174 1638 quae
188 1566 224 1623 ed
246 1568 338 1622 Deum
352 1566 507 1639 pertinent,
523 1582 623 1623 rerum
648 1567 739 1623 ileum
758 1567 789 1623 in
817 1568 956 1625 Trinitete
976 1594 998 1650 B
1012 1557 1099 1613 ¹111ssss
1113 1561 1290 1613 ⁸⁰³l⁰¹¹l⁸l⁰l
1300 1572 1337 1611 ΒΘ
1351 1556 1539 1626 ississlfflillm
1552 1561 1608 1623 0⁸²»

1010 1201 1097 1259 homo
1111 1219 1199 1275 preve
1213 1219 1302 1275 opere
1313 1202 1429 1259 vitando
1443 1218 1561 1259 sursunt·
1572 1204 1697 1273 incedit;
1714 1209 1744 1262 et
1757 1221 1858 1277 quem·

107 1646 279 1713 colens,nec
301 1644 389 1701 elium
409 1646 501 1701 Deum
529 1646 560 1702 ln
573 1646 686 1704 fallacie
711 1664 858 1719 querens,
884 1649 958 1706 sicut
1011 1646 1089 1715 Quod
1107 1644 1183 1703 sicut
1198 1644 1322 1714 cerebro,
1347 1643 1548 1701 humiditatem
1572 1660 1593 1700 u
1613 1642 1772 1701 eiccerttm
1801 1647 1861 1701 tru-

107 1733 197 1789 etiem
219 1732 328 1789 eaedem
346 1734 421 1790 rires
437 1734 587 1791 animasse
610 1735 641 1791 in
655 1750 747 1792 norim
770 1738 959 1809 {conjungunt
1047 1716 1136 1800 tenet,
1151 1732 1248 1802 ‘’mli“
1256 1715 1387 1788 σθΥιιθΐὼ
1408 1732 1484 1797 ”⁸3¹2
1496 1716 1623 1798 “timul
1640 1716 1861 1799 “ministrasti

107 1822 195 1879 simul
215 1826 375 1894 operantes·
403 1823 472 1889 ΟΜ)
496 1840 562 1879 cum
584 1823 688 1896 ,piritu
710 1824 887 1881 fortitudinis
916 1826 957 1883 ita
1046 1787 1347 1844 ctoetsoleroremet
1370 1786 1501 1859 pluviam
1519 1787 1664 1842 sertertium
1688 1786 1861 1868 diffundente

180 1910 185 1921 .
305 1910 310 1920 .
337 1910 368 1921 ..
680 1911 686 1923 ,
1045 1857 1208 1930 superiores
1225 1855 1328 1913 circuti
1355 1874 1391 1912 ue
1416 1874 1436 1912 c
1460 1857 1555 1912 calore
1580 1856 1717 1927 dejiciant
1746 1873 1756 1912 ι
1797 1857 1861 1913 ibus

106 1911 421 1983 tangitur,ut1u1turm
435 1927 556 1983 operum
570 1912 833 1985 perfectionemque
855 1929 956 1971 eorum
1044 1929 1264 1996 mmmmm,
1279 1932 1307 1984 ei
1321 1928 1397 2001 quod
1407 1928 1563 1983 secundum
1574 1926 1633 1983 istu
1647 1944 1751 1984 concor
1771 1928 1804 1984 ιιι
1814 1929 1861 1984 eet

106 2015 173 2055 cum
187 2000 247 2055 line
256 1999 387 2071 ipsorum
396 1998 504 2073 ubique
520 2002 740 2075 contempletur,
756 2002 792 2059 ab
812 2003 870 2059 illis
891 2020 956 2077 quse
1371 1998 1378 2009 ’

1045 1999 1229 2057 dissonantiae
1237 2002 1312 2057 inter
1324 2015 1457 2056 ammom
1476 2002 1503 2056 et
1525 2015 1642 2055 curnem
1665 1998 1859 2056 inueniuntur.

107 2089 183 2144 mela
205 2092 274 2143 eunt
290 2088 425 2157 declinat,
449 2095 479 2146 et
496 2089 536 2145 sic
562 2090 675 2161 corpori
702 2091 733 2147 in
760 2108 818 2165 quo
846 2092 957 2149 habitet
1044 2090 1120 2146 xxv,
1145 2090 1181 2147 Et
1198 2086 1336 2163 quoniam
1359 2088 1510 2145 cerebrum
1531 2087 1684 2143 humidum
1709 2093 1754 2144 est
1781 2092 1809 2143 el
1825 2088 1862 2143 le·

105 2176 276 2234 suavitatem
290 2194 484 2251 supernorum
510 2179 651 2235 donorum
676 2180 797 2251 inducit,
813 2198 864 2254 per
889 2198 954 2256 que
1010 2194 1056 2243 ne,
1080 2178 1172 2249 trigas
1186 2176 1283 2246 babet,
1309 2193 1410 2233 omnes
1437 2192 1518 2232 venre
1542 2178 1701 2249 cunctaque
1728 2177 1862 2233 membra

105 2266 205 2323 omnia
218 2268 349 2323 membre
364 2266 441 2323 illius
463 2267 500 2323 ad
527 2268 708 2325 honestatem
723 2269 846 2339 inducit,
875 2286 954 2343 quo·
1009 2267 1138 2338 corporis
1152 2266 1277 2321 celerem
1308 2265 1336 2321 ei
1362 2264 1592 2331 subministrent,
1614 2264 1655 2320 sic
1680 2265 1767 2320 etiem
1793 2266 1859 2333 soli,

105 2354 186 2411 nium
203 2352 277 2411 vires
294 2354 356 2426 ejus
381 2342 434 2426 per
447 2354 647 2411 tortitudinem
670 2356 821 2429 potestatis
849 2358 901 2413 [lei
923 2357 955 2413 in
1009 2354 1060 2427 qui
1080 2354 1225 2411 interdum
1244 2370 1339 2409 rorem
1363 2358 1392 2409 et
1414 2353 1542 2426 pluviem
1566 2353 1603 2409 ad
1624 2358 1715 2410 terras
1738 2356 1858 2411 descen-

106 2458 198 2499 uuum
219 2443 387 2499 medunutae
410 2447 486 2499 sunt.
518 2443 573 2499 Sed
597 2459 663 2499 cum
693 2444 794 2501 eedem
815 2444 953 2501 lorlitudu
1008 2444 1076 2501 dere
1101 2443 1179 2515 iacit,
1205 2442 1465 2515 cmuiaeuperiora
1487 2443 1518 2499 in
1532 2442 1599 2515 igne
1617 2443 1742 2500 lucentia
1761 2460 1799 2499 ne
1823 2443 1859 2499 ἰιι

105 2532 235 2587 animem
249 2532 305 2588 hcc
332 2530 419 2587 mode
444 2531 571 2600 roborat,
598 2532 726 2589 dominio
750 2533 826 2591 illice
857 2538 953 2591 totum
1007 2533 1102 2588 calore
1116 2531 1250 2587 deliciunt
1273 2532 1372 2602 iguem
1386 2530 1631 2587 subministrando
1651 2531 1677 2587 ei
1693 2532 1859 2604 {assistunt

105 2636 212 2691 cerpus
225 2619 353 2677 hominis
367 2620 473 2677 servire
496 2620 572 2689 lucit,
589 2622 631 2677 ita
651 2626 683 2678 ut
703 2621 786 2679 illinc
813 2622 954 2697 lacrymas
1007 2620 1062 2678 Sed
1079 2618 1190 2693 etquis
1214 2618 1335 2675 humore
1356 2618 1549 2688 humectetur,
1575 2620 1729 2692 caloreque
1744 2620 1859 2676 coniur-

106 2725 173 2764 cum
186 2708 342 2780 gemitibus
360 2708 508 2765 multoties
522 2710 636 2779 educet,
649 2714 678 2765 et
696 2716 765 2767 tunc
786 2712 881 2782 ipsum
905 2712 955 2769 ho·
1007 2714 1095 2777 tatur,
1114 2711 1209 2765 tutum
1228 2724 1334 2780 corpus
1354 2710 1497 2763 sustentat
1510 2711 1540 2763 et
1555 2708 1639 2779 regit,
1670 2709 1859 2780 quemadmo-

107 2798 217 2853 minom
232 2796 263 2852 in
278 2800 359 2853 lente
372 2797 535 2853 humilitate
557 2803 586 2855 et
599 2798 697 2872 quiete
711 2799 849 2869 continet,
875 2805 907 2856 ut
925 2805 955 2857 et
1008 2798 1077 2855 dum
1091 2799 1198 2855 bumor
1224 2801 1253 2853 et
1279 2797 1357 2852 celer
1374 2796 1521 2867 conjuncti
1537 2812 1653 2852 omnem
1667 2800 1774 2853 terrem
1796 2813 1860 2870 ger·

106 2886 139 2943 in
153 2868 383 2943 secularibus'et
401 2885 433 2942 iu
446 2886 643 2959 spiritualibus
669 2904 700 2943 ee
726 2904 827 2960 regere
851 2890 953 2960 valeat,
975 2888 1120 2952 cmincre
1133 2886 1253 2943 iaciunt.
1285 2886 1323 2941 lle
1351 2886 1439 2941 corde
1462 2883 1540 2941 enim
1563 2890 1592 2941 et
1606 2885 1754 2957 pulmone,
1770 2892 1799 2942 et
1815 2886 1859 2958 je·

107 2974 138 3029 iu
153 2973 286 3031 omuibus
314 2974 398 3030 bonis
417 2973 551 3033 decenter
564 2975 732 3033 instructus.
759 2976 839 3033 Unde
867 2978 955 3035 etiem
1009 2991 1085 3044 core,
1100 2976 1180 3032 etde
1202 2973 1337 3030 omnibus
1352 2971 1508 3029 visceribus
1534 2972 1673 3041 heminis,
1697 2973 1859 3029 humiditas

106 3062 308 3135 enimuipeins
322 3078 373 3135 per
395 3064 503 3120 bouum
518 3064 647 3121 studium
663 3065 742 3121 relut
763 3065 795 3122 in
811 3066 857 3123 die
880 3066 956 3123 bone
1010 3065 1047 3121 ed
1060 3063 1210 3120 cerebrum
1229 3062 1364 3131 ascendit,
1379 3061 1509 3135 illudque
1533 3061 1689 3135 adimplet3
1720 3067 1750 3119 et
1780 3079 1859 3119 cere-

107 3152 254 3224 operaudo
268 3151 299 3207 iu
315 3152 404 3208 altum
418 3152 562 3220 ascendit;
588 3154 638 3210 sed
652 3154 722 3209 dum
754 3155 956 3227 concupiscen·
1008 3152 1062 3209 bro
1074 3151 1247 3208 humiditate
1261 3150 1384 3207 istorum
1405 3150 1574 3222 adimpleto,
1593 3151 1630 3207 de
1647 3152 1749 3207 eedem
1764 3152 1861 3207 humi·

107 3241 156 3297 tiae
188 3240 281 3296 carnis
299 3241 507 3297 consentiendo
530 3246 692 3311 superetur,
713 3242 795 3315 quasi
819 3243 847 3299 in
873 3249 956 3300 nocte
1011 3239 1099 3296 ditate
1117 3238 1226 3312 aliquid
1241 3237 1278 3293 ed
1300 3238 1413 3310 reliqna
1428 3236 1566 3294 interiere
1580 3239 1738 3308 descendit,
1769 3254 1860 3311 eaque

107 3345 212 3401 sopore
226 3329 409 3400 deprimitur,
425 3346 502 3387 nunc
515 3330 633 3402 quidem
648 3331 816 3387 fertitudine
838 3348 868 3387 se
890 3348 955 3387 nru-
1009 3329 1122 3399 replere
1136 3327 1261 3383 festinet.
1274 3326 1412 3383 Similiter
1430 3326 1551 3382 scientia
1574 3327 1679 3383 anirum
1701 3326 1860 3383 humidita-

109 3419 204 3487 uiens,
219 3434 295 3474 nunc
318 3423 415 3474 entem
439 3418 577 3475 desidium
605 3420 661 3475 eibi
685 3422 875 3493 conjungens.
903 3422 958 3478 Per
1009 3421 1069 3473 tem
1093 3417 1286 3488 lacrymarum
1307 3415 1414 3483 educit,
1434 3430 1501 3471 cnm
1523 3419 1640 3489 peccate
1662 3416 1693 3471 in
1720 3414 1783 3488 ipsa
1805 3414 1861 3470 iri-

108 3509 217 3563 bonum
231 3522 358 3579 nemque
372 3506 511 3576 studium,
526 3508 603 3563 relut
617 3508 733 3565 diescet
757 3508 856 3565 emnia
885 3524 957 3565 con·
1010 3510 1141 3579 gescunt,
1170 3509 1199 3561 et
1232 3508 1316 3560 tenor
1336 3503 1515 3560 rectitudinis
1541 3518 1607 3559 cum
1631 3504 1741 3559 caeterie
1778 3502 1861 3561 bouis

108 3596 273 3663 siderendo,
287 3612 340 3667 per
363 3595 505 3652 desidiam
521 3612 586 3653 vero
604 3597 687 3670 quasi
710 3614 769 3653 nox
783 3597 856 3653 nihil
878 3614 956 3670 pree·
1011 3594 1281 3668 operibuscalorcm
1295 3608 1488 3665 supernorum
1510 3591 1720 3648 desideriorum
1750 3593 1777 3647 ei
1807 3593 1862 3660 ,in-

110 3686 247 3752 videndc;
269 3685 319 3741 sed
335 3684 479 3741 sicutncr
503 3702 556 3758 per
575 3686 672 3742 lunum
701 3687 858 3760 aliquando
887 3686 957 3743 illu·
1010 3684 1076 3751 lert,
1099 3683 1178 3738 velut
1194 3681 1282 3738 etiem
1312 3680 1487 3750 fortitudini,
1517 3697 1581 3755 quse
1614 3682 1862 3736 humectationem

110 3774 248 3837 minatur,
261 3789 351 3846 euque
376 3774 520 3829 subtracta
541 3775 646 3831 iterum
666 3775 878 3845 obtenebratur,
917 3775 957 3830 eie
1011 3769 1169 3828 sanctitatis
1192 3770 1311 3826 cuilibet
1330 3769 1408 3826 fideli
1435 3769 1548 3826 homini
1570 3769 1711 3837 immittit,
1741 3770 1862 3843 reliqum

109 3878 198 3935 opera
216 3860 342 3918 huminis
358 3861 496 3934 permiste
521 3866 598 3929 sunt,
627 3862 667 3917 ite
690 3866 722 3918 ul
742 3877 818 3919 nunc
850 3861 955 3929 lucida,
1011 3860 1176 3917 virtntcsiu
1196 3860 1340 3931 adjutorio
1368 3859 1554 3916 subveniunt.
1570 3860 1604 3915 lit
1621 3874 1687 3915 cunr
1703 3858 1755 3914 teli
1773 3860 1861 3914 modo

109 3952 321 4007 nuncobscura
337 3949 468 4006 existant.
485 3950 555 4007 Cum
577 3949 654 4007 enim
670 3950 833 4022 unimapcr
854 3965 957 4023 corpus
1011 3950 1108 4007 anime
1135 3966 1199 4005 rore
1228 3954 1258 4005 et
1285 3948 1380 4005 calore
1402 3949 1493 4004 sancti
1521 3948 1645 4021 Spiritus
1686 3948 1859 4016 infunditur,

109 4045 205 4097 coacte
218 4040 327 4095 malurn
342 4039 482 4111 cumipse
497 4044 642 4111 operetur,
671 4044 740 4095 tunc
754 4041 845 4095 virtus
866 4037 957 4111 ipsius
1011 4055 1125 4095 carnem
1141 4036 1195 4093 sibi
1208 4038 1332 4109 subjicit,
1348 4052 1469 4109 eamque
1483 4038 1543 4093 lieo
1570 4038 1790 4093 secumserrire
1815 4055 1860 4092 cu·

109 4130 172 4185 luce
186 4128 316 4185 veritetie
340 4143 440 4184 cerens
455 4128 675 4197 obtenebralnr;
691 4129 740 4183 sed
763 4144 829 4183 cnm
853 4128 955 4183 deinde
1012 4127 1062 4201 git.
1076 4130 1117 4183 De
1138 4126 1221 4182 bonis
1240 4126 1338 4199 itaque
1360 4124 1579 4198 cogitationibus
1594 4129 1623 4181 et
1637 4124 1721 4181 rectis
1745 4126 1859 4181 conlae-

108 4220 139 4275 ιιι
158 4216 281 4289 peccetis
303 4234 334 4273 se
361 4217 475 4289 gravari
506 4218 638 4285 senserit,
658 4221 759 4272 contra
777 4218 955 4272 voluntatem
975 4192 1137 4271 ”sionibus
1153 4214 1190 4271 de
1202 4213 1562 4286 utilitatejustitim,etque
1575 4213 1760 4286 plenitudine
1785 4214 1859 4269 inte·

108 4304 204 4361 cernis
218 4320 248 4359 ee
265 4320 379 4361 sursum
393 4304 470 4359 tollit
495 4319 610 4359 carnem
634 4302 850 4374 aldigend0,1et
877 4317 956 4375 qum·
1010 4305 1120 4361 riorum
1140 4303 1351 4359 desiderierum
1364 4302 1448 4375 rigor
1465 4302 1622 4359 sanctitatis
1646 4304 1685 4359 ed
1713 4303 1860 4361 scientiam

108 4393 252 4467 quemele
276 4409 363 4465 opera
375 4392 431 4463 ipsi
447 4392 681 4465 improperando.
697 4392 799 4463 Sicque
815 4390 866 4446 lux
888 4390 957 4446 bee-
1011 4394 1116 4449 animm
1131 4393 1235 4461 tendit,
1246 4392 1385 4464 illamque
1400 4392 1440 4446 ite
1463 4391 1617 4461 coniectat,
1638 4394 1671 4446 ut
1695 4391 1782 4446 etiarn
1809 4408 1862 4463 per

109 4480 241 4539 titudinis
266 4486 349 4537 necte
368 4486 550 4553 peccatorum
565 4484 698 4552 superate
714 4479 850 4546 exoritur,
867 4479 908 4535 ite
920 4478 959 4551 lut
1012 4482 1147 4537 eumdem
1166 4481 1291 4537 virorem
1305 4484 1382 4535 totus
1401 4480 1489 4536 bomo
1508 4485 1610 4535 contre
1624 4479 1721 4535 omnia
1742 4480 1862 4535 adversa

107 4583 161 4639 per
178 4565 306 4621 animem
327 4566 403 4622 male
417 4566 535 4622 scientie
558 4581 623 4621 cum
637 4581 721 4621 cerne
746 4568 906 4636 superetur,
931 4566 960 4618 et
1012 4568 1100 4624 tentis
1127 4566 1300 4623 tuitionibus
1332 4566 1478 4639 patientiae
1516 4564 1675 4635 muniatur,
1719 4567 1861 4639 qnatenus

109 4654 220 4731 ceroin
249 4653 419 4726 paenitentia
434 4659 461 4711 et
487 4654 688 4711 emendatione
716 4669 869 4727 pravorum
893 4668 959 4725 ope-

109 4760 176 4800 rum
194 4741 298 4799 deinde
312 4744 477 4815 castigetur.
495 4744 529 4798 Et
547 4758 613 4799 cum
632 4759 699 4799 cero
721 4743 777 4799 boc
791 4743 876 4799 modo
892 4740 958 4798 cun-

110 4831 274 4903 slringitur,
305 4831 402 4887 anima
427 4847 543 4903 queque
564 4832 643 4887 illem
661 4847 758 4887 secum
773 4830 897 4887 coeleetie
913 4847 961 4903 ep·

109 4919 297 4993 pelecelacit,
324 4918 392 4992 quie
416 4920 520 4991 spiritu
546 4920 725 4977 tortitudinis
751 4925 847 4976 tecum
877 4919 960 4976 robo-

108 5012 213 5077 ratam,
230 5006 328 5064 timori
340 5008 456 5064 Domini
470 5008 556 5065 etiem
571 5009 702 5065 celeriter
727 5008 807 5065 illem
834 5007 958 5080 subjicit.

109 5096 214 5153 Anima
233 5096 342 5169 quippe
367 5112 482 5154 carnem
506 5098 633 5170 adjuvet,
661 5102 691 5153 et
723 5113 788 5153 curu
820 5097 959 5165 animem,

1013 4655 1147 4725 deinceps
1170 4654 1202 4710 in
1235 4653 1347 4711 diuersa
1370 4654 1508 4711 vitiorum
1529 4655 1640 4710 moveri
1671 4669 1730 4710 nun
1758 4654 1858 4726 possit.

1014 4744 1093 4801 Sicut
1105 4741 1184 4799 eninr
1207 4743 1357 4815 superiore
1380 4744 1475 4801 sidere
1489 4744 1543 4801 soli
1556 4743 1655 4816 iguem
1683 4742 1858 4811 ministrant,

1012 4832 1054 4888 ite
1068 4846 1183 4905 quoque
1200 4831 1298 4887 omnia
1313 4831 1452 4889 interiore
1465 4832 1592 4889 hominis
1604 4830 1710 4887 enimse
1724 4830 1801 4887 vires
1824 4832 1860 4887 ed

1014 4918 1312 4986 cilicieeueatlernnt,
1327 4923 1356 4975 et
1368 4920 1439 4977 dnm
1453 4922 1504 4977 itte
1523 4921 1559 4977 ad
1589 4918 1796 4992 perficiendum
1813 4920 1859 4991 ju-

1013 5010 1120 5066 stitiam
1136 5012 1253 5081 peccata
1268 5008 1436 5080 neglexerit,
1452 5026 1518 5067 cum
1534 5010 1733 5067 rationalitate
1743 5024 1859 5065 sursum

1014 5096 1160 5166 escendit;
1188 5096 1240 5153 sed
1257 5113 1323 5153 cum
1348 5096 1450 5153 deinde
1473 5114 1577 5170 corpus
1599 5099 1630 5155 in
1662 5100 1773 5156 delectu
1797 5114 1859 5155 esse

109 5185 179 5261 quia
198 5200 251 5257 per
260 5184 386 5241 animam
397 5189 425 5241 et
443 5202 496 5258 per
509 5202 625 5243 carnem
647 5186 873 5259 unumquodque
888 5201 961 5259 opus
1014 5185 1143 5256 senserit,
1159 5184 1202 5242 illi
1220 5185 1426 5242 condescendit
1447 5201 1485 5241 ne
1508 5186 1631 5244 deliciet.
1647 5189 1711 5260 lpse
1733 5203 1859 5261 nemque

110 5274 270 5347 perficitur,
289 5273 367 5329 uude
395 5274 482 5330 etiarn
512 5276 608 5333 anime
634 5291 701 5332 cum
725 5292 809 5331 cerne
837 5276 914 5332 bone
933 5278 962 5333 et
1014 5276 1112 5332 vivens
1135 5274 1310 5348 spiraculum
1330 5277 1374 5333 est
1395 5278 1489 5330 totum
1508 5291 1613 5348 corpus
1636 5276 1762 5334 bominis
1785 5278 1859 5334 exci-

111 5367 209 5420 sancta
223 5378 312 5435 opere
325 5361 455 5419 iaciendo
471 5364 620 5423 reviviscit.
648 5366 703 5421 Sed
718 5381 784 5421 cero
815 5364 961 5421 multoties
1015 5366 1113 5434 tando,
1133 5364 1182 5421 sed
1203 5368 1300 5422 umen
1317 5364 1499 5421 delectationi
1521 5365 1616 5422 cernis
1635 5371 1737 5422 contra
1759 5368 1859 5423 rolen-

111 5452 231 5509 tredium
247 5450 365 5524 petitur,
382 5451 497 5524 quando
524 5468 591 5510 cum
613 5455 713 5511 anime
726 5458 880 5528 operatnrc
893 5471 962 5530 que·
1015 5458 1104 5514 tatem
1125 5470 1207 5511 eueru
1233 5455 1380 5512 multoties
1399 5454 1534 5526 subjacet.
1565 5456 1599 5511 Et
1623 5454 1653 5510 in
1673 5454 1750 5511 bono
1770 5455 1860 5527 persi·
