3984 6034
2 234 3 239 ’
56 218 118 277 881

388 217 494 277 tinuit
512 216 666 276 u1v1rt0n.
687 217 793 275 OPER.
813 214 986 277 siuettcts
1005 191 1452 291 rovrvvs.-v›ms1,us10
1472 220 1518 278 iv,

1768 228 1821 283 tat

56 370 134 412 enm
149 354 180 413 in
195 352 364 428 poenitentia
380 368 496 410 omnem
517 351 690 409 viriditatem
711 352 851 409 virtutum
878 353 914 410 ad
932 354 1051 413 liUndo
1072 358 1102 411 et
1121 352 1153 412 in
1179 352 1365 427 qualitatibus
1390 353 1450 411 suis
1478 353 1552 413 sicut
1571 358 1674 418 ,renim
1693 356 1820 415 bominis

56 445 256 517 abstergenda
269 445 389 500 vulnera
403 446 584 516 peccatorum
599 440 733 513 colligere
762 441 839 505 iacit,
865 457 919 516 per
972 445 1025 512 est,
1041 441 1072 499 in
1097 459 1155 515 quo
1179 458 1212 498 ex
1239 440 1333 498 calore
1348 442 1455 513 iecoris
1469 446 1497 498 et
1528 443 1651 501 aliorum
1677 444 1819 503 viscerum

57 533 145 605 quod
160 531 375 604 ipsagaudium
403 530 499 597 hebet,
531 546 645 603 semper
668 529 856 586 desiderando
886 533 918 585 ut
971 530 1112 605 quidquid
1141 530 1168 588 ei
1203 530 1372 587 immittitur
1404 530 1584 604 excoquitur;
1624 535 1702 606 quod
1730 534 1817 591 etiarn

59 620 104 675 ad
119 624 227 675 retorna
239 617 423 675 tabernacula
438 617 588 689 perveniat
602 621 630 673 et
645 620 674 673 iu
685 616 755 691 ipsis
771 618 834 673 sino
858 616 917 673 tine
970 619 1089 677 mistum
1104 621 1237 678 caloraet
1255 619 1363 693 frigore
1377 620 1409 677 iu
1436 624 1542 677 statuto
1568 624 1654 679 modo
1668 630 1746 680 recte
1760 624 1817 696 eji-

60 711 248 780 permaneat.

101 849 223 907 Octavus
239 851 333 904 autem
347 846 426 903 velut
441 862 562 917 magnus
594 844 728 919 princeps
754 844 785 901 in
806 843 916 902 viribus

57 936 125 992 suis
142 940 196 1004 est,
212 935 263 1008 qui
276 934 374 991 omnia
397 935 429 990 iu
443 938 584 1007 potestate
610 949 729 1005 suaper
759 934 915 1006 plenitudi-

56 1040 133 1080 nem
147 1024 243 1081 habet.
275 1025 456 1095 Quapropter
477 1028 506 1081 et
531 1021 661 1079 laetitiam
675 1022 706 1078 iu
721 1038 751 1078 se
779 1022 914 1091 ostendit,

970 707 1054 765 citur.
1076 709 1130 765 Sed
1152 711 1206 767 iste
1235 709 1346 778 modus,
1373 724 1426 781 per
1449 709 1631 767 infirmitates
1659 712 1815 785 aliquando

968 795 1145 868 destituitur,
1161 803 1193 854 ut
1218 797 1306 854 etiam
1333 796 1440 853 mensis
1463 797 1517 853 iste
1539 814 1591 869 per
1612 800 1815 871 percurrentia

969 890 1101 958 tempora
1112 888 1143 943 in
1159 887 1243 943 modo
1257 902 1310 942 suo
1325 885 1473 941 interdum
1492 892 1699 943 commovetur.
1723 890 1816 945 Homo

969 990 1085 1048 quoque
1100 991 1152 1048 per
1165 990 1281 1031 sensum
1294 979 1387 1030 tactus
1400 991 1465 1048 quae
1476 974 1512 1030 ad
1536 975 1679 1031 edendum
1704 983 1817 1033 matura

968 1068 1036 1118 eunt
1060 1065 1206 1136 cognoscit
1227 1068 1257 1119 et
1279 1062 1413 1132 comedit,
1437 1078 1473 1119 ne
1496 1063 1530 1121 de
1547 1064 1710 1121 immaturis
1754 1066 1816 1137 ejus

56 1117 152 1185 ”qm
182 1127 235 1184 W
256 1112 400 1167 mmmm
421 1111 489 1168 ⁵⁰5⁵
517 1111 631 1180 Τὼῃῆ
658 1126 753 1167 mmm
773 1113 860 1168 “iam
879 1112 915 1169 (ιθ
967 1151 1280 1220 humoribusturbatis,
1297 1151 1496 1208 infirmitatem
1509 1152 1647 1221 incurrat,
1675 1158 1706 1209 ut
1727 1153 1816 1209 etiam

56 1201 191 1273 quadam
203 1199 360 1272 frigiditate
374 1199 473 1267 habet,
488 1199 690 1274 horribilisque
701 1200 733 1257 in
760 1205 914 1274 tempesta·

55 1287 142 1343 tibus
157 1288 280 1357 saisost,
296 1286 366 1360 quia
385 1288 426 1343 soi
438 1288 500 1359 jam
525 1288 561 1343 ad
589 1288 726 1345 inferiora
751 1290 911 1346 declinavit.

55 1376 222 1443 Qualitates
237 1376 436 1449 itaqueipsius
458 1376 488 1431 in
513 1376 646 1433 manibus
666 1378 792 1434 hominis
820 1383 914 1435 ostem

53 1465 182 1534 duntur,
195 1480 260 1536 qua
275 1464 401 1536 plurima
414 1480 503 1537 opera
515 1463 680 1535 perficiunt,
694 1471 723 1520 et
741 1470 912 1537 potestatem

53 1552 149 1609 totius
173 1552 302 1623 corporis
322 1552 353 1607 iu
378 1568 409 1608 se
437 1551 695 1625 habent,quoniam
724 1554 822 1610 omnia
846 1570 912 1627 qum

53 1644 183 1713 possunt
195 1639 250 1695 sibi
262 1641 421 1709 attrabunt,
437 1644 466 1696 et
488 1639 694 1711 thesaurizant,
709 1640 749 1697 ita
768 1645 799 1698 nt
825 1642 912 1699 bomo
930 1638 952 1697 B

54 1728 198 1803 operibus
212 1744 353 1785 manuum
371 1744 489 1786 suarum
503 1746 580 1802 sarpa
608 1731 750 1789 laudetur.
774 1731 912 1789 Similiter

55 1823 90 1875 et
102 1820 191 1875 homo
205 1834 258 1891 par
275 1823 390 1892 gustum
405 1818 463 1875 oris
486 1820 561 1875 vires
574 1818 692 1876 illorum
713 1820 818 1893 quibus
841 1822 912 1879 reti-

54 1908 135 1965 citur
150 1922 211 1980 prce
224 1907 336 1963 catoris
363 1907 494 1963 sensibus
521 1908 676 1979 perfectius
697 1910 854 1981 cognoscit,
882 1915 912 1968 et

54 2014 108 2053 eas
122 1997 154 2053 in
183 2001 330 2069 potestate
362 1997 488 2053 scientim
515 2012 575 2053 suae
602 1997 698 2067 habet,
726 1999 801 2055 sicut
823 2000 911 2057 etiam

56 2086 172 2143 mensis
186 2086 240 2141 iste
267 2085 300 2141 in
313 2085 421 2142 viribus
444 2086 504 2142 suis
518 2102 640 2158 maguus
654 2092 707 2143 cst.
737 2090 799 2161 lpse
824 2090 910 2146 etiam

54 2175 191 2233 loetitiam
204 2175 235 2230 iu
247 2192 278 2231 se
289 2175 385 2244 habet,
402 2175 546 2247 sapienter
565 2176 732 2233 discernens
760 2192 826 2250 quse
855 2178 909 2235 fri-

55 2264 135 2336 gidae
150 2270 179 2321 et
191 2263 291 2321 calide
318 2268 430 2320 nature
456 2264 495 2331 ad,
521 2263 673 2321 sanitatem
702 2281 784 2321 suem
807 2282 909 2323 conve·

56 2352 198 2421 niunt,ut
216 2353 304 2409 ctiam
327 2352 433 2409 mensis
461 2352 513 2408 iste
534 2353 665 2409 ardorem
682 2353 750 2410 eolis
773 2357 802 2410 et
829 2354 909 2426 frigi·

57 2441 183 2497 dilatem
193 2440 267 2496 roris
282 2441 313 2495 iu
328 2456 357 2497 se
371 2440 468 2497 babet.
484 2442 524 2512 lin
551 2441 671 2497 amantia
703 2440 781 2497 enim
808 2458 860 2497 sua
874 2440 909 2497 ab

53 2530 117 2585 illis
131 2545 196 2601 quae
212 2530 373 2601 periculosa
388 2534 417 2586 et
435 2528 548 2586 inutilia
561 2534 627 2585 runt
653 2530 810 2598 declinans,
833 2531 910 2587 bona

55 2621 87 2672 et
103 2616 187 2671 utilia
202 2617 321 2689 colligit,
336 2616 408 2673 sicut
424 2633 527 2673 manus
550 2616 707 2673 laudabilia
735 2633 824 2688 opera
851 2619 909 2674 for·

55 2706 127 2761 titer
149 2704 332 2777 inprobitate
346 2705 509 2778 perficiunt,
524 2710 554 2762 et
569 2711 603 2762 ut
624 2706 782 2763 edificator
805 2706 837 2762 in
859 2724 909 2779 po·

54 2799 160 2851 testate
182 2794 251 2850 artis
276 2812 334 2851 susa
359 2796 457 2851 omnia
471 2794 594 2852 aedificia
622 2795 725 2851 domus
752 2812 811 2851 snae
836 2810 909 2852 con-

55 2884 153 2953 struit,
169 2883 200 2940 in
215 2900 273 2956 qua
295 2900 410 2941 omnem
438 2884 627 2940 substantiam
656 2900 738 2940 suam
763 2884 908 2957 sapienter

55 2977 216 3029 conservat
232 2972 335 3030 Anima
349 2989 416 3029 vero
431 2973 588 3046 praeliatrix
603 2973 735 3042 existens,
761 2972 909 3030 desideriis

55 3066 118 3123 suis
141 3067 254 3137 illicitas
288 3067 458 3141 cupiditates
486 3068 612 3125 hominis
628 3070 790 3143 superando
817 3086 907 3143 peue-

56 3158 126 3223 trat,
149 3161 178 3212 et
205 3157 327 3212 torrenti
363 3156 468 3213 itinere
500 3158 640 3213 circulum
662 3174 747 3214 suum
788 3158 909 3213 circum-

56 3244 165 3313 eundo,
181 3245 212 3301 in
224 3245 399 3318 incoeptione
413 3245 505 3318 proelii
520 3246 614 3303 suiad
627 3246 799 3303 altissimum
817 3248 909 3303 Deum

56 3333 198 3390 ascendit.
221 3336 285 3407 tpsa
312 3334 391 3391 enim
414 3340 494 3391 scuto
521 3334 589 3391 ttdci
617 3339 645 3390 et
664 3336 744 3391 omni
759 3340 907 3392 armatura

54 3422 209 3492 virtutum,
220 3428 323 3479 contra
348 3423 491 3480 desideria
505 3424 599 3479 carnis
623 3428 754 3496 pugnat;
785 3428 815 3479 ot
842 3438 907 3478 cum

54 3510 108 3567 itia
121 3510 230 3579 vicerit,
245 3512 375 3567 velutvir
387 3511 534 3584 praeliator
556 3512 606 3585 qui
620 3511 779 3569 secundum
805 3511 906 3567 voluu-

54 3604 148 3656 tatem
161 3605 189 3656 et
202 3599 393 3656 intentionem
405 3616 487 3656 suam
498 3599 631 3657 inimicos
658 3615 724 3655 suos
750 3599 905 3670 superavit,

54 3688 176 3760 gaudet,
194 3686 263 3759 quia
275 3687 307 3743 in
320 3688 412 3744 calore
425 3689 485 3745 seri
497 3689 565 3745 solis
591 3687 729 3754 ardendo,
757 3686 907 3743 bominem

53 3775 202 3847 suspirare
217 3775 293 3839 facit,
309 3776 350 3832 ita
380 3781 411 3833 ut
438 3777 468 3832 iu
493 3776 650 3850 frigiditate
664 3791 741 3833 verm
761 3776 906 3849 poenitan-

54 3864 117 3931 tiae,
134 3878 198 3935 quae
214 3863 313 3918 omnia
325 3869 441 3936 peccata
454 3864 581 3934 arefacit,
597 3864 739 3937 iacrymas
766 3862 903 3920 effundet.

55 3954 150 4007 iiomo
173 3950 297 4007 enimin
319 3952 499 4024 pmnitentie,
515 3953 546 4008 in
561 3968 619 4025 qua
645 3951 776 4024 plurima
792 3954 905 4008 contra·

55 4041 174 4096 rietates
200 4039 226 4094 ei
248 4045 413 4109 occurrunt,
441 4056 507 4097 cum
536 4041 699 4098 bumilitate
719 4056 750 4097 sa
769 4056 823 4113 pro
844 4041 905 4097 tuto

56 4128 250 4199 computando
274 4129 431 4197 descendit,
450 4130 490 4185 ita
512 4134 544 4186 ut
565 4129 611 4186 vir
625 4130 813 4186 salvationem
840 4130 904 4185 ani·

56 4234 113 4273 mae
127 4233 186 4273 succ
201 4222 304 4290 sperat.
328 4218 383 4274 Sed
402 4218 497 4275 anima
522 4234 588 4275 mor
603 4234 718 4275 crucem
746 4224 776 4276 at
804 4224 904 4275 omnes

55 4305 206 4378 passiones
220 4306 287 4362 lesu
302 4307 416 4377 Christi,
432 4323 485 4379 per
509 4323 579 4380 quas
608 4312 723 4380 peccata
750 4307 906 4363 abluuntur

56 4395 84 4449 ei
93 4392 232 4467 proponit
250 4394 281 4450 in
294 4410 375 4466 spem
399 4411 465 4451 eum
481 4395 628 4465 elevando,
645 4400 674 4452 et
694 4412 728 4452 ex
743 4412 800 4469 qua
813 4394 905 4469 poeni·

54 4482 148 4539 tentia
157 4481 219 4554 ipso
235 4482 270 4538 de
285 4482 389 4540 virtute
403 4485 433 4540 in
456 4484 593 4540 virtutem
612 4485 782 4541 ascendente
811 4484 905 4554 floret,

54 4572 137 4628 itaut
151 4587 204 4645 pro
223 4571 346 4645 singulis
361 4588 414 4645 per
434 4588 498 4629 eam
513 4573 684 4647 perpetratis
711 4574 795 4631 tiores
815 4572 905 4630 bono·

56 4677 122 4716 rum
142 4675 263 4732 operum
289 4664 318 4716 et
337 4667 500 4718 sanctarum
530 4662 670 4718 virtutum
702 4662 807 4735 quibus
834 4677 907 4719 nuu-

56 4763 145 4819 qnam
160 4747 308 4804 extaediari
321 4750 410 4821 possit
435 4754 579 4821 operetur.
605 4750 650 4807 Sic
665 4750 743 4807 enim
766 4767 819 4823 per
842 4766 905 4823 pce·

55 4835 211 4892 nitentium
236 4836 268 4893 in
289 4837 401 4910 maguis
426 4838 534 4895 viribus
568 4839 696 4913 quotidie
731 4838 905 4915 prolicienda

968 1241 1075 1297 mensis
1093 1240 1147 1297 iste
1161 1240 1313 1313 indiguum
1328 1256 1444 1297 succum
1455 1241 1601 1297 fructuum
1617 1240 1721 1297 aufert.
1752 1244 1816 1314 lpse

967 1328 1055 1385 etiarn
1071 1330 1196 1388 intendit
1209 1334 1310 1387 utnon
1324 1329 1523 1399 immoderate,
1543 1330 1593 1385 sed
1608 1334 1685 1385 recte
1699 1335 1729 1385 et
1754 1330 1813 1387 suf·

966 1416 1096 1474 ficienter
1110 1419 1265 1486 reficiatur,
1294 1434 1331 1475 ue
1351 1418 1487 1474 humores
1513 1418 1563 1473 vili
1592 1418 1671 1474 sanie
1705 1420 1816 1476 moveri

965 1508 1088 1579 possint,
1103 1512 1132 1563 et
1146 1506 1234 1564 etiam
1246 1522 1370 1580 quaeque
1393 1506 1477 1563 vitilia
1503 1509 1586 1562 caute
1609 1506 1664 1562 sibi
1692 1508 1812 1580 colligit,

965 1600 999 1651 ut
1019 1596 1142 1669 quilibet
1170 1611 1232 1652 rem
1252 1612 1340 1669 quam
1355 1594 1450 1667 diligit
1469 1594 1624 1669 diligenter
1646 1596 1761 1666 claudit,
1777 1613 1815 1654 ne

966 1682 1020 1740 sibi
1035 1685 1191 1741 auferatur.
1204 1685 1251 1742 Sic
1266 1700 1336 1757 ergo
1349 1684 1438 1741 homo
1452 1688 1528 1741 tactu
1550 1702 1601 1741 suo
1615 1684 1710 1742 venui
1730 1685 1814 1741 simi-

964 1771 1001 1829 lis
1015 1779 1068 1841 est,
1083 1773 1133 1845 qni
1146 1789 1181 1829 ea
1194 1789 1260 1846 qun
1273 1772 1375 1845 recipit
1396 1773 1490 1829 calore
1518 1777 1548 1829 et
1566 1773 1675 1847 frigore
1701 1777 1813 1846 tempo-

964 1863 1025 1916 rate
1038 1863 1134 1916 coacta
1148 1859 1265 1925 emittit,
1292 1864 1325 1916 ut
1351 1859 1438 1915 etiam
1457 1860 1488 1916 in
1507 1860 1686 1943 menseqisto
1715 1862 1815 1917 omnia

964 1952 1078 2006 matura
1093 1953 1244 2022 apparent,
1258 1964 1383 2022 quorum
1402 1965 1502 2005 succus
1516 1953 1616 2021 postea
1646 1948 1813 2005 exsiccatur.

964 2038 1239 2110 animarumque
1261 2036 1361 2093 multis
1372 2036 1456 2093 belbe
1479 2043 1510 2093 et
1523 2035 1671 2093 laboribus
1691 2036 1813 2094 tribula·

963 2126 1147 2201 tionibusque
1162 2127 1274 2200 lapsum
1286 2126 1364 2192 Adae,
1378 2130 1408 2182 et
1417 2126 1505 2182 ctiam
1517 2142 1569 2199 per
1582 2125 1689 2198 'praelia
1718 2126 1814 2183 carnis

964 2230 1023 2271 eun
1044 2215 1184 2284 turbatur,
1209 2214 1242 2269 in
1268 2213 1353 2270 bonis
1373 2213 1510 2285 operibus
1542 2230 1608 2269 cum
1636 2213 1744 2286 gaudio
1777 2214 1814 2270 ad

963 2300 1240 2370 coelestiaascondit,
1254 2300 1327 2360 etin
1349 2302 1433 2359 mulis
1455 2318 1508 2374 per
1526 2301 1674 2358 tristitiam
1697 2302 1814 2359 descen-

964 2392 1015 2448 dit.
1031 2394 1096 2465 Ipsa
1114 2392 1191 2448 enim
1219 2390 1405 2447 fortissimam
1431 2391 1561 2458 loricam,
1591 2407 1657 2464 quas
1685 2390 1811 2463 diligen·

963 2479 1072 2535 tissime
1087 2483 1165 2536 texta
1177 2484 1206 2537 et
1219 2495 1348 2535 connexa
1364 2482 1417 2547 est,
1432 2477 1540 2534 scilicet
1563 2478 1735 2550 patientiam
1762 2478 1811 2533 in-

963 2568 1036 2637 duit,
1075 2584 1162 2642 quam
1200 2569 1280 2624 nulla
1310 2567 1413 2639 sagitta
1434 2567 1580 2639 perforare
1614 2568 1699 2635 valet,
1728 2569 1757 2622 et
1779 2566 1811 2623 in

962 2657 1129 2716 ascensione
1141 2658 1284 2714 bonorum
1299 2671 1419 2729 operum
1432 2656 1586 2728 {hominem
1605 2654 1749 2727 provehit,
1779 2662 1812 2711 ut

961 2746 993 2803 in
1008 2746 1194 2803 descensione
1207 2762 1282 2803 veru
1297 2742 1474 2816 :humilitatis
1502 2744 1643 2818 quidquid
1672 2743 1742 2801 boni
1771 2744 1811 2800 le-

962 2835 1035 2892 cerit
1048 2834 1091 2892 illi
1104 2835 1155 2908 qui
1168 2850 1314 2891 summum
1328 2834 1438 2891 bonum
1452 2836 1506 2901 est,
1522 2836 1551 2889 et
1571 2848 1623 2905 per
1637 2848 1725 2906 quem
1739 2831 1811 2887 illud

928 2923 1059 2993 chabet,
1081 2924 1229 2981 attribuat.
1255 2923 1327 2979 Cum
1349 2938 1417 2978 sero
1430 2922 1519 2978 homo
1545 2921 1577 2977 iu
1590 2924 1670 2977 tanta
1693 2920 1812 2978 tristitia

963 3016 1007 3069 est
1033 3013 1231 3086 propeccatis
1258 3012 1328 3080 suis,
1358 3016 1392 3068 ut
1424 3010 1468 3066 vix
1494 3010 1683 3067 salvationem
1705 3010 1810 3067 animae

961 3116 1020 3157 suae
1032 3105 1137 3174 speret,
1153 3104 1223 3157 tunc
1241 3100 1304 3172 eius
1316 3100 1423 3156 iterum
1434 3098 1532 3155 anima
1549 3099 1695 3172 patienter
1723 3097 1810 3155 susti·

961 3204 1034 3246 nens
1043 3190 1070 3245 ei
1083 3190 1219 3263 proponit
1232 3190 1310 3262 quod
1324 3191 1399 3245 Deus
1413 3204 1466 3261 pro
1478 3188 1571 3244 salute
1584 3187 1721 3244 bominis
1754 3188 1812 3245 bu·

961 3293 1078 3334 marram
1088 3279 1211 3334 formam
1225 3277 1424 3349 assumpserit,
1441 3282 1470 3334 et
1483 3292 1551 3334 eum
1565 3276 1597 3333 in
1611 3294 1661 3351 spe
1688 3277 1724 3333 ab
1754 3277 1810 3335 ista

961 3365 1140 3423 dubitatione
1160 3381 1279 3439 surgere
1298 3365 1377 3435 facit,
1399 3365 1473 3423 sicut
1486 3365 1625 3437 scriptum
1639 3370 1702 3423 ast:
1727 3388 1742 3418 a
1777 3367 1809 3424 Si

960 3455 1116 3512 ascendero
1129 3455 1160 3511 in
1174 3456 1288 3522 coelum,
1302 3459 1334 3510 to
1345 3454 1404 3511 illic
1418 3470 1463 3523 es;
1479 3454 1503 3510 si
1516 3454 1690 3512 descendero
1703 3454 1740 3511 ed
1763 3456 1810 3511 in·

960 3545 1087 3611 fernum,
1102 3544 1169 3601 ades
1185 3544 1270 3617 (Psoi.
1286 3543 1430 3616 cxxxviii).
1447 3562 1462 3597 s
1478 3544 1559 3611 Quod
1579 3544 1620 3600 sic
1650 3543 1809 3601 intellectui

960 3632 1187 3705 patet.01teus,
1211 3630 1305 3687 omnis
1333 3629 1461 3687 ascensio
1479 3635 1644 3687 sanctorum
1673 3634 1702 3687 et
1728 3631 1810 3687 coele·

960 3719 1047 3776 stium
1068 3733 1189 3791 operum
1211 3733 1313 3775 eorum
1332 3734 1405 3789 quos
1423 3717 1491 3791 igne
1516 3722 1566 3774 tuo
1591 3718 1732 3787 accendis,
1759 3723 1809 3775 tua

959 3813 1012 3878 est,
1030 3808 1080 3882 qui
1094 3807 1205 3864 homini
1220 3808 1252 3864 iu
1265 3822 1363 3863 amore
1390 3811 1442 3863 tuo
1454 3822 1551 3864 rorem
1576 3807 1807 3879 compunctionis

959 3898 1053 3954 cordis
1078 3896 1222 3965 immittis,
1238 3911 1290 3969 per
1314 3911 1402 3969 quam
1427 3899 1538 3953 coetsrae
1560 3896 1679 3953 virtutos
1701 3897 1808 3971 [postea

959 3986 1078 4043 virendo
1101 3985 1245 4043 frondent.
1279 3985 1351 4042 Cum
1374 3989 1470 4041 autem
1509 3984 1541 4041 in
1581 3984 1807 4058 profunditatem
1912 3982 1920 3997 '

958 4078 1139 4148 peccatorum
1165 4073 1337 4130 descendero
1361 4089 1415 4145 per
1441 4072 1616 4130 oblivionem
1644 4073 1688 4131 tui
1714 4074 1806 4131 infer-

957 4165 1038 4221 nales
1049 4180 1147 4237 poenas
1159 4162 1362 4237 promerendo,
1378 4162 1402 4218 si
1428 4162 1461 4218 in
1491 4178 1559 4218 vera
1571 4162 1742 4235 poeuitentia
1769 4163 1805 4220 ad

924 4248 987 4311 Dte
1006 4251 1156 4310 clamando
1177 4253 1369 4325 suspiravero,
1395 4249 1485 4323 guttis
1512 4251 1661 4325 sanguinis
1687 4251 1733 4308 tui
1760 4268 1808 4309 me

959 4342 1047 4415 ungis
1061 4346 1091 4400 et
1117 4342 1219 4411 salvas,
1242 4346 1272 4398 et
1297 4340 1338 4397 sic
1360 4339 1496 4397 liberator
1518 4345 1548 4396 et
1570 4341 1694 4398 salvator
1723 4356 1806 4398 meus

959 4430 1036 4487 ades.
1059 4430 1200 4487 Patientia
1222 4445 1288 4487 oum
1315 4429 1477 4486 humilitate
1499 4427 1609 4485 insitis
1634 4434 1678 4486 est
1702 4446 1806 4503 supar-

959 4518 1038 4575 biam
1059 4519 1235 4591 superando,
1258 4523 1288 4575 et
1310 4518 1396 4575 ctiam
1421 4517 1592 4575 intenebris
1621 4523 1805 4590 peccatorum

959 4612 1003 4663 est
1018 4607 1165 4665 hominem
1179 4606 1332 4676 monendo,
1344 4622 1381 4662 nc
1393 4621 1447 4679 pro
1462 4607 1585 4679 peccatis
1597 4607 1658 4662 suis
1684 4605 1720 4663 dc
1750 4607 1805 4663 mi·

959 4696 1115 4753 sericordia
1129 4695 1179 4752 itai
1191 4696 1333 4769 desperet,
1357 4699 1387 4751 et
1411 4694 1451 4751 sic
1463 4693 1561 4751 omnia
1581 4710 1670 4768 opera
1682 4695 1713 4751 in
1726 4700 1806 4751 recta

959 4784 1157 4841 moderatione
1166 4784 1249 4857 quasi
1272 4785 1304 4840 in
1317 4784 1484 4843 maturitate
1506 4783 1604 4854 babet,
1619 4784 1669 4840 ilia
1681 4799 1746 4859 qum
1772 4783 1804 4839 in

959 4872 1109 4929 sanctitate
1122 4872 1196 4929 flunt
1209 4888 1308 4929 avana
1319 4873 1413 4945 gloria
1428 4872 1619 4941 defendendo,
1634 4877 1665 4929 et
1677 4888 1711 4928 ea
1739 4887 1805 4945 quae

57 4924 228 4994 sustollitur,
262 4930 292 4981 et
315 4927 490 4985 thesaurizat
515 4928 591 4985 bona
610 4933 639 4986 et
677 4933 775 4986 sancta
817 4944 906 5001 opera

57 5013 93 5069 do
115 5012 223 5158 {potibus
252 5015 347 5071 omnis
373 5016 494 5073 coelestis
521 5016 607 5074 turba
640 5018 731 5074 Deum
759 5016 905 5075 laudando

58 5118 113 5174 gau
134 5119 171 5158 e.

958 4960 990 5018 in
1001 4961 1154 5034 putredine
1176 4965 1359 5033 peccatorum
1376 4960 1578 5035 perficiuntur,
1619 4976 1638 5017 a
1673 4961 1805 5032 despera·

958 5050 1037 5109 tione
1051 5050 1199 5107 liberando
1216 5051 1315 5108 salvat.
1327 5051 1392 5124 tpsa
1405 5050 1485 5108 enim
1511 5049 1653 5122 patientia
1668 5048 1700 5105 in
1726 5052 1804 5105 recto

958 5140 1063 5196 itinera
1091 5144 1144 5210 cst,
1164 5140 1303 5213 quoniam
1329 5139 1456 5197 omiastia
1474 5154 1541 5197 -non
1570 5134 1714 5213 'relinquit
1752 5153 1804 5195 nec

94 5226 193 5282 Nonus
219 5241 288 5283 vero
315 5229 421 5285 maturi
444 5230 583 5304 temporis
610 5234 663 5299 est,
681 5246 734 5288 nec
754 5246 806 5301 per
830 5233 903 5287 tem·
958 5234 1073 5286 terrena
1094 5228 1225 5301 despicit,
1248 5228 1300 5284 sed
1325 5228 1424 5285 omnia
1445 5227 1633 5284 incitamenta
1668 5227 1805 5283 vitiorum

59 5317 223 5385 pestatesse
238 5315 397 5372 terribilem
412 5318 547 5388 ostendit,
562 5334 736 5393 omnemque
752 5318 904 5390 iudignum
958 5317 1082 5375 failemis
1109 5317 1216 5373 diaboli
1246 5319 1278 5374 in
1293 5332 1360 5374 vero
1388 5316 1510 5385 iumine,
1543 5316 1621 5389 quod
1653 5318 1728 5374 Deus
1751 5319 1804 5384 est,

59 5417 175 5458 succum
189 5402 337 5460 fructuum
355 5404 415 5478 {qui
443 5406 513 5463 boni
538 5408 574 5464 ad
591 5406 734 5465 edendum
759 5411 826 5464 eunt
853 5423 905 5464 au·
958 5407 1115 5476 conculcat,
1130 5411 1159 5464 et
1172 5406 1203 5464 in
1218 5406 1353 5465 omnibus
1368 5406 1413 5483 tris
1426 5420 1480 5463 nec
1492 5406 1580 5464 nimis
1597 5406 1721 5485 lectatur,
1747 5406 1807 5479 ¹nec

58 5490 206 5565 lert,quia
219 5490 282 5566 ipsc
301 5492 398 5553 omnia
412 5496 491 5552 velut
512 5494 543 5552 in
558 5497 670 5553 sacculo
699 5511 797 5553 securo
815 5499 903 5554 tenet.
959 5496 989 5551 in
1016 5496 1163 5553 miiitum
1190 5497 1276 5569 cadit,
1306 5495 1374 5553 licet
1400 5495 1545 5553 interdum
1571 5513 1607 5554 ex
1636 5494 1806 5571 deceptione
