3984 6034
103 252 107 257 Α
167 175 232 230 rosv
892 173 920 230 s.
941 172 1178 231 uvauraennrs
1845 176 1920 231 vois

165 305 229 373 tait,
244 303 293 360 sed
312 303 384 361 illud
397 304 541 376 patienter
561 301 705 359 susunuic
732 304 784 359 Cui
818 304 924 359 Paulus
946 318 1010 358 snc-
1030 303 1152 361 Aeliam
1167 304 1203 360 ab
1223 303 1330 360 eisdem
1346 302 1467 361 armillis
1482 320 1572 377 usque
1597 302 1634 361 ad
1653 304 1804 377 praedictas
1832 305 1922 361 ulnas

100 460 107 467 ‚
165 394 265 460 currit,
279 398 309 449 ct
327 394 458 465 quamvis
472 396 668 451 calceamenta
680 394 800 466 justitie
825 393 947 461 fecisset,
978 393 1014 448 ad
1068 394 1098 449 in
1128 392 1220 449 tribus
1236 393 1305 448 locis
1328 392 1481 449 dividendo
1502 392 1648 462 distinxit;
1672 395 1849 467 easdemque
1880 395 1922 449 di·

164 482 242 538 idem
268 482 374 537 monile
401 483 645 555 elegantissimam
674 482 839 538 catenulam
862 480 1013 552 suspendit
1067 482 1190 538 visiones
1220 498 1286 538 cum
1307 481 1478 554 quibusdam
1502 482 1656 553 gracilibus
1680 484 1818 538 staureis
1841 487 1921 537 cate-

166 589 200 627 ex
219 570 373 643 purissimo
392 587 463 628 auro
499 573 603 631 factam
633 571 842 642 duodecimque
869 570 1014 641 lapidibus
1068 570 1415 627 uulisconnexuitbaru
1446 572 1503 641 ipsc
1521 587 1554 625 ex
1569 571 1646 626 bona
1661 571 1808 627 voluntate
1828 588 1921 645 quam

166 666 195 716 et
208 660 424 733 pretiosissimis
448 664 612 734 margaritis
630 663 692 717 sine
712 661 825 716 delectu
849 659 1014 715 firmissime
1068 660 1097 715 in
1122 661 1177 716 fide
1202 659 1310 720 habuit,
1339 659 1424 714 verba
1450 659 1662 730 predicationis
1684 676 1744 715 suoe
1768 676 1838 715 cum
1866 664 1923 731 loe-

165 754 307 805 ornatam.
336 749 405 815 Quae
430 766 521 823 nsque
551 753 586 809 ad
622 753 709 824 pedes
734 748 864 821 ejusdem
893 748 1014 820 justitiae
1068 748 1282 805 cultissecretis
1299 747 1501 819 mysteriorum
1529 748 1589 815 Dei,
1606 753 1714 804 etcum
1730 749 1830 805 clectis
1859 750 1922 803 vir·

166 839 351 906 descendens,
382 839 485 895 infine
511 856 563 897 suo
577 840 701 897 formata
731 838 788 893 duc
815 836 909 907 capita
929 834 1015 892 babe-
1068 838 1177 894 tutibus
1190 837 1302 905 extulit,
1319 852 1410 909 eaque
1433 851 1524 908 usque
1553 836 1588 892 ad
1617 841 1744 893 sanctam
1773 840 1921 910 operatio·

166 929 225 991 bat,
241 928 349 983 scilicet
363 927 398 983 ad
413 927 542 984 dextram
566 935 676 1002 partem
696 943 777 981 suam
804 941 838 980 ex
853 924 1015 980 rubicundo
1068 938 1135 977 nem
1149 922 1287 990 dilatavit,
1308 938 1373 977 cum
1401 921 1431 976 in
1451 938 1508 977 uno
1538 922 1594 977 ileo
1608 927 1666 978 tras
1683 938 1821 994 personas
1842 930 1921 979 recte

167 1016 262 1073 sardio
277 1016 355 1073 velut
371 1022 457 1088 caput
475 1019 646 1090 capricorni,
666 1017 701 1073 ad
730 1014 876 1072 sinistram
897 1030 964 1069 vero
984 1018 1015 1069 ut
1068 1004 1257 1081 distinguens,
1287 1026 1384 1065 veram
1402 1009 1571 1066 Trinitatem
1592 1009 1776 1066 invisibiliter
1790 1019 1821 1067 et
1851 1012 1921 1069 inel-

167 1122 200 1162 ει
215 1121 285 1160 auro
309 1105 390 1177 quasi
409 1111 497 1176 caput
519 1105 661 1179 leopardi,
689 1105 730 1159 ita
759 1107 791 1159 ut
815 1103 903 1159 etiam
929 1106 1016 1173 caput
1068 1099 1193 1155 labiliter
1210 1098 1265 1154 sibi
1279 1114 1438 1175 connexam
1459 1098 1584 1155 fideliter
1601 1103 1629 1153 et
1643 1099 1846 1156 decentissime
1875 1118 1919 1157 as-

166 1193 328 1267 capricorui
356 1193 442 1264 capiti
481 1194 611 1267 leopardi
634 1193 768 1250 resistere
794 1191 918 1247 videtur.
942 1192 1014 1246 Nam
1068 1188 1226 1256 sernit3sic
1242 1202 1356 1259 quoque
1372 1192 1483 1242 mentes
1498 1186 1651 1243 huminum
1674 1188 1761 1258 adise
1789 1190 1918 1255 trahens,

168 1279 351 1336 munimento
375 1280 513 1337 doctrinm
541 1285 713 1337 caeterorum
743 1278 936 1351 apostolorum
961 1277 1016 1333 do·
1068 1292 1229 1349 corpusque
1255 1292 1340 1331 suum
1379 1273 1505 1347 passioni
1531 1280 1624 1332 totum
1652 1276 1818 1348 subjiciens,
1835 1285 1839 1295 '
1854 1279 1918 1334 bra·

168 1370 290 1425 ctrinaus
304 1384 386 1423 suam
400 1369 540 1442 adjunxit,
565 1385 688 1442 eamque
704 1367 789 1424 bonis
811 1366 957 1438 operibus,
986 1369 1016 1422 et
1069 1366 1189 1437 chiaque
1203 1364 1323 1437 justitie
1343 1362 1468 1420 mirabili
1484 1370 1588 1421 ornatu
1602 1365 1834 1437 circumponens.
1862 1370 1918 1422 dn·

167 1465 227 1515 tam
256 1457 420 1529 apostolicis
449 1458 587 1515 doctrinis
616 1475 703 1532 quam
726 1457 836 1513 cacteris
861 1455 1015 1511 virtutibus
1069 1455 1151 1511 dress
1165 1469 1282 1527 quoque
1299 1453 1440 1509 annulum
1461 1469 1496 1509 ex
1522 1470 1592 1510 auro
1615 1454 1771 1525 purissimo
1798 1455 1918 1523 taciens,

167 1546 451 1618 irreprebensibilem
473 1548 631 1616 adornavit,
659 1548 700 1603 ita
714 1547 794 1602 atad
818 1545 906 1601 tinem
930 1544 1015 1600 recti·
1070 1542 1212 1614 optimum
1244 1540 1389 1612 topazium
1409 1541 1453 1598 illi
1484 1540 1622 1611 inseruit;
1665 1542 1829 1615 Filinmque
1870 1544 1920 1599 Ilei

168 1633 277 1690 tudinis
291 1635 452 1706 perdurans
471 1652 531 1691 uon
559 1636 684 1703 deficiat,
713 1648 864 1706 quousque
892 1631 1017 1688 mundus
1034 1601 1208 1705 Bsponsum
1229 1629 1350 1702 justitiae
1374 1646 1434 1685 esse
1456 1630 1658 1698 manifestavit,
1683 1632 1801 1703 quando
1825 1632 1919 1688 since-

167 1722 295 1779 tlniatur.
322 1723 376 1779 Ubi
403 1724 490 1779 etiam
518 1723 595 1780 circa
615 1724 750 1780 eumdem
775 1724 864 1778 tinem
891 1721 1016 1777 velutin
1069 1734 1131 1775 ram
1145 1718 1233 1774 iidem
1252 1733 1305 1789 per
1328 1717 1572 1789 pulchritudinem
1594 1719 1734 1775 virtutum
1753 1720 1784 1775 in
1799 1720 1918 1775 ecelesia

168 1813 279 1870 duobus
301 1812 443 1884 capitibus
467 1813 532 1869 duae
562 1816 718 1885 potestates
752 1810 944 1883 apparebunt,
973 1810 1016 1865 al·
1071 1808 1413 1879 ornavit;annulnmqua
1428 1807 1752 1879 istumdigitojustitiae
1768 1809 1918 1882 imposuit,

168 1906 229 1959 tera
247 1900 355 1957 scilicet
378 1902 413 1957 ad
454 1902 640 1957 salvationem
668 1901 698 1956 in
727 1899 869 1956 laboriosa
893 1898 1016 1953 constri-

168 1987 264 2043 ctione
277 2002 329 2057 pcr
343 1986 441 2043 Euocb
461 1992 490 2043 et
517 1988 608 2044 Etiam
632 2003 748 2044 sursum
771 1985 946 2053 ascendeus3
974 1986 1017 2040 al·

169 2081 231 2132 tara
245 2091 313 2131 vero
341 2076 376 2130 ad
392 2075 587 2146 perditionem
607 2076 639 2131 iu
667 2074 895 2131 dissimulatione
910 2074 1017 2147 glorio·

170 2179 269 2219 sorum
292 2162 498 2219 miraculorum
524 2169 553 2220 et
574 2164 712 2221 virtutum
738 2179 790 2236 par
812 2164 1018 2219 Antichristum

169 2251 328 2307 frendendo
350 2266 519 2323 properans,
549 2252 590 2307 sic
610 2253 697 2309 etiam
721 2252 914 2320 ostendentes,
940 2251 1018 2323 quod

171 2340 262 2413 hiqui
274 2340 311 2396 ad
329 2339 454 2397 coelestia
473 2340 609 2410 tendunt,
630 2340 697 2397 illos
721 2340 771 2413 qui
786 2341 822 2396 ad
845 2340 1018 2397 diabolicam

170 2428 365 2485 seductionem
387 2428 524 2484 festinant
562 2429 742 2502 opprimunt.
769 2427 892 2485 Iacobus
921 2432 1018 2483 autem

170 2520 259 2574 irater
279 2517 397 2573 loannis
416 2518 557 2573 muliebre
571 2518 703 2575 velamen
730 2533 763 2573 ex
791 2517 856 2572 albo
871 2516 961 2572 serico
989 2521 1020 2572 et

172 2605 359 2679 auriphrygio
371 2606 602 2663 incarnationem
631 2606 852 2679 passionemque
876 2604 939 2660 Filii
966 2602 1019 2660 Dei

173 2695 355 2768 praedicendo
380 2695 537 2763 contexuit,
558 2694 628 2750 dum
648 2694 725 2749 idola
749 2692 940 2765 perplurima
960 2692 1018 2748 mi-

171 2784 269 2839 racula
300 2782 469 2851 destruerat,
494 2799 551 2854 quo
585 2787 671 2855 caput
696 2781 819 2854 justitiae
857 2780 1019 2837 circumda-

1070 1912 1135 1951 cum
1150 1896 1181 1951 in
1200 1912 1312 1951 crucem
1332 1912 1363 1951 se
1388 1896 1524 1968 suspendi
1543 1896 1684 1969 permisit.
1708 1897 1763 1954 Sed
1778 1902 1809 1953 et
1825 1899 1919 1955 Thad-

1072 1985 1292 2055 dacusprudcns
1313 1988 1342 2040 et
1367 1984 1479 2040 subtilis
1493 1985 1557 2052 luit,
1583 2001 1737 2058 moresque
1765 1986 1919 2041 hominum

1071 2071 1245 2144 investigare
1260 2072 1378 2140 studuit,
1409 2076 1437 2127 et
1452 2072 1516 2129 ideo
1531 2072 1619 2128 etiam
1635 2073 1868 2145 quamplurimos
1886 2074 1919 2129 ad

1071 2162 1225 2219 utilitatem
1242 2154 1312 2217 fidei
1328 2162 1478 2230 convertit,
1497 2162 1565 2234 quia
1584 2162 1680 2234 ipsum
1699 2179 1835 2235 superare
1863 2179 1920 2219 nou

1072 2256 1213 2323 poteraut,
1242 2250 1399 2322 dolumque
1433 2250 1574 2321 serpentis
1607 2250 1723 2306 vincens
1749 2266 1801 2323 per
1823 2257 1921 2307 saneta

1072 2354 1161 2411 opera
1175 2354 1270 2394 coram
1285 2339 1394 2411 populo
1415 2340 1506 2395 multa
1532 2339 1670 2394 miracula
1689 2340 1825 2395 ostendit.
1855 2342 1919 2397 Pal-

1072 2428 1143 2483 licm
1167 2442 1284 2499 quoque
1315 2442 1348 2481 ex
1379 2427 1539 2483 rubicundo
1568 2427 1658 2483 serico
1682 2426 1759 2492 lecit,
1787 2429 1920 2500 illudque

1072 2514 1226 2587 diligenter
1251 2514 1392 2570 adornare
1419 2515 1548 2582 studuit;
1579 2520 1772 2589 ornatumque
1792 2517 1917 2589 iustitias

1072 2602 1270 2671 circumdedit,
1296 2603 1434 2675 quoniam
1461 2620 1527 2660 cum
1542 2604 1691 2661 charitatis
1706 2620 1796 2676 opera
1819 2606 1850 2661 in
1865 2607 1922 2661 lul·

1073 2708 1142 2765 gore
1157 2696 1324 2748 caeterarum
1339 2692 1476 2748 virtutum
1499 2693 1670 2764 composuit,
1687 2699 1715 2749 et
1729 2694 1779 2749 illa
1805 2694 1842 2750 ad
1870 2712 1921 2751 re·

1073 2798 1138 2839 rom
1154 2782 1283 2837 decorem
1299 2781 1444 2853 perduxit,
1456 2782 1731 2854 justitiamquecum
1745 2782 1786 2837 eis
1799 2782 1922 2851 obtexit,

172 2872 234 2923 tum
259 2868 300 2924 ita
337 2869 460 2937 ornavit,
492 2875 525 2925 ut
552 2870 647 2925 omnis
677 2869 799 2924 Ecclesia
824 2870 881 2923 Deo
903 2868 1018 2924 laudem
1037 2895 1058 2952 C
1074 2870 1221 2927 nbietiam
1235 2886 1265 2925 se
1279 2869 1566 2941 passioniccrporale
1581 2870 1711 2942 subjecit.
1729 2873 1829 2927 Petrus
1851 2886 1921 2928 vcro

172 2958 261 3026 daret,
295 2957 346 3014 ubi
370 2962 400 3014 et
433 2958 495 3031 ipss
532 2957 568 3014 ad
596 2956 766 3029 martyrium
788 2956 890 3028 capitis
913 2972 943 3012 se
969 2956 1018 3012 in·

172 3046 298 3101 clinavit.

1073 2974 1136 3013 eam
1151 2957 1191 3012 sic
1204 2957 1335 3013 vestitam
1364 2956 1474 3025 videns,
1497 2962 1527 3015 et
1554 2957 1685 3031 quamvis
1706 2958 1799 3031 ipsam
1823 2959 1923 3013 tunica

1072 3046 1223 3111 induisset,
1252 3062 1389 3102 coronam
1411 3051 1508 3102 tamen
1529 3062 1563 3102 ex
1577 3062 1648 3103 auro
1663 3046 1774 3118 optimo
1800 3046 1920 3103 fabrica·

207 3135 412 3190 Joennesvero
440 3149 492 3205 per
502 3132 642 3188 miracula
659 3147 725 3204 quta
748 3134 824 3187 Deus
836 3131 879 3187 illi
893 3132 1020 3189 ostendit
1072 3135 1123 3202 vit,
1137 3151 1224 3207 qnam
1242 3134 1330 3191 etiam
1351 3134 1564 3208 pretiosissimis
1577 3133 1722 3208 lapidibus
1751 3140 1781 3191 et
1795 3136 1918 3209 gemmis

172 3222 320 3294 cingulum
331 3236 364 3277 ex
379 3221 466 3277 viridi
488 3220 579 3277 serico
599 3220 758 3276 castitatem
782 3220 867 3276 viridi
885 3225 914 3276 et
938 3220 1019 3276 suavi
1072 3223 1227 3293 decoravit,
1264 3224 1401 3295 illamque
1427 3223 1514 3296 capiti
1535 3223 1655 3296 justitiae
1689 3225 1838 3297 imposuit,
1854 3225 1922 3295 quia

172 3308 332 3365 intentione
358 3309 521 3380 producens
548 3308 625 3376 tecit,
653 3307 700 3363 cni
739 3308 890 3364 duodecim
910 3308 1021 3381 lapides
1072 3328 1126 3386 per
1143 3313 1199 3369 boc
1213 3312 1290 3383 quod
1305 3312 1427 3384 gloriam
1451 3312 1515 3368 Filii
1530 3312 1582 3368 Dei
1596 3313 1752 3369 infideliter
1777 3318 1807 3368 et
1835 3313 1921 3369 intra·

174 3397 406 3469 propheticarum
439 3397 578 3453 virtutum
606 3395 827 3468 complurimis
858 3397 1021 3470 margaritis
1073 3402 1141 3475 pide
1163 3401 1340 3473 predicavit,
1364 3406 1391 3457 at
1406 3401 1539 3457 omnibus
1569 3400 1724 3457 virtutibus
1750 3406 1780 3458 et
1805 3403 1922 3457 occultis

172 3486 256 3541 bonoe
284 3486 438 3542 volontatis
460 3486 591 3542 inseruit.
618 3487 651 3543 ln
666 3486 817 3556 cujusoris
838 3486 1020 3543 viridemco·
1074 3490 1217 3563 mysteriis
1242 3493 1373 3545 ornatam
1395 3490 1612 3558 demonstravit,
1635 3506 1700 3546 cum
1724 3506 1833 3546 corona
1862 3508 1923 3546 san·

174 3574 263 3629 loram
281 3590 363 3630 ramo
386 3575 422 3630 de
445 3589 502 3647 quo
529 3574 689 3631 balsamum
713 3574 798 3629 sudat
820 3572 945 3629 similem
972 3590 1021 3646 pu
1074 3579 1179 3635 utitatis
1193 3582 1221 3635 et
1234 3577 1354 3633 honoris
1371 3577 1512 3649 justitiam
1538 3578 1698 3647 exornavit;
1719 3579 1873 3651 ipsamque
1895 3580 1923 3633 in

173 3662 242 3733 suit,
270 3662 339 3735 quia
368 3664 590 3735 perseverantias
628 3662 768 3719 castitatis
794 3662 967 3718 viriditatem
991 3668 1022 3720 et
1074 3684 1157 3725 cruce
1176 3667 1317 3739 pendeus,
1346 3667 1484 3738 martyrio
1506 3682 1558 3722 suo
1574 3682 1660 3738 super
1675 3668 1856 3739 caputillius
1879 3668 1925 3723 de·

174 3751 291 3807 odorem
307 3751 445 3807 virtutum
460 3752 599 3823 adjunxit,
617 3751 726 3823 illoque
742 3751 887 3823 justitiam
902 3751 1022 3806 circnm-
1075 3761 1172 3812 center
1186 3755 1274 3811 dedit.
1288 3754 1348 3811 Tali
1365 3755 1450 3811 modo
1470 3754 1583 3827 justitia
1606 3754 1642 3811 ab
1658 3756 1795 3827 apostolis
1822 3756 1926 3814 vestita

172 3839 272 3908 cinxit,
286 3842 401 3912 quando
415 3856 576 3913 perpreces
592 3840 693 3911 populi
710 3862 720 3888 ι
744 3840 774 3894 in
789 3839 932 3912 principio
960 3844 1021 3895 erat
1076 3848 1145 3899 erat.

173 3927 296 4027 yerbnm
312 3950 327 3979 »
351 3928 450 3984 edidit.
485 3929 540 4027 Sed
558 3928 708 4000 Philippus
728 3928 962 4027 ruitisexistens,
989 3944 1022 3985 ac
1075 3973 1358 4046 &mmmmm
1372 3974 1522 4047 nmmo,
1540 3974 1678 4047 quomodo
1694 3974 1725 4030 in
1746 3974 1848 4032 didm
1862 3974 1926 4031 M,

173 4031 204 4070 rn
218 4016 348 4071 doctrina
361 4032 413 4072 sua
431 4016 549 4071 bnmths
564 4031 719 4088 apparens3
745 4016 904 4087 plurimum
927 4032 1021 4089 popu·
1110 4044 1223 4101 „in-lm
1241 4044 1442 4109 fortitudinem
1456 4016 1697 4102 non'Mbemibm
1710 4018 1809 4101 omnia
1829 4048 1925 4102 eccle,

174 4104 234 4157 tum
257 4102 312 4158 sihi
340 4102 463 4158 attraxit.
494 4103 574 4159 unes
594 4104 681 4159 susm
709 4103 763 4159 hoc
781 4104 868 4161 modo
893 4105 1021 4160 armillas
1110 4114 1372 4173 aeclesiasticam
1385 4114 1416 4171 ie
1434 4115 1560 4173 ceream
1573 4118 1736 4187 concinent,
1749 4123 1777 4173 et
1795 4118 1925 4175 carimo-

175 4207 210 4246 ex
227 4207 297 4246 auro
321 4191 480 4260 fabricavit,
511 4192 616 4263 quibus
641 4193 809 4264 smaragdos
837 4189 1061 4249 rubicundos-D
1108 4186 1189 4243 nium
1203 4186 1364 4268 Psalmistae
1377 4188 1426 4270 ubi
1439 4187 1532 4244 dicit:
1550 4210 1564 4239 a
1580 4190 1687 4270 duetus
1702 4205 1743 4271 es,
1770 4189 1923 4270 uomicae»

175 4294 232 4351 quo
246 4278 423 4353 hyacinthus,
435 4296 468 4335 ac
483 4279 674 4336 nobilissimas
687 4281 859 4353 margaritas
873 4281 1021 4353 imposuit,
1111 4260 1140 4339 εἰ.
1162 4257 1204 4313 “d
1223 4257 1293 4330 ΨΜ
1311 4262 1475 4331 “mmmm
1497 4262 1525 4315 ⁰¹
1544 4259 1673 4331 quami?
1704 4260 1925 4333 memmium

174 4368 216 4424 ita
237 4373 270 4424 ut
298 4368 385 4426 etiam
401 4384 503 4425 aurum
522 4385 576 4442 pro
594 4369 780 4425 multitudiue
796 4369 926 4440 lapidum
954 4369 1023 4425 istn-
1153 4368 1159 4381 '
1554 4417 1558 4424 .

174 4472 241 4513 rum
260 4456 411 4513 vixvideri
438 4461 545 4528 posset,
572 4457 710 4529 quoniam
730 4456 760 4512 in
788 4456 928 4525 doctriua,
946 4461 975 4512 et
991 4456 1023 4511 in
1111 4462 1141 4517 x.
1168 4460 1224 4517 Sed
1256 4461 1320 4533 ipsa
1348 4460 1451 4518 facicm
1482 4464 1560 4519 velut
1580 4463 1648 4520 solis
1666 4462 1851 4536 splendorem
1872 4464 1925 4521 lul-

175 4546 311 4619 operibus
333 4547 392 4602 suis
413 4544 600 4615 viriditatem,
623 4545 752 4601 laborem
775 4550 804 4600 et
825 4545 1023 4601 innocentiam
1077 4552 1193 4621 gentem
1203 4548 1321 4619 habens,
1333 4548 1471 4621 quoniam
1494 4566 1609 4623 semper
1635 4566 1731 4605 coram
1758 4552 1816 4606 ileo
1831 4552 1925 4623 splen·

175 4635 313 4690 virtutum
341 4635 542 4691 demonstrans
575 4635 681 4691 bonam
723 4635 900 4690 volumtatem
940 4650 1021 4690 suam
1077 4636 1144 4693 dida
1163 4640 1191 4692 et
1213 4636 1401 4694 immutabilis
1434 4643 1484 4701 est,
1520 4638 1587 4695 forti
1609 4638 1743 4694 clamore
1767 4654 1924 4711 supernum

175 4730 319 4797 quantum
355 4723 451 4796 potuit
484 4722 657 4778 intrinsecus
692 4722 803 4791 celavit,
839 4722 1023 4795 armillasque
1074 4724 1202 4797 judicem
1223 4726 1348 4794 invocat,
1368 4730 1517 4799 vestesque
1547 4742 1646 4782 suasa
1668 4728 1813 4782 sceleratis
1828 4728 1924 4783 bomi-

175 4812 244 4869 istas
275 4811 402 4868 brachiis
430 4810 549 4883 justitia
571 4810 770 4880 circumdedit,
791 4827 858 4867 cum
887 4812 1023 4884 martyrio
1076 4814 1161 4869 nibus
1181 4813 1304 4886 pollutas
1328 4830 1400 4879 esse,
1426 4818 1458 4869 ut
1478 4814 1631 4887 prelatum
1662 4819 1714 4881 est,
1733 4815 1924 4871 demonstrat.

176 4918 228 4957 suo
244 4901 321 4957 bona
346 4917 436 4973 opera
457 4916 509 4956 sua
533 4900 696 4971 complevit.
727 4900 956 4957 Bartholomaeus
971 4917 1024 4955 ao·
1077 4902 1147 4957 Nam
1170 4900 1231 4957 dies
1261 4901 1308 4957 isti
1332 4902 1653 4959 muliebrisdebilitatie
1677 4902 1792 4960 viritem
1816 4903 1925 4959 tortitu-

176 4996 235 5048 tam
249 4989 282 5045 iu
296 5005 402 5061 magno
416 4988 512 5045 studio
537 4987 750 5061 predicationis
764 5004 818 5045 nec
839 4988 954 5061 fatigari
968 5004 1024 5063 po-
1077 4990 1174 5046 dinem
1186 4990 1370 5059 nonhabent‚
1381 4990 1424 5045 ita
1438 4990 1546 5047 scilicet
1568 4996 1602 5047 ut
1614 4991 1711 5047 omnia
1734 4991 1925 5048 ecclesiastica

177 5078 242 5149 tuit,
260 5094 314 5134 uec
337 5077 426 5133 etiam
448 5076 553 5133 abhoc
582 5092 693 5132 cessare
715 5077 816 5133 voluit.
843 5077 1025 5150 Quapropter
1077 5077 1218 5147 instituta,
1242 5078 1300 5134 sivo
1330 5079 1477 5135 montania
1499 5078 1557 5134 sive
1579 5079 1720 5151 spiritalia
1735 5080 1804 5148 sint,
1820 5080 1851 5135 in
1878 5084 1925 5137 de-

176 5184 209 5224 ex
234 5184 317 5236 auro,
346 5171 375 5224 et
397 5183 430 5221 ex
454 5165 509 5221 alia
527 5163 721 5238 pulcherrima
740 5165 861 5221 materia
885 5167 1024 5222 electrum
1077 5166 1362 5235 teriusdescendant,
1377 5171 1406 5223 et
1429 5183 1507 5224 nnnc
1524 5166 1555 5222 in
1570 5168 1626 5224 alio
1641 5169 1726 5224 modo
1750 5184 1838 5241 quam
1861 5185 1927 5242 apo

176 5272 241 5311 cum
266 5255 341 5312 elata
364 5255 507 5323 caelatura,
537 5258 566 5309 et
588 5270 654 5309 cum
671 5254 805 5325 pretiosis
818 5254 962 5327 lapidibus
982 5254 1025 5311 in·
1078 5256 1145 5311 stoli
1171 5272 1222 5313 seu
1256 5255 1353 5312 caeteri
1389 5255 1501 5329 antiqui
1528 5257 1627 5312 Patres
1654 5273 1689 5311 ea
1710 5258 1925 5323 constituerint,

177 5344 340 5401 termistum
360 5342 437 5411 lecit,
459 5343 536 5416 quod
549 5343 584 5399 de
610 5341 736 5415 praetatis
750 5342 871 5398 armillis
885 5344 1024 5416 usquead
1078 5344 1245 5413 consistant,
1270 5361 1323 5416 por
1345 5344 1528 5418 quaomnia
1556 5345 1691 5416 primitus
1713 5345 1836 5401 Ecclesia
1850 5348 1927 5403 velut

177 5433 261 5489 ulnas
289 5432 475 5490 brachiorum
503 5430 625 5502 justitie
647 5430 794 5487 dilatando
829 5430 967 5502 extendit,
995 5436 1026 5488 et
1078 5433 1120 5489 sol
1149 5432 1273 5501 lucebat,
1303 5436 1332 5489 et
1356 5432 1469 5504 justitia
1488 5439 1626 5490 coronata
1653 5438 1724 5499 erat,
1741 5434 1927 5507 quemadmo
