3984 6034
109 185 160 242 att
842 189 871 246 S.
891 191 1127 250 nltbecnnuls
1801 201 1860 255 eti

110 324 189 381 uiam
215 341 283 382 cnm
315 342 368 399 per
398 326 594 384 tortitudinem
628 319 742 382 diabolo
770 331 958 399 repugnatur,
977 329 1160 386 amentibus
1173 329 1337 402 homiuum,
1350 334 1383 388 nt
1399 336 1428 388 et
1440 331 1495 404 ipsi
1511 336 1633 389 mortem
1658 333 1720 405 ejus
1743 332 1861 391 imiten-

111 415 247 470 sauctitas
276 415 307 470 iu
330 416 496 472 homiuibus
518 415 603 472 bouis
625 416 661 471 ad
682 421 814 471 ornatum
840 417 962 472 coelestis
1016 420 1073 472 tnr.
1091 418 1124 472 nt
1145 418 1175 472 in
1198 422 1311 490 pectore
1331 435 1383 474 suo
1411 419 1525 489 signnm
1549 420 1641 476 crucis
1670 421 1764 487 habet,
1787 421 1864 477 cirea

113 501 226 559 militiae
243 504 344 560 oritur.
368 506 439 571 Quis
462 503 567 576 triceps
589 509 647 572 est;
668 505 806 576 quoniam
819 506 873 560 hac
886 505 961 560 triua
1016 505 1094 576 quod
1109 506 1197 560 etiam
1212 508 1350 577 splendor
1363 522 1486 578 maguus
1509 508 1540 564 in
1559 509 1658 564 eodem
1681 514 1796 580 pectore
1810 525 1864 566 ve-

112 590 253 662 diguitate
274 593 308 648 ad
329 598 533 648 statuminum
553 593 728 662 perducitur,
753 592 794 648 ita
815 599 846 647 ut
861 594 891 647 iu
909 609 960 646 ua·
1017 593 1059 648 lut
1081 610 1186 650 aurora
1209 595 1322 666 lnlgens
1344 596 1462 666 rutilat;
1486 597 1623 669 quoniam
1646 597 1678 652 in
1701 597 1865 654 intentione

112 678 197 734 turati
218 681 282 735 loco
300 679 403 751 capitis
417 686 447 734 et
469 679 501 733 iu
520 683 644 750 utroque
660 680 783 735 humero
808 696 860 735 suo
874 684 961 752 caput
1017 681 1157 737 mentium
1170 682 1296 738 fidelium
1319 685 1396 737 itlnrn
1422 684 1641 756 diligentissima
1669 687 1865 758 complectan-

113 770 274 838 appareat;
299 766 368 839 quia
387 767 465 838 justa
492 771 521 822 et
544 767 758 836 diguaactione
783 769 856 823 heus
871 772 959 840 caput
1016 771 1089 825 tium
1101 770 1328 828 recordationem
1350 773 1490 844 passionis
1518 773 1624 829 Christi
1642 775 1710 830 lesu
1724 775 1861 830 ruminat.

111 854 200 910 totius
224 871 298 910 rere
320 855 518 911 exsultationis
537 861 566 910 et
591 855 623 910 iu
643 855 789 927 prosperis
810 861 840 910 et
861 855 891 910 iu
907 856 962 911 ad·
1016 859 1073 912 llac
1087 858 1173 914 etiam
1185 860 1294 931 ubique
1309 861 1492 917 serenissima
1513 861 1642 917 clamtate
1669 862 1738 918 tidei
1760 863 1790 917 in
1805 863 1862 917 eis·

112 942 241 998 amusos
264 943 370 1014 quibos
396 945 440 998 rel
462 943 601 999 laeuficart
624 943 667 998 rel
682 943 848 999 contristari
868 948 962 1015 potest
1016 946 1082 1001 dani
1108 946 1251 1003 mentibus
1274 948 1448 1019 designaus;
1466 949 1545 1020 qnod
1577 949 1626 1003 ille
1654 948 1703 1019 qni
1726 949 1866 1005 obediens

112 1030 210 1099 honio,
228 1031 398 1087 metuendus
421 1037 451 1086 et
474 1032 651 1087 venerandos
671 1035 732 1099 est;
755 1030 850 1086 medio
863 1036 963 1088 umen
1016 1035 1094 1091 Patri
1112 1036 1208 1091 taliter
1235 1036 1265 1090 in
1295 1040 1391 1091 sancta
1414 1037 1594 1092 humanitate
1622 1051 1673 1091 ssia
1697 1053 1797 1109 pessus
1821 1042 1866 1094 est

111 1116 239 1182 aliaduo
261 1118 472 1190 aliquantulum
488 1119 737 1192 snpereminente;
754 1120 893 1191 qnoniam
913 1120 962 1176 ille
1018 1124 1161 1178 voluntate
1182 1123 1282 1192 Patria,
1308 1125 1338 1178 in
1361 1124 1556 1194 pulcherrime
1581 1139 1688 1180 aurora
1714 1125 1783 1180 solis
1798 1141 1865 1198 qnae

112 1203 164 1274 qni
179 1204 268 1274 judex
289 1205 437 1262 bonorum
460 1207 650 1262 etmalorum
674 1205 781 1273 existit,
795 1207 894 1261 omnia
913 1223 961 1261 sn·
1016 1209 1097 1280 virgo
1112 1211 1251 1266 deusest
1264 1209 1326 1265 sine
1337 1211 1450 1266 macula
1464 1209 1572 1282 peccati
1592 1215 1676 1266 natus
1697 1210 1866 1280 advenerat,

112 1291 273 1363 pereminet
295 1309 347 1349 sna
365 1293 512 1366 equitate.
539 1294 592 1350 Sed
622 1293 701 1365 qnod
731 1293 810 1350 idem
833 1294 962 1349 medium
1017 1298 1098 1362 Quod
1114 1303 1210 1354 autem
1225 1299 1368 1354 industri
1395 1298 1505 1353 nudum
1527 1298 1654 1370 gladium
1670 1305 1758 1366 tenet,
1775 1315 1864 1371 quem

113 1380 227 1452 siquod
241 1396 257 1435 e
271 1380 380 1436 dextris
404 1382 466 1452 ejus
483 1384 527 1436 est
547 1386 627 1437 tauto
652 1381 765 1452 fulgore
786 1382 909 1448 radiant,
930 1387 963 1437 nt
1017 1386 1126 1458 pectori
1143 1401 1195 1441 suo
1211 1390 1238 1442 et
1254 1385 1348 1442 eidem
1363 1386 1440 1441 cruci
1455 1401 1522 1440 crim
1537 1386 1628 1440 multa
1646 1386 1797 1443 devotione
1811 1403 1863 1458 ep·

113 1468 225 1524 claritas
239 1469 369 1539 ipsorum
391 1470 484 1525 visum
509 1474 593 1526 tunm
617 1471 789 1537 reverberet,
820 1470 861 1525 ita
886 1471 963 1543 quod
1018 1475 1116 1545 pouit:
1134 1475 1241 1530 hocest
1256 1475 1331 1546 quod
1352 1473 1428 1529 bono
1443 1480 1472 1528 et
1499 1480 1597 1530 sancto
1619 1491 1707 1546 opere
1727 1476 1865 1544 ostendit,

112 1562 211 1612 utrum
224 1557 337 1614 virilem
355 1573 394 1614 au
410 1559 580 1614 muliebrem
605 1559 728 1615 lormam
748 1559 875 1615 habeant
892 1575 963 1631 per-
1018 1564 1162 1639 qnomodo
1176 1563 1335 1635 Scripturas
1351 1578 1403 1634 per
1418 1561 1557 1634 Spiritum
1580 1567 1711 1619 sanctum
1734 1563 1865 1620 denuda-

112 1645 184 1700 tecte
206 1646 387 1702 considerare
414 1663 473 1702 non
499 1646 606 1702 valeas:
628 1647 684 1704 hoc
712 1650 765 1714 est,
785 1648 862 1718 quod
879 1662 962 1703 sanc·
982 1659 1060 1721 pias
1073 1653 1104 1709 in
1132 1651 1329 1709 recordatione
1340 1651 1445 1706 mentis
1458 1651 1614 1706 electorum
1624 1651 1774 1707 homiuum
1786 1652 1867 1724 (quin

113 1732 180 1788 litat
201 1731 231 1788 in
254 1733 379 1790 tulmine
404 1734 521 1790 honoris
542 1740 572 1790 θῑ
592 1734 622 1790 in
655 1741 736 1805 parte
764 1735 961 1807 prostratim
1015 1748 1044 1800 et
1058 1741 1114 1815 ipsi
1127 1740 1269 1812 pensionis
1290 1740 1489 1811 Redemptoris
1511 1740 1555 1795 sni
1581 1741 1745 1796 dulcissime
1771 1757 1867 1797 recor-

112 1826 227 1876 ffllffllffl
253 1822 422 1889 dulcedinis·
448 1827 528 1878 ‘⁸⁰2⁰
557 1824 709 1896 splendore
732 1824 838 1878 divium
860 1825 960 1895 gretie
1014 1830 1131 1898 deutur)
1150 1827 1254 1899 diligit.
1281 1827 1360 1883 Unde
1383 1827 1470 1883 etiam
1494 1827 1572 1882 vides
1595 1829 1626 1883 in
1653 1829 1747 1886 fronte
1778 1830 1867 1886 medii

112 1908 229 1981 1³⁴³thss
251 1909 391 1976 emisisti
416 1914 449 1966 ul
472 1909 653 1982 Pt0f¹1ssdil⁸³
677 1911 808 1982 mysterii
837 1913 901 1983 ejus
920 1911 961 1966 ila
1015 1916 1116 1988 eapitis
1139 1917 1278 1987 scriptum
1304 1917 1448 1983 senchius,
1478 1915 1546 1988 quia
1571 1917 1600 1972 iu
1630 1917 1761 1973 interiori
1793 1919 1866 1974 lucie

113 1997 291 2052 intellectum
319 1996 474 2053 hominum
505 1999 634 2065 excedat,
665 2005 698 2053 nt
715 2015 776 2070 pria
803 1998 960 2070 gravedine
1016 2019 1082 2075 quei
1105 2006 1148 2056 est
1167 2000 1271 2056 animae
1295 2000 1401 2071 absque
1427 2000 1485 2054 nlla
1513 2001 1711 2072 indignatione
1742 2003 1860 2074 pudoris

113 2085 295 2142 mortalitatis
316 2102 370 2140 uec
399 2086 563 2142 libertatem
591 2103 645 2141 nec
669 2087 879 2158 subjectionem
898 2088 961 2158 ejus
1014 2106 1079 2146 cum
1095 2089 1201 2160 gaudio
1220 2088 1285 2143 vitae
1310 2088 1446 2143 sanctitas
1470 2089 1661 2159 cognoscitur,
1677 2095 1705 2146 et
1720 2090 1749 2145 iu
1765 2091 1861 2145 fronte

113 2173 143 2228 in
157 2173 269 2229 Christo
297 2174 387 2245 possit
409 2173 527 2241 iutneri,
553 2180 747 2247 praeterquam
778 2176 856 2247 quod
883 2176 962 2246 riget
1015 2179 1116 2246 dextri,
1132 2177 1211 2233 radix
1221 2176 1310 2244 honi;
1331 2177 1466 2248 qnoniam
1492 2176 1554 2249 ipsa
1575 2179 1670 2248 palam
1689 2178 1805 2234 initium
1836 2184 1866 2235 et

112 2260 230 2332 inipso.
254 2262 306 2316 illo
329 2266 426 2317 autem
445 2263 538 2333 capite
554 2263 633 2334 quod
655 2280 672 2317 a
696 2261 820 2318 sinistris
841 2269 962 2335 apparet
1015 2267 1235 2323 tundamentum
1259 2264 1289 2320 in
1324 2265 1481 2320 salvatione
1508 2266 1664 2321 sanctitatis
1689 2270 1743 2334 est,
1777 2271 1806 2322 et
1835 2268 1865 2322 in

111 2349 323 2422 aliquantulum
358 2351 480 2406 obscuro
511 2354 541 2407 et
577 2350 713 2407 muliebri
754 2352 961 2408 consuetudine
1015 2356 1108 2410 fronte
1118 2353 1226 2408 sinistri
1241 2367 1300 2408 uon
1314 2367 1435 2423 parcens
1459 2351 1536 2420 sibi;
1559 2353 1628 2420 cruia
1654 2353 1716 2408 siue
1741 2371 1865 2426 corpore

112 2440 235 2495 candido
263 2439 406 2496 velamine
436 2441 548 2509 veleto;
576 2439 713 2511 qnoniam
735 2441 872 2512 perfectio
900 2441 961 2496 huc
1016 2442 1166 2498 moltitiem
1186 2444 1214 2495 ot
1238 2440 1391 2495 vanihtcm
1415 2441 1575 2496 carnalium
1589 2443 1772 2514 voluptatum
1789 2443 1865 2512 abji-

112 2545 178 2600 quse
195 2545 226 2583 se
244 2528 358 2584 fortiter
376 2528 547 2599 constringit
570 2529 608 2584 ob
632 2545 761 2584 amorem
780 2529 841 2598 ilai,
868 2529 962 2586 inad·
1014 2531 1103 2597 ciens,
1122 2543 1236 2600 semper
1260 2543 1290 2583 se
1314 2528 1344 2583 in
1367 2529 1544 2583 districtione
1559 2530 1743 2600 constringit,
1771 2547 1857 2585 orne·

112 2616 245 2672 versitate
261 2617 311 2672 illa
329 2632 388 2689 qua
403 2618 467 2689 ipsa
485 2616 626 2672 diabolica
648 2617 835 2672 intestatione
858 2622 888 2674 et
905 2619 960 2674 hu·
1016 2623 1113 2674 meula
1127 2622 1298 2672 ceterarum
1310 2615 1449 2672 virtutum
1460 2616 1515 2672 sibi
1530 2617 1710 2689 conjungens
1725 2623 1756 2672 nt
1770 2619 1866 2689 possit

113 2720 198 2759 mano
213 2705 512 2777 opereimpugnatur,
528 2705 611 2776 qnasi
635 2705 811 2760 anxietatem
834 2709 863 2760 et
878 2698 962 2761 solli·
1016 2706 1114 2779 portici
1130 2705 1328 2776 atperdurare
1356 2705 1514 2760 contendit.
1543 2705 1649 2761 Sedet
1673 2707 1800 2762 medinm
1826 2707 1864 2761 ad

111 2792 268 2849 citudinem
305 2793 450 2865 quomodo
489 2809 519 2848 ss
555 2793 652 2849 divino
681 2793 789 2849 anxilio
827 2793 963 2849 defendat
1015 2792 1296 2864 eiiaduoaspicieue
1312 2797 1341 2848 et
1360 2791 1457 2848 illaad
1479 2793 1584 2863 ipsum,
1610 2793 1765 2850 utilitatem
1780 2811 1865 2850 snam

113 2880 207 2948 habet,
223 2881 386 2936 humillima
404 2881 580 2953 subjectione
598 2881 629 2936 iu
647 2881 779 2936 albedine
797 2885 826 2937 et
839 2881 962 2954 pulchri·
1017 2884 1053 2938 ad
1068 2883 1191 2938 invicem
1203 2880 1373 2947 conteruut;
1390 2880 1528 2953 quoniam
1542 2881 1604 2953 ipss
1618 2882 1732 2938 fortiter
1746 2883 1778 2938 iu
1792 2899 1866 2938 una·

111 2969 212 3025 tudine
226 2969 383 3024 Christiani
404 2968 569 3024 certaminis
590 2984 621 3024 se
644 2970 831 3041 Redemptori
846 2985 960 3024 summo
979 2971 1148 3062 Cnimitnte
1172 2970 1317 3026 interioris
1338 2970 1457 3025 visionis
1481 2974 1510 3024 et
1530 2970 1692 3025 dilectionis
1706 2970 1867 3026 consisten-

110 3056 266 3127 gemitibus
294 3057 425 3113 fidelium
463 3056 593 3112 cordium
630 3057 842 3112 commendans.
877 3056 960 3122 Quod
1015 3061 1065 3128 tia,
1089 3060 1129 3114 ita
1156 3065 1187 3115 nt
1210 3060 1323 3115 uultum
1359 3073 1460 3114 eornm
1483 3058 1544 3114 sino
1572 3059 1716 3130 adjutorio
1742 3059 1864 3114 alurins

110 3161 177 3199 iero
192 3147 289 3200 tunica
302 3162 337 3200 ex
350 3146 414 3200 albo
429 3145 521 3200 serico
534 3145 635 3200 eadem
661 3145 758 3216 imago
785 3144 886 3200 induta
905 3150 957 3212 est,
1014 3149 1118 3205 durare
1140 3149 1241 3209 valeat,
1258 3147 1343 3203 verba
1365 3153 1394 3203 et
1414 3147 1627 3218 admonitiones
1649 3163 1716 3202 suas
1739 3149 1774 3204 ad
1794 3161 1864 3219 pro·
1980 3229 1981 3232 Ἴ

110 3233 164 3287 hoc
178 3238 222 3288 est
242 3234 319 3304 quod
333 3248 421 3305 opere
437 3232 609 3289 lucidissimi
630 3239 660 3288 et
682 3233 845 3289 suavissimi
859 3233 957 3301 stadii,
1011 3237 1118 3292 lectum
1133 3235 1284 3290 hominum
1302 3235 1440 3306 dirigunt,
1463 3239 1496 3290 ut
1519 3233 1626 3290 dictum
1653 3239 1705 3290 est.
1733 3235 1789 3300 oui
1804 3253 1863 3292 au-

111 3319 142 3375 in
168 3336 226 3393 quo
258 3322 383 3394 perlecta
408 3321 543 3377 sanctitas
569 3322 673 3378 Filium
701 3338 800 3378 meum
827 3322 957 3378 imitator
1011 3330 1069 3380 tem
1102 3330 1198 3379 acutas
1221 3339 1303 3378 aures
1330 3322 1475 3378 interioria
1504 3323 1666 3378 intellectus
1689 3322 1790 3389 babet;
1816 3324 1866 3379 hic

109 3408 323 3464 circumamicta
346 3413 474 3481 apparet,
500 3409 710 3466 candidissimis
734 3410 822 3466 etiam
849 3413 957 3467 calcea·
1012 3413 1043 3470 in
1055 3413 1173 3468 ardente
1187 3428 1284 3467 amoro
1299 3410 1408 3482 speculi
1428 3411 1484 3466 mei
1498 3410 1533 3466 ad
1549 3410 1635 3466 rerba
1657 3411 1719 3466 haec
1732 3413 1862 3480 anhelet,

111 3497 215 3554 mentis
230 3496 360 3562 mnnita;
377 3497 446 3568 qnia
460 3513 512 3569 per
536 3503 659 3554 mortem
690 3498 806 3565 Christi,
831 3499 862 3553 in
890 3515 956 3554 cau·
1012 3506 1040 3557 et
1054 3518 1088 3557 ea
1103 3500 1133 3556 in
1147 3499 1425 3556 couscientiaauimi
1443 3498 1488 3554 sni
1503 3498 1669 3554 conscribat.

110 3586 179 3641 dore
208 3587 435 3658 regenerationis
462 3587 580 3658 spiritus
608 3592 637 3643 et
669 3604 753 3659 aquae
782 3589 905 3660 relulget
925 3588 957 3643 in

809 3768 939 3842 VlSlO
970 3769 1164 3842 DECIMA.

109 3893 282 3949 Sciamus.
298 3921 332 3936 ·-
357 3893 451 3949 Verba
466 3892 536 3948 Filii
549 3893 682 3949 doininis.
693 3895 770 3962 Quod
783 3896 866 3951 nomo
879 3896 987 3951 tabem
999 3895 1149 3952 scientiam
1165 3895 1231 3952 boni
1245 3899 1273 3952 et
1285 3897 1367 3965 matt,
1391 3895 1594 3953 inexcusabilis
1615 3902 1667 3952 est.
1690 3896 1864 3954 admonitio

143 3964 366 4036 adconjuqatos.
378 3967 559 4036 Comparatio
570 3965 607 4019 de
624 3981 704 4037 apro.
727 3965 809 4034 Quod
829 3967 912 4022 homo
935 3982 991 4020 non
1011 3967 1093 4022 debet
1115 3967 1241 4022 emulari
1261 3968 1336 4040 quod
1348 3967 1405 4023 sibi
1425 3968 1572 4024 sciendum
1592 3971 1716 4030 nonest,
1736 3968 1811 4022 sicia
1829 3969 1864 4022 in

142 4033 379 4159 {imiimi
392 4035 541 4162 Μ·
484 4036 582 4161 nup,
594 4037 1864 4179 taciturnitatis‘'tilltbuiltiutttltitttnttlut

142 4121 427 4246 subjectismeez‘emptis
434 4175 621 4239 manifestum
633 4182 686 4233 est.
703 4179 891 4250 Comparatio
902 4178 1040 4234 thesauri.
1060 4179 1148 4234 Verba
1158 4178 1331 4234 constantie.
1351 4179 1445 4234 Verba
1456 4178 1580 4236 coetcstis
1596 4178 1738 4236 desiderii.
1760 4179 1860 4236 Verba

143 4245 370 4314 compunctionis
382 4245 486 4301 cordis.
507 4247 783 4321 Verbacontemptus
794 4249 901 4305 mundi.
921 4249 1189 4305 Verdaconcordiie.
1203 4249 1281 4316 Quod
1297 4247 1328 4304 in
1340 4249 1493 4304 altitudine
1504 4249 1622 4318 iustitie
1641 4253 1669 4305 et
1682 4249 1862 4316 fortitudine

141 4313 281 4370 donorum
294 4315 420 4386 Spiritus
432 4317 526 4372 sancti
547 4334 635 4388 opera
655 4335 717 4391 qua
737 4323 807 4374 neus
828 4324 859 4373 i'n
882 4319 1043 4375 bominibus
1065 4337 1081 4374 o
1104 4324 1204 4375 eretur
1216 4319 1387 4375 solidantur.
1411 4321 1488 4388 Quod
1511 4324 1605 4376 omnis
1618 4321 1695 4375 actio
1723 4337 1785 4392 qua
1798 4321 1860 4390 fide

143 4385 310 4466 etopsrein
323 4386 458 4467 fidelihus
517 4389 619 4458 ficitur
636 4390 733 4446 timori
752 4389 866 4446 Domini
880 4335 1169 4460 diuinaprooiigntia
1193 4390 1382 4446 coadunatur.
1410 4391 1489 4456 Quod
1512 4392 1651 4447 potentem
1673 4407 1860 4462 perseuerare

143 4456 455 4528 intonooperethlius
508 4456 563 4514 're
583 4461 750 4516 itnecadot
764 4460 795 4516 in
805 4477 930 4516 morem
942 4461 992 4533 qui
1006 4461 1171 4518 durnititate
1185 4477 1239 4517 sua
1252 4461 1393 4518 destruxit
1406 4465 1537 4518 mortem.
1556 4461 1635 4525 Quod
1660 4462 1763 4517 umbra
1789 4461 1863 4535 lepis

143 4525 176 4584 in
189 4527 341 4584 nativitate
351 4530 379 4582 et
387 4528 521 4593 parmam
529 4478 599 4586 litiis·
615 4530 664 4586 Dei
673 4531 762 4599 finem
778 4531 898 4602 accepit.
916 4532 982 4600 Ouie
994 4532 1085 4604 pessit
1105 4535 1179 4587 Deice
1193 4531 1224 4586 i'n
1241 4531 1376 4612 Ecclesia
1395 4532 1432 4589 ab
1452 4531 1612 4613 bominibus
1630 4531 1725 4589 videri
1744 4532 1862 4613 ctsciri

141 4602 261 4668 possum
272 4599 396 4667 :sutura
413 4602 510 4655 autern
521 4617 578 4655 non
586 4599 709 4669 nirifide
721 4602 766 4656 net
780 4600 953 4657 renotatione
968 4602 1076 4658 divino.
1096 4602 1176 4666 Quod
1188 4605 1263 4658 liciis
1272 4601 1495 4658 misericorditer
1516 4603 1659 4658 dorninem
1681 4618 1862 4673 conspiciens

141 4667 277 4726 admmiet
288 4669 467 4725 utimitando
480 4674 596 4726 sanictos
607 4671 750 4727 coetestem
762 4673 890 4743 patriam
901 4676 992 4744 petat.
1004 4676 1043 4728 De
1054 4675 1133 4728 statu
1144 4672 1320 4739 constantia,
1330 4673 1454 4728 caelestis
1465 4672 1611 4738 desiderii,
1629 4672 1864 4744 compunctionis

141 4739 245 4806 cerdis,
266 4742 444 4810 contemptus
461 4742 629 4799 concordie.
655 4745 694 4798 ne
711 4742 989 4799 tantominus
1009 4744 1182 4799 constantio.
1207 4745 1250 4798 De
1272 4744 1381 4800 causti
1399 4743 1550 4800 mntem.
1580 4747 1620 4800 lte
1642 4743 1862 4814 compunctione

139 4809 245 4865 cordis.
268 4813 307 4866 lte
326 4814 492 4883 contenptu
511 4812 621 4868 mundi.
645 4816 683 4868 lle
699 4814 861 4870 concordie.
885 4815 964 4880 Quod
981 4817 1013 4869 iu
1028 4813 1167 4886 vigilante
1186 4813 1364 4880 fortitudine
1373 4813 1445 4884 fidei
1465 4831 1536 4887 opus
1555 4815 1660 4870 bonum
1682 4814 1861 4884 captonatur

141 4882 169 4933 et
182 4879 398 4952 inperfectione
416 4881 511 4954 operis
535 4899 594 4955 quo
616 4882 762 4939 devotione
780 4885 899 4957 quisque
922 4885 1013 4940 Deum
1031 4884 1109 4940 colat
1123 4883 1293 4942 ostenditur.
1319 4885 1398 4950 Quod
1429 4902 1460 4940 er
1475 4885 1682 4954 fortitudinem
1696 4883 1765 4955 fidei
1784 4889 1860 4942 beas

140 4951 291 5023 antiquum
304 4955 464 5034 serpentem
477 4951 508 5007 in
519 4953 698 5026 profundum
707 4959 817 5011 aeterna
829 4955 1005 5022 corisurionis
1018 4953 1129 5025 dejecit.
1148 4955 1269 5026 Papani,
1280 4954 1384 5024 damasi,
1411 4954 1469 5011 atsi
1488 4954 1649 5011 Christiani
1661 4971 1760 5010 ueram
1775 4959 1859 5026 tidem

139 5020 324 5148 silwim,
338 5040 370 5078 sn
388 5027 529 5095 potestate
547 5025 599 5080 Dei
608 5026 816 5098 suntquumois
828 5026 865 5081 ab
878 5025 1006 5081 &clena
1020 5025 1121 5096 quein
1134 5027 1195 5081 atto
1206 5025 1302 5096 posita
1314 5029 1358 5081 est
1370 5026 1455 5094 ejecti
1468 5030 1545 5080 sunt.
1569 5026 1664 5081 Verba
1675 5025 1805 5081 Joannis
1819 5025 1859 5081 nd

139 5108 204 5148 sani
282 5110 354 5150 rem.
370 5094 451 5165 Quod
465 5098 539 5151 Deus
551 5094 714 5153 ticcienam
725 5096 762 5150 ab
775 5095 906 5153 omnbus
923 5096 1055 5168 portibus
1076 5097 1177 5153 mundi
1197 5096 1359 5166 collectam,
1373 5097 1529 5154 secundum
1543 5111 1604 5168 quer
1615 5096 1854 5168 pradestinavit:

139 5162 179 5218 ad
191 5163 325 5236 effraeni
337 5165 461 5228 sensim
473 5165 589 5222 dinboto
600 5166 742 5239 perducit,
757 5167 833 5238 quod
844 5170 887 5223 est
898 5166 930 5222 in
941 5166 1093 5224 meiano
1100 5167 1157 5223 die.

140 5341 173 5394 iit
187 5344 252 5411 post
270 5340 333 5397 hec
352 5341 382 5396 iu
413 5341 579 5398 summitate
600 5342 747 5397 orientalis
766 5342 865 5413 auguli
880 5358 952 5413 prie-
971 5341 1096 5413 [lipsius
1127 5343 1176 5398 illa
1209 5342 1303 5398 incida
1331 5349 1359 5398 et
1386 5343 1499 5415 lapidea
1524 5343 1667 5412 videlicet,
1694 5345 1855 5413 conjunctis

103 5429 254 5483 monstrati
277 5429 403 5497 editicii,
427 5431 478 5485 ubi
500 5430 646 5502 predictas
668 5430 732 5485 dom
755 5437 849 5502 partes
877 5432 954 5486 muri
1009 5437 1105 5486 eraut:
1123 5432 1180 5486 ridi
1196 5433 1278 5504 qnasi
1301 5436 1410 5503 septem
1434 5433 1539 5504 gradus
1564 5433 1760 5489 candidissimi
1782 5449 1855 5490 mar·
