3984 6034
149 174 196 226 8ll

888 166 916 221 S.
937 164 1173 221 allemannis

1845 167 1900 219 8ίῖ

148 303 187 357 ile
206 304 240 356 ut
265 299 301 355 ed
337 298 386 354 illa
420 297 574 365 eubelenl;
600 300 629 353 et
654 296 690 353 ab
716 297 786 371 ipsis
810 298 994 364 roborentur,
1014 296 1371 355 Atur.'lbronuseteuim
1388 297 1438 353 llci
1458 298 1604 354 aeternitas
1621 297 1776 371 ipsiusest,
1793 298 1825 355 in
1840 314 1899 371 que

148 390 216 463 quia
237 388 307 444 dum
331 387 419 445 bomo
454 392 532 441 recto
564 386 706 442 desiderio
731 387 765 442 ed
793 387 918 443 leuatum
943 388 995 443 bo·

147 493 252 534 norum
278 490 397 548 operum
427 474 531 546 tendit,
554 480 668 531 terrena
689 476 818 548 despicit,
836 491 923 549 seque
940 475 996 532 illis

150 583 216 641 quea
238 581 352 621 sursum
378 565 408 621 in
427 564 589 620 coelestibus
605 568 673 619 suut
700 563 740 619 ita
759 564 865 637 intigit,
896 569 930 621 ut
954 580 995 633 se,

147 657 225 711 uelut
238 654 326 710 homo
341 669 399 709 uon
415 652 460 723 sit,
475 656 566 709 totum
582 652 766 708 immutatum
782 653 923 708 ostendet.

147 762 188 817 oe
200 759 275 815 nude
286 774 348 831 qua
366 756 461 813 lactea
474 759 602 823 uocutnr,
617 756 693 828 quod
714 772 812 812 nerem
833 755 998 813 extensione

183 832 226 886 uel
235 827 433 887 incurvatione
445 844 499 883 seta
508 829 742 900 comprehensum
755 828 876 899 roboret,
891 827 998 900 etquid

181 919 236 975 per
244 902 297 957 leon
306 899 458 973 etpurificet.

183 992 226 1046 lll.
243 992 273 1045 ln
289 989 390 1045 eodem
406 1002 522 1060 quoque
546 1002 611 1043 aera
633 987 787 1059 quamdam
810 987 917 1043 nubem
932 1002 998 1043 can-

148 1080 210 1137 didi
223 1078 426 1146 colorisridas,
441 1092 505 1150 qum
529 1076 695 1149 inutraque
721 1081 802 1148 parte
830 1076 875 1132 sui
897 1076 947 1133 ubi
966 1077 995 1131 ll-

146 1166 321 1235 nembabet,
348 1164 414 1221 hino
441 1166 471 1220 et
500 1164 567 1219 biuc
593 1164 656 1219 aliis
683 1162 998 1221 uubibustirmameuti

146 1257 224 1313 velut
246 1255 335 1310 iutlxa
361 1259 413 1323 est,
438 1258 467 1308 et
492 1253 572 1324 cujus
597 1253 735 1309 medietas
751 1258 782 1309 ut
797 1268 879 1309 arcus
899 1252 995 1309 iucur-

145 1349 212 1401 rala
226 1359 356 1411 manens,
371 1343 401 1398 in
417 1342 585 1415 praedictum
612 1356 707 1397 aerem
735 1342 909 1410 extenditur,
926 1358 995 1413 quo-

1051 389 1127 443 solus
1141 389 1229 456 sedet,
1247 402 1405 460 omnesque
1419 388 1546 443 visentes
1560 388 1690 443 scintillae
1704 388 1779 444 radii
1800 388 1900 460 splen-

1050 476 1200 550 dorisejus
1213 481 1290 547 suut,
1309 477 1388 533 velut
1410 476 1483 532 radii
1506 476 1575 531 solis
1595 476 1631 532 ab
1645 477 1709 549 ipso
1725 477 1898 548 procedunt.

1050 567 1083 622 Et
1097 566 1243 638 utromodo
1258 566 1332 621 beers
1353 565 1411 619 rita
1437 580 1497 620 esse
1516 570 1746 636 cognosceretur,
1771 564 1828 621 nisi
1846 582 1902 638 per

1049 655 1157 722 uitalia,
1183 670 1247 727 quse
1275 655 1369 727 ipsum
1395 653 1599 725 glorificarent,
1621 654 1758 726 quoniam
1774 654 1899 726 gloriam

1049 741 1141 814 ipsius
1155 743 1305 798 laudantes
1328 742 1364 797 eb
1392 742 1455 813 ipso
1473 744 1698 814 processerunt?
1716 744 1902 815 Quapropter

1049 831 1177 886 uiuentes
1200 832 1380 887 claudentes
1404 831 1540 886 scintillas
1561 832 1597 887 ed
1619 833 1777 887 cleritatem
1801 832 1899 887 vultus

1050 918 1095 975 sui
1108 918 1217 991 posuit,
1234 934 1298 991 qum
1314 918 1407 991 ipsum
1422 934 1476 974 uec
1501 918 1628 987 initium,
1643 936 1697 976 uec
1711 919 1799 976 linem
1813 920 1900 975 babe-

1050 1024 1081 1064 re
1095 1007 1285 1080 conspiciunt,
1312 1013 1340 1063 et
1356 1007 1421 1063 ideo
1435 1008 1547 1064 nullum
1580 1008 1698 1065 tedium
1726 1008 1855 1080 aspicere
1868 1008 1900 1063 iu

1051 1113 1117 1154 eum
1146 1096 1295 1165 babentes,
1329 1097 1456 1153 studiose
1480 1096 1588 1170 absque
1606 1098 1722 1154 fastidio
1735 1098 1832 1168 ipsam
1856 1097 1900 1153 in-

1050 1190 1178 1254 tuentur,
1193 1201 1246 1240 nec
1259 1185 1387 1241 studium
1414 1186 1467 1241 boe
1490 1202 1620 1259 unquam
1634 1187 1802 1259 preteribit.
1819 1187 1898 1251 Quo-

1051 1275 1137 1331 modo
1152 1280 1247 1329 antem
1274 1279 1495 1345 cognosceretur
1515 1274 1583 1345 quia
1606 1275 1685 1330 solus
1705 1278 1830 1331 aternus
1843 1279 1900 1342 cst,

1051 1364 1075 1419 ei
1089 1363 1123 1418 eb
1140 1364 1251 1434 angelis
1269 1363 1310 1419 ita
1324 1379 1382 1418 uon
1403 1362 1660 1421 consideraretur?
1684 1363 1804 1430 Quodsi
1825 1365 1903 1421 scin·

146 1434 224 1489 niam
240 1434 270 1488 in
291 1432 397 1488 eisdem
414 1431 549 1501 nubibus,
562 1448 634 1503 quas
652 1448 701 1487 aer
726 1430 780 1486 isle
807 1430 940 1502 superius
957 1431 994 1485 te·
1052 1453 1128 1508 [inas
1142 1453 1210 1507 ista,
1224 1468 1284 1507 no„
1300 1452 1429 1515 haberet·
1454 1453 1600 1524 quomodo
1614 1453 1705 1523 gloria
1721 1454 1783 1524 ejus
1808 1453 1900 1525 plena

144 1523 235 1578 rande
258 1525 408 1590 salutemet,
432 1520 487 1576 alie
512 1520 602 1575 nribus
617 1520 695 1575 velut
725 1520 846 1575 lacteum
870 1521 995 1575 colorem
1053 1541 1226 1613 appareret?
1241 1542 1273 1595 pp
1295 1541 1443 1612 quomodo
1467 1544 1594 1596 ,pigmus
1619 1558 1680 1596 „sse
1696 1543 1899 1607 innotesceret.

147 1612 256 1667 ¹¹⁸¹l⁶¹¹⁵
272 1612 418 1682 dilissilule
444 1626 508 1682 qum
528 1609 662 1664 “umdem
679 1625 774 1665 amm
795 1610 901 1677 smmis
925 1609 999 1664 ⁵i⁰¹¹²
1018 1597 1077 1685 Bsi
1093 1631 1174 1685 nulla
1201 1628 1316 1685 claritas
1337 1630 1374 1684 ab
1403 1631 1466 1699 ipso
1489 1628 1679 1701 procederet?
1707 1631 1791 1686 Nulla
1818 1631 1900 1687 enim

146 1700 398 1756 ⁰⁰¹⁰¹¹¹⁰³d⁰¹¹¹¹ffl
414 1702 565 1768 ⁵¹¹⁵¹⁰¹¹¹⁸²r
581 1698 824 1769 q¹¹⁰m⁸dffl⁰d¹¹m
835 1702 863 1753 ⁰l
878 1698 907 1752 in
923 1714 998 1770 prae·
1052 1724 1182 1774 creatura
1197 1723 1249 1785 cst,
1266 1719 1337 1789 quein
1358 1718 1485 1791 aliquem
1504 1718 1617 1774 radium
1636 1719 1748 1788 babeat,
1764 1720 1901 1776 videlicet

149 1790 207 1845 lato
223 1790 324 1845 ordine
346 1788 415 1843 recti
437 1787 572 1843 desiderii
597 1792 708 1842 mentes
735 1787 925 1859 quiorumdam
941 1786 998 1841 bo-
1051 1811 1101 1863 ,ιη
1116 1806 1300 1870 viriditatem,
1314 1812 1364 1862 aur
1380 1807 1500 1875 semina,
1517 1814 1567 1863 aut
1580 1808 1676 1875 liores,
1697 1815 1746 1863 eut
1768 1808 1900 1880 pulchri·

146 1878 258 1933 minum
287 1877 328 1932 Μ
355 1874 503 1931 ‘mimi
531 1877 607 1941 ΝΜ*
633 1879 663 1929 ut
678 1878 736 1929 [Μ’
759 1873 789 1929 5¹¹
814 1872 998 1929 ³oe⁰⁰¹⁰fib⁰³
1051 1896 1190 1963 tudinem,
1206 1894 1335 1967 alioquin
1349 1901 1480 1951 creature
1494 1912 1552 1950 nou
1565 1900 1648 1951 esset.
1667 1897 1762 1952 Sedet
1776 1898 1800 1951 si
1822 1899 1900 1953 beses

145 1982 232 2037 queam
246 1966 276 2020 in
291 1963 489 2037 spiritualibus
504 1962 597 2017 caussis
612 1962 775 2017 mercedem
794 1962 860 2017 senis
876 1977 996 2033 operum
1050 1983 1268 2056 possibilitatem
1290 1983 1387 2039 omnia
1401 1985 1494 2040 facem
1518 2000 1578 2039 non
1600 1984 1728 2054 haberet,
1753 1985 1804 2041 ubi
1823 1992 1899 2041 esset

146 2070 263 2109 suorum
288 2052 499 2125 praestolentur,
521 2050 590 2123 quia
623 2054 651 2106 et
677 2055 791 2105 terrene
819 2055 848 2106 et
872 2050 998 2105 coelestia
1050 2072 1176 2146 potentin
1191 2071 1306 2143 ipsius?

144 2143 260 2213 negotia
275 2146 553 2214 quatenussnpcrnu
565 2138 655 2210 judici
670 2136 810 2211 placeant,
831 2136 995 2211 perficiunt,
1050 2160 1123 2229 Quia
1137 2162 1215 2216 Dm
1230 2160 1476 2233 pulckrmdim
1499 2176 1617 2234 operm
1629 2176 1746 2217 mmm
1759 2161 1790 2217 in
1803 2162 1900 2234 primo

145 2230 319 2303 etquemeis
346 2227 484 2302 perfectio
508 2228 648 2282 mentium
682 2227 812 2299 ipsorum
842 2226 996 2298 aliquando
1084 2230 1413 2304 superseminantem
1438 2233 1513 2303 quod
1532 2233 1571 2287 nd
1592 2232 1899 2290 demonstrandum„

147 2318 332 2390 fragilitatem
346 2317 440 2373 cernis
454 2316 535 2372 veltet
549 2316 696 2372 incurvata
721 2315 844 2386 sentiat3
872 2314 903 2369 in
918 2318 995 2369 recto
1083 2320 1142 2374 lua
1156 2303 1257 2357 mundi
1268 2306 1351 2373 rarle
1368 2302 1502 2373 inseretur
1516 2304 1565 2369 sit,
1577 2302 1667 2359 tribue
1682 2304 1815 2377 partibus
1827 2306 1901 2361 eolis

145 2412 243 2463 tamen
272 2406 414 2462 desiderio
438 2409 603 2477 perseverat
629 2410 660 2460 ut
684 2404 771 2461 etiem
793 2420 891 2460 seruus
914 2420 996 2460 meus
1082 2372 1721 2509 gsst'ffigsgfgffiffnz‘fflgzgffislgfflffl'rle
1735 2377 1900 2517 ’,4ξὲξῖζῖιέ

145 2497 198 2552 lob
215 2496 337 2551 ostendit
352 2494 467 2550 diceus:
1359 2488 1366 2498 ¹
1843 2494 1849 2511 ‚

1082 2515 1158 2587 quod
1165 2515 1278 2588 sulpure
1286 2516 1361 2570 lueis
1371 2516 1669 2587 tenebrararpuantur,
1681 2519 1710 2571 ct
1719 2517 1900 2589 oppositione

149 2602 243 2660 Verba
256 2601 314 2658 ooo
326 2600 449 2659 aelidem
467 2616 602 2728 conam,
618 2604 645 2657 et
654 2616 710 2675 quo
722 2616 808 2657 sensu
826 2598 995 2673 accipienda
1083 2586 1266 2642 ‘melitam
1281 2587 1331 2643 itt-‘⁶
1341 2586 1513 2660 urationi!-

1082 2675 1138 2730 xli.
1163 2675 1284 2730 Omnem
1312 2673 1419 2745 quippe
1442 2673 1687 2746 pulchritudinem
1699 2691 1820 2748 operum
1832 2694 1900 2749 pos·

179 2764 209 2819 ll.
229 2785 239 2813 ι
257 2764 292 2819 Et
307 2761 520 2833 tenebiljustus
534 2762 609 2816 viam
626 2776 717 2828 stram,
735 2764 763 2816 et
788 2759 913 2815 mundus
929 2774 993 2815 ma·
1045 2760 1189 2817 sibilitetis
1202 2777 1260 2817 succ
1275 2763 1351 2817 Deus
1367 2761 1504 2834 inprime
1522 2763 1624 2834 angelo
1639 2761 1771 2835 signarit,
1784 2765 1898 2835 ipsum·

143 2852 228 2908 nibus
254 2852 339 2907 addet
365 2850 565 2906 tortitudinem
585 2848 645 2921 (lob
662 2848 753 2919 ιιιίιι).
774 2870 784 2897 ι
803 2848 882 2913 Quod
906 2847 991 2902 ctiam
1012 2849 1210 2937 conestellis
1232 2855 1261 2906 et
1282 2848 1496 2921 pulchritudine
1511 2850 1672 2918 viriditatis,
1694 2853 1898 2924 omniquege-

144 2941 184 2997 sic
198 2938 357 2996 intellectui
373 2944 470 3011 patet.-
488 2940 579 2993 llomo
595 2936 645 3008 qui
666 2936 807 3009 iustitium
826 2934 930 3007 diligit,
946 2935 993 2990 iti·
1047 2955 1116 2995 nere
1138 2938 1312 3011 fulgentium
1335 2937 1476 3010 lapidum,
1500 2938 1582 3011 quasi
1613 2940 1758 2995 stellatum
1789 2941 1898 2997 coelum

142 3026 408 3085 nerureetitudiuis
437 3030 541 3083 conatu
561 3024 736 3081 tortitudinis
756 3024 874 3091 tenebit,
901 3024 993 3095 etqui
1047 3028 1168 3097 ornarit,
1185 3030 1293 3082 eleum
1321 3025 1481 3083 Luciferum
1508 3027 1678 3096 nominavit,
1703 3030 1842 3099 quonium
1859 3032 1898 3085 ub

144 3117 304 3174 asordibus
328 3115 454 3170 arundus
478 3114 584 3183 existit,
608 3111 691 3168 bouis
715 3112 849 3184 operibus
865 3112 994 3184 acquiret
1046 3117 1120 3189 ipso,
1131 3116 1268 3188 quisolus
1283 3121 1409 3171 mternus
1420 3120 1472 3184 est,
1488 3116 1580 3171 lucem
1592 3117 1725 3189 portarit,
1741 3118 1801 3188 Ego
1813 3120 1896 3175 enine

143 3206 336 3271 sanctitatem,
353 3220 418 3258 cum
446 3219 476 3257 se
504 3219 520 3257 a
550 3202 634 3256 malis
661 3200 818 3269 abstinens,
844 3200 878 3255 ad
906 3216 992 3256 omna
1046 3206 1096 3279 qui
1111 3221 1174 3260 sum
1188 3204 1218 3259 in
1233 3204 1324 3260 tribus
1340 3204 1497 3277 parietibus
1520 3222 1608 3277 opere
1626 3220 1691 3261 mea
1703 3206 1816 3261 ostendi
1829 3248 1839 3275 ,
1854 3209 1897 3263 ei·

143 3294 221 3366 qnod
250 3296 307 3350 ileo
344 3292 438 3363 placet
476 3306 506 3347 se
536 3289 685 3359 convertit,
723 3293 865 3361 quotenus
902 3289 990 3345 vllam
1044 3294 1147 3351 delicet
1162 3293 1372 3363 luculentam
1395 3298 1492 3349 austro
1515 3299 1545 3350 et
1570 3294 1601 3349 in
1620 3294 1785 3363 occidente3
1807 3310 1897 3367 quer·

142 3383 221 3438 illem
242 3396 307 3453 queue
334 3379 394 3435 sine
423 3378 481 3435 tine
513 3384 556 3435 est
585 3377 767 3449 adipiscatur.
793 3378 889 3433 iustus
913 3378 991 3433 euim
1044 3388 1219 3440 tumentem
1238 3383 1377 3455 pedalem
1398 3382 1428 3437 in
1455 3381 1649 3455 septentrione
1664 3398 1786 3439 saeuum
1807 3384 1896 3440 dimi-

143 3470 315 3542 sapieutiem
339 3468 426 3540 cepit,
458 3472 486 3523 et
514 3466 655 3539 sapientie
670 3466 700 3522 iu
724 3465 917 3523 rationalitate
941 3466 991 3522 illa
1045 3472 1079 3542 si,
1094 3471 1192 3544 inquo
1208 3487 1261 3527 nec
1279 3472 1320 3527 sol
1339 3487 1391 3527 nec
1413 3471 1484 3527 luna
1504 3471 1590 3527 locet.
1616 3471 1799 3544 Quapropter
1812 3478 1842 3529 et
1863 3474 1895 3529 iu

142 3564 185 3616 cst
200 3575 264 3633 queue
293 3558 378 3613 uitale
399 3562 428 3613 et
457 3556 578 3613 mortale
607 3556 661 3612 scit
676 3559 704 3611 et
722 3560 800 3612 recta
826 3554 992 3613 itineredo·
1043 3559 1514 3632 illeplaguextratirmemeulum
1540 3547 1736 3629 internusest,
1765 3561 1816 3634 qui
1837 3577 1896 3617 nee

140 3654 194 3705 cet.
220 3647 379 3705 Obceecatio
403 3650 499 3703 autem
527 3644 634 3713 cordis,
658 3660 724 3718 quea
758 3661 791 3701 ex
814 3649 899 3715 gustu
933 3661 991 3701 cau
1043 3648 1633 3722 superiusteetum‚nectuteriustnudum
1648 3648 1893 3717 bebet,etstiam

140 3735 343 3804 ni⁵01⁰ril⁰b
374 3750 477 3808 illmm
499 3733 646 3790 ⁸⁰i⁰¹¹fi⁸m
669 3732 830 3802 ⁰h⁰⁰l>i¹³21
859 3748 925 3789 ⁰¹¹OE
944 3750 989 3790 ὅθ·
1042 3744 1083 3801 ibi
1098 3744 1225 3801 tenebrae
1239 3744 1402 3812 existentes,
1432 3742 1628 3799 ministerium
1655 3743 1787 3799 omnium
1815 3744 1891 3799 luci·

141 3826 269 3883 cundum
294 3826 474 3881 uoluntatem
503 3838 584 3877 suem
611 3836 789 3895 quacunque
805 3820 876 3891 rull,
891 3838 922 3877 se
943 3822 988 3879 ia·
1041 3834 1142 3889 dorum
1157 3832 1251 3889 laudi,
1265 3847 1338 3887 mem
1361 3836 1439 3901 sunt,
1467 3830 1535 3903 quia
1550 3829 1695 3903 quomodo
1719 3832 1768 3887 lux
1784 3847 1895 3903 00300.

139 3931 203 3972 cere
228 3931 311 3987 posse
340 3918 440 3969 tentat.
470 3912 550 3968 Unde
582 3915 611 3967 et
635 3910 739 3968 tandiu
769 3914 893 3967 cauetur
919 3927 989 3983 que
1042 3927 1169 3978 meretur
1182 3920 1238 3976 nisi
1250 3936 1304 3993 per
1317 3920 1515 3977 machmam
1527 3920 1675 3991 quomodo
1696 3920 1824 3976 renem
1839 3923 1894 3977 ³05.

139 4020 232 4077 usque
246 4004 337 4076 ipsam
353 4008 381 4057 et
391 4002 511 4057 vulnera
525 4016 577 4056 aua
590 4000 706 4069 sentiat,
721 3999 761 4055 ita
775 4002 807 4055 ut
817 3998 988 4071 sibimetipsi
1041 4014 1151 4078 rentur,
1175 4008 1232 4064 nisi
1258 4024 1312 4081 per
1336 4008 1497 4065 „dientem
1523 4007 1665 4080 fulgorem
1690 4008 1892 4067 ministrorum

140 4092 299 4163 displiceat,
315 4096 452 4162 reputans
478 4089 622 4162 quomodo
637 4093 713 4145 stare
734 4086 825 4159 possit
847 4087 871 4143 si
897 4087 987 4145 allen
1042 4097 1198 4155 morum?
1223 4097 1253 4153 si
1279 4096 1335 4154 1100
1364 4113 1425 4154 non
1455 4102 1539 4166 esset,
1574 4102 1700 4170 poma„
1728 4114 1793 4154 Μ
1825 4100 1889 4170 pre.

141 4180 299 4237 recesserit
1005 4180 1174 4245 Duitudlue
1188 4191 1307 4256 careret,
1333 4187 1374 4243 ita
1399 4190 1432 4242 ut
1451 4187 1550 4243 omnia
1573 4186 1710 4243 rabucula
1743 4201 1808 4243 mee
1830 4203 1891 4243 non

141 4286 214 4355 Quia
228 4286 310 4343 borno
324 4283 609 4357 inslnrfirmomenti
630 4281 826 4410 cuge-edomia
841 4284 897 4338 Deo
910 4280 989 4337 rodo·
1042 4277 1271 4333 nominarentur.
1310 4276 1365 4331 Sed
1397 4291 1474 4331 nuuc
1504 4280 1632 4348 potestas
1659 4291 1724 4332 mea
1744 4276 1829 4347 plene
1861 4282 1892 4333 et

176 4356 298 4421 rotuar'
334 4360 423 4413 umet
443 4370 531 4429 opero
541 4356 604 4425 ejus
623 4371 654 4409 se
671 4354 722 4409 ule
732 4368 849 4426 semper
862 4351 988 4409 nmaide-

178 4428 291 4485 rnrecle
310 4431 367 4497 eat,
387 4428 526 4501 quoniam
540 4427 579 4482 ad
598 4424 822 4498 copnorcendune
839 4426 867 4479 et
879 4422 987 4496 punn-

172 4498 295 4555 camlum
307 4516 339 4554 ee
350 4498 427 4555 inter
436 4498 534 4554 omnia
545 4496 674 4553 mustene
689 4494 864 4553 rationalem
875 4497 986 4551 crentu-

173 4569 418 4640 ramseen'tlleus.

170 4680 214 4734 xl.
245 4677 279 4733 lu
312 4676 357 4733 his
382 4672 602 4749 cogitationibus
635 4674 722 4729 bomo
757 4671 984 4745 omnipotentem

135 4768 226 4823 Deum
250 4766 324 4822 sictut
352 4764 480 4837 sigillum
506 4762 649 4836 inspiciet,
677 4761 776 4817 omniu
799 4761 938 4818 miracula
954 4766 983 4818 et

134 4856 217 4928 signa
239 4855 330 4927 ipsius
357 4853 536 4921 affirmando,
566 4857 652 4925 etque
668 4851 698 4907 iu
726 4850 915 4906 similitudine
934 4850 982 4905 tir-

134 4944 274 5001 mamenti
289 4942 406 5000 domum
426 4957 508 4997 suam
533 4940 587 4997 boc
610 4938 695 4996 modo
714 4938 912 5006 contestando,
925 4955 983 5012 quo

134 5050 187 5107 per
210 5032 321 5089 nultum
343 5034 482 5088 terrorem
500 5046 548 5087 seu
565 5028 677 5085 timoris
700 5044 751 5085 seu
767 5025 904 5083 amorise
927 5027 984 5083 llec

136 5124 294 5180 avellatur:
320 5120 535 5177 llrmementum
561 5118 744 5192 itaquelleus
768 5116 799 5172 in
827 5114 983 5172 scabellum

135 5212 232 5269 throni
247 5212 292 5267 sui
307 5211 413 5284 posuit,
427 5208 559 5280 illudque
590 5208 817 5264 circumeuntem
841 5205 982 5261 circulum

16 5372 18 5375 Ι
134 5299 230 5370 babet,
253 5300 283 5356 iu
306 5298 495 5356 similitudine
524 5297 661 5370 potentiue
690 5296 751 5365 llei,
773 5310 839 5367 qum
860 5309 913 5349 nec
929 5292 983 5349 ini·

132 5388 216 5453 tieem,
242 5404 294 5442 nec
310 5386 397 5444 tlnem
429 5384 524 5453 babet,
550 5383 793 5457 quemadmodum
821 5383 918 5439 nullus
936 5380 980 5437 iu·

132 5477 207 5533 tueri
235 5480 340 5551 polest,
361 5475 412 5533 ulei
438 5474 579 5531 circulans
594 5478 656 5531 rote
682 5472 870 5547 incipiebant
898 5470 980 5543 tinie-

1040 4365 1166 4438 perlecta
1185 4371 1237 4434 est,
1264 4380 1318 4421 uec
1339 4365 1416 4420 ullus
1441 4362 1568 4421 detectus
1592 4364 1623 4419 iu
1645 4364 1792 4421 miraculis
1816 4366 1891 4421 meis

1040 4461 1093 4512 cst.
1128 4454 1268 4521 Quoniam
1295 4454 1374 4511 enim
1393 4456 1492 4510 lumen
1528 4453 1637 4526 absque
1670 4454 1799 4509 tenebris
1830 4459 1887 4523 est,

1039 4544 1106 4600 ideo
1126 4544 1175 4599 lux
1200 4544 1376 4599 nominetur.
1405 4542 1507 4599 Vivens
1530 4543 1639 4615 quippe
1652 4544 1753 4597 oculus
1773 4541 1822 4597 lux
1834 4548 1890 4613 est,

1040 4633 1152 4689 cacitas
1178 4637 1273 4688 sutem
1294 4631 1422 4687 tenebrae
1447 4637 1523 4686 suut.
1553 4632 1585 4686 lu
1606 4631 1652 4686 bis
1678 4631 1784 4687 etenim
1813 4630 1891 4686 duu-

1038 4722 1092 4779 bus
1109 4722 1239 4793 partibus
1268 4720 1366 4776 omnia
1392 4724 1614 4793 cognoscuntur,
1639 4719 1699 4775 sire
1723 4720 1808 4785 boue,
1825 4719 1888 4775 sire

1038 4810 1115 4867 mele
1128 4810 1205 4877 siut;
1220 4824 1274 4882 per
1292 4810 1386 4865 lucem
1411 4808 1528 4881 quidem
1543 4824 1631 4881 opere
1644 4809 1705 4871 Dei,
1734 4824 1787 4880 per
1809 4813 1889 4864 lene·

1038 4900 1187 4957 bresnero
1205 4899 1274 4970 luge
1301 4915 1317 4954 a
1347 4897 1404 4953 lleo
1424 4913 1490 4969 quse
1510 4898 1605 4953 lucem
1635 4913 1695 4955 non
1719 4896 1822 4969 tangit,
1853 4897 1886 4952 in

1037 4988 1095 5046 illis
1108 4988 1215 5045 seilicet
1234 4988 1285 5060 qui
1299 5002 1353 5059 per
1365 4987 1520 5060 superbam
1543 4992 1656 5058 partem
1681 4986 1777 5059 ipsum
1791 4984 1885 5040 coub-

1036 5079 1091 5136 teri
1105 5078 1219 5134 uolunt.

1038 5170 1078 5224 lle
1091 5165 1226 5239 snperbia
1242 5164 1289 5220 nel
1310 5167 1419 5219 tumore
1441 5162 1530 5235 primi
1554 5162 1653 5235 angeli
1670 5166 1700 5218 et
1713 5162 1884 5246 sequacium

1072 5238 1136 5306 ejnr
1146 5235 1178 5292 in
1192 5237 1294 5298 Deum
1305 5238 1334 5291 et
1342 5236 1378 5290 de
1391 5233 1619 5306 precipitatione
1632 5250 1728 5291 amum
1743 5252 1776 5290 sn
1789 5235 1886 5290 locum

1072 5308 1254 5365 tenebrarum
1275 5309 1304 5363 el
1324 5306 1433 5363 clamor
1457 5306 1605 5363 beatorum
1629 5310 1798 5380 angelorum
1816 5304 1888 5361 illos

1070 5376 1283 5438 detestantium.

1071 5467 1140 5526 xltl.
1170 5464 1389 5525 innumerabilis
1412 5465 1530 5541 qsridem
1561 5466 1646 5524 turba
1681 5460 1884 5533 scintillarum,
