3984 6034
140 169 218 223 γιιιι
650 148 653 154 ’
874 152 903 211 s.
924 132 1161 211 urnnncseois
1831 103 1899 206 isse

148 293 283 366 iutelligit
298 308 362 348 sem
379 289 487 346 catulos
505 287 662 361 peperisse,
686 290 715 342 et
735 302 786 341 eos
810 286 905 341 statim
923 283 991 339 odo·
1010 288 1033 340 Α
1049 282 1118 337 Νιιιι
1133 283 1179 337 leo
1193 280 1353 339 tonitruum
1370 298 1435 338 cum
1450 281 1542 351 audit,
1554 298 1621 338 mox
1636 283 1749 354 rugitus
1764 282 1902 337 emittere

147 389 236 449 ratur,
254 384 282 435 et
295 379 332 435 ad
346 395 393 434 eos
413 375 555 447 rugiendo
574 373 674 439 currit,
689 378 717 427 et
738 373 813 429 vires
827 389 892 427 suas
905 371 993 425 recol·
1047 372 1131 426 solet.

146 470 220 547 tigit,
243 485 315 541 quas
338 467 369 522 in
391 464 590 520 commistione
616 462 715 517 leoenae
742 460 848 524 amisit,
875 466 905 515 et
931 464 990 513 tam
1083 458 1150 533 [Sed
1164 464 1194 515 et
1205 459 1287 532 jecur
1310 458 1372 531 ejus
1386 459 1554 528 exsiccetur,
1573 465 1601 515 et
1623 457 1646 513 si
1666 459 1731 531 quis
1754 464 1901 515 comestos

93 555 99 565 “
146 559 254 612 validos
264 556 377 627 rugitus
387 553 504 620 emittit,
519 552 595 623 quod
610 551 697 621 catuli
712 551 747 605 de
766 550 806 605 eis
826 547 990 605 exsuscitati
1045 548 1124 604 cibos
1144 548 1275 620 digerere
1294 564 1355 603 non
1377 551 1481 619 potest,
1506 547 1584 602 idem
1604 546 1688 618 jecur
1712 562 1765 617 per
1779 548 1899 603 breuem

146 652 239 701 errent.
260 646 292 700 tlt
315 650 466 714 postquam
496 640 624 695 suscitati
648 640 755 694 luerint
780 638 867 693 iidem
893 639 989 699 catilli,
1046 637 1147 693 boram
1169 637 1323 709 inaquam
1346 641 1447 707 ponat,
1465 636 1618 707 ipsamque
1642 635 1731 702 bibet,
1747 642 1776 690 et
1797 636 1899 692 statim

145 742 203 789 tam
220 735 290 788 altos
306 731 417 802 rugitus
431 729 576 793 emittunt,
592 727 669 799 quod
684 729 775 783 learns
790 744 839 782 eos
853 727 943 794 audit,
963 734 992 781 et
1045 725 1124 780 cibos
1143 742 1216 797 qiros
1241 725 1396 781 comederit
1410 724 1530 795 digeret.
1554 725 1645 779 llomo
1668 738 1785 795 quoque
1808 730 1899 794 caput

144 839 210 878 mox
234 822 300 877 laeta
323 819 456 885 accurrit,
488 833 522 871 ac
548 819 659 871 leonem
680 817 715 871 ab
737 817 779 871 eis
802 814 931 887 depellit,
963 819 992 870 et
1045 814 1143 869 caudoe
1179 814 1270 869 leonis
1305 812 1440 875 exsiccet,
1477 818 1506 868 et
1534 811 1611 883 apud
1639 827 1669 867 se
1696 827 1812 883 semper
1842 813 1897 866 ba-

144 926 194 964 eos
213 910 299 975 toret,
322 913 351 962 et
371 921 490 977 surgere
517 906 595 971 iacit,
624 912 710 976 atque
737 905 852 960 leonem
879 903 914 959 ad
942 920 991 959 eos
1044 903 1125 969 beat;
1142 909 1171 958 et
1184 901 1301 958 interim
1322 918 1375 975 per
1393 902 1492 957 sibilos
1507 916 1656 956 aereorum
1677 900 1844 973 spirituum,
1869 906 1899 956 et

143 998 268 1069 amplius
290 995 425 1051 accedere
450 1010 508 1049 uon
531 992 683 1064 permittit,
707 1009 799 1064 usque
821 992 890 1048 dnm
911 1008 990 1048 cres·
1045 989 1194 1062 emagicis
1210 990 1292 1046 tacite
1313 989 1379 1045 loedi
1400 1005 1459 1045 non
1479 989 1593 1061 poterit.
1610 990 1723 1044 Etcum
1737 988 1898 1044 comederit

142 1092 218 1141 caut.
235 1086 266 1140 lit
287 1084 377 1140 Adam
403 1087 432 1138 et
452 1084 509 1138 Eva
531 1097 588 1136 non
602 1080 832 1135 vociferabantur
851 1078 881 1135 in
903 1080 990 1152 plan·
1044 1084 1095 1135 aut
1107 1078 1222 1151 biberit,
1238 1078 1315 1135 idem
1337 1082 1424 1150 ceput
1435 1078 1517 1149 iuxta
1538 1078 1635 1133 cibum
1650 1082 1679 1132 et
1692 1083 1793 1148 potum
1807 1094 1896 1132 suum

142 1180 202 1240 ctu,
233 1179 390 1245 eumquam
414 1172 490 1227 ullus
512 1170 601 1225 bomo
631 1175 814 1238 nasceretur3
839 1169 887 1224 sed
911 1175 988 1240 post·
1043 1171 1150 1231 teneat,
1166 1167 1388 1223 etsireneuum
1404 1165 1487 1222 ineis
1503 1171 1555 1229 est,
1572 1166 1602 1220 in
1620 1182 1686 1221 vase
1706 1166 1736 1220 in
1756 1182 1812 1237 quo
1827 1172 1897 1221 sunt

141 1278 229 1334 quam
247 1262 357 1333 primus
380 1260 474 1314 iulans
498 1264 583 1313 natus
601 1266 655 1325 est,
671 1258 719 1313 ille
733 1258 829 1313 statim
846 1257 989 1329 usquead
1044 1260 1204 1322 moventur,
1228 1260 1258 1311 ct
1277 1255 1364 1311 etiem
1390 1271 1436 1309 vas
1455 1254 1485 1309 in
1501 1270 1558 1326 quo
1574 1269 1716 1309 venenum
1734 1259 1777 1308 est
1797 1254 1894 1323 sudat,

142 1349 490 1407 multornmeltitudiuem
501 1347 709 1401 elementorum
718 1345 898 1405 vociferando
908 1346 990 1419 plau·
1044 1349 1072 1397 et
1100 1343 1153 1398 boc
1187 1346 1272 1399 modo
1306 1342 1400 1399 notari
1433 1348 1537 1414 potest.
1564 1342 1647 1407 Quod
1678 1342 1702 1397 si
1732 1344 1819 1397 bomo
1845 1360 1894 1396 ve·

141 1434 393 1511 guutlplauxit?]‚
417 1452 505 1508 quam
527 1452 626 1491 vocem
651 1435 919 1506 velutincognitam
937 1453 989 1493 an-
1044 1448 1151 1487 nenum
1178 1430 1338 1487 comederit
1372 1437 1423 1485 aut
1458 1430 1575 1497 biberit,
1604 1429 1680 1485 idem
1713 1437 1800 1503 caput
1827 1448 1894 1486 cari·

140 1528 223 1583 diens
236 1526 329 1589 Adam
351 1525 474 1580 accurrit
493 1529 522 1579 et
534 1525 634 1581 eadem
657 1539 727 1579 soce
746 1525 879 1596 planctus
900 1524 988 1595 hujus
1042 1520 1088 1575 dre
1102 1520 1194 1577 leonis
1209 1520 1239 1579 iu
1254 1520 1379 1577 calidum
1395 1520 1494 1575 vinum
1515 1534 1568 1590 per
1586 1519 1702 1575 brevem
1722 1521 1824 1577 boram
1841 1538 1893 1591 po-

139 1616 247 1681 endita,
261 1614 366 1685 etipse
381 1612 469 1667 simili
488 1611 574 1666 modo
591 1617 658 1667 tuuc
671 1612 799 1683 primum
815 1611 988 1667 roeilcrebe·
1008 1578 1102 1677 Bnet,
1118 1615 1148 1665 st
1170 1608 1269 1665 duum
1292 1609 1361 1665 illuc
1385 1607 1510 1663 calidum
1526 1606 1616 1675 bibat,
1633 1612 1662 1662 et
1684 1607 1782 1663 statim
1804 1624 1893 1663 seue-

138 1709 195 1771 tur,
208 1708 237 1759 et
261 1704 316 1758 live
337 1702 423 1757 simut
443 1716 509 1755 cum
525 1716 570 1767 eo,
586 1700 662 1755 sicut
686 1704 715 1756 et
737 1700 784 1757 leo
800 1706 830 1754 et
853 1701 945 1756 lemna
959 1705 988 1756 ei
1042 1698 1204 1769 numaquou
1219 1696 1343 1769 sumpsit
1357 1712 1423 1755 cum
1436 1696 1597 1768 digestione
1608 1712 1661 1768 per
1670 1712 1737 1751 eum
1748 1696 1891 1753 transibit.

138 1797 261 1861 catulus,
275 1794 364 1850 simol
387 1793 506 1864 rugiunt
532 1809 597 1848 cum
619 1793 841 1850 exsuscitantur.
865 1795 898 1849 ιιι
925 1795 987 1866 pel·
1043 1786 1077 1839 Et
1102 1786 1188 1841 homo
1208 1786 1349 1857 chalyben
1371 1784 1403 1841 iu
1424 1783 1565 1856 sanguiue
1588 1784 1682 1840 leonis
1702 1784 1838 1855 intingat,
1865 1792 1893 1839 et

138 1886 196 1941 lem
213 1883 422 1940 leonisacollo
435 1897 487 1953 per
507 1886 594 1953 caput
606 1888 636 1937 et
648 1882 784 1939 verticem
799 1883 861 1953 ejus
875 1883 986 1938 abstra·
1041 1872 1319 1941 f⁰rti⁵td10tfflms
1348 1878 1377 1929 ²2
1405 1872 1441 1929 ld
1468 1873 1524 1929 ³¹5⁸
1545 1872 1683 1945 ‘ltffllibet
1715 1872 1747 1929 1¹¹
1770 1872 1889 1929 Μῑθῦῑῑῑ

138 1974 184 2037 be,
200 1977 230 2027 et
246 1988 310 2028 eam
334 1986 424 2039 serra,
440 1975 470 2025 et
483 1976 552 2025 tuuc
567 1970 591 2024 si
605 1970 710 2041 aliqreis
724 1971 814 2026 bomo
834 1970 870 2025 ab
889 1970 987 2042 aliqua
1042 1960 1098 2016 erit
1123 1961 1199 2018 Md·
1211 1960 1268 2032 ed]

138 2060 304 2117 infirmitate
324 2059 355 2113 iu
372 2058 465 2130 capite
480 2058 673 2128 vironsinnigt
691 2062 744 2123 est,
760 2058 853 2128 ipsam
868 2058 986 2129 pellicu-
1076 2050 1185 2107 Caetera
1204 2066 1269 2123 ques
1294 2050 1325 2106 in
1355 2066 1390 2105 eo
1422 2054 1499 2118 sunt,
1520 2048 1671 2105 medicina
1694 2065 1755 2105 uon
1781 2064 1887 2107 conve·

137 2148 194 2201 lam
221 2160 309 2215 super
328 2146 416 2214 caput
437 2142 524 2209 illius,
556 2142 592 2198 de
615 2144 690 2214 pelle
709 2144 759 2199 illa
781 2144 987 2212 incalescebat
1040 2139 1191 2211 niuntltl.

137 2231 186 2284 ille
201 2244 301 2285 sensus
317 2232 445 2301 recipiet.
463 2230 557 2302 thui
573 2230 609 2287 de
631 2231 691 2286 ulla
705 2232 761 2286 ulia
774 2231 942 2288 infirmitate
955 2234 986 2288 in
1165 2229 1229 2283 Cae.
1250 2227 1293 2282 lv.
1314 2258 1347 2267 -
1367 2228 1407 2283 ltu
1435 2229 1507 2283 Urso
1527 2228 1566 2299 (3)
1587 2226 1645 2299 llll,
1666 2244 1707 2296 nr,
1725 2228 1763 2299 til.

136 2316 228 2387 capite
243 2314 332 2380 dolet,
348 2317 480 2372 eamdem
495 2316 660 2388 pelliculam
678 2316 886 2387 capitisleonis
899 2317 986 2389 capiti
1076 2316 1165 2372 Ursus
1187 2317 1311 2373 calorem
1334 2315 1394 2372 tere
1417 2316 1501 2373 habet
1524 2323 1555 2371 ut
1575 2318 1670 2381 bomo,
1691 2316 1731 2371 ita
1746 2316 1823 2389 quod
1844 2316 1891 2372 in-

137 2422 190 2460 sno
205 2408 383 2476 superponat
405 2405 475 2461 dum
494 2409 581 2477 ceput
603 2420 687 2460 suum
711 2404 747 2460 ab
765 2420 800 2461 eo
822 2404 984 2474 incalescat,
1040 2405 1153 2461 terdum
1177 2404 1311 2476 frigidus.
1335 2404 1370 2475 (t)
1397 2404 1487 2461 Etiam
1513 2422 1578 2460 curn
1597 2405 1706 2459 calidus
1727 2409 1780 2472 est,
1802 2405 1890 2460 ultam

136 2499 245 2547 etmox
259 2492 380 2560 auferat,
395 2508 525 2547 neceam
547 2493 671 2563 desuper
684 2492 795 2548 diutius
804 2493 900 2564 jacere
915 2509 985 2564 per·
1040 2509 1138 2549 vocem
1161 2494 1249 2549 habet
1269 2498 1298 2548 et
1314 2493 1438 2549 blandus
1454 2498 1507 2549 est.
1530 2494 1586 2549 Sed
1607 2509 1673 2549 cum
1690 2492 1811 2565 frigidus
1835 2499 1888 2561 est,

137 2581 232 2637 mittat
254 2596 291 2637 uc
315 2580 382 2637 iude
410 2581 541 2650 laedatur,
564 2582 633 2653 (piria
656 2580 737 2637 fortis
756 2586 810 2645 est,
833 2586 863 2637 et
881 2582 985 2636 melius
1039 2598 1222 2653 suppressam
1246 2587 1451 2651 recenseret,
1478 2588 1506 2637 et
1527 2582 1680 2637 iracundus
1701 2587 1753 2649 est,
1770 2581 1838 2653 quia
1858 2582 1889 2636 ιιι

137 2669 320 2726 habebitne
344 2670 457 2741 relique
477 2676 574 2725 autem
597 2672 663 2724 cute
681 2669 743 2740 ejus
762 2684 815 2723 uec
835 2668 984 2741 cingulum
1039 2670 1160 2727 libidine
1180 2669 1302 2726 blandos
1315 2686 1410 2725 mores
1427 2670 1514 2725 babet
1536 2686 1589 2727 uec
1601 2670 1724 2726 faciliter
1738 2671 1887 2738 irescrtur;

135 2772 189 2813 uec
217 2762 362 2829 cyrotecas
391 2758 488 2826 iacies,
524 2774 577 2813 nec
602 2758 752 2825 sotulares,
779 2773 834 2813 nee
856 2758 934 2829 apud
956 2763 983 2813 te
1039 2758 1089 2831 qui
1111 2764 1207 2813 autern
1229 2758 1381 2814 elibidine
1405 2759 1585 2814 continentes
1604 2759 1738 2822 existunt,
1757 2758 1888 2815 iracundi

136 2846 261 2917 desuper
283 2850 390 2917 portes,
412 2847 482 2919 quia
502 2846 641 2902 tortitudo
664 2845 727 2917 ejus
749 2846 841 2918 magis
867 2846 984 2903 laederet
1002 2866 1024 2923 g
1040 2852 1115 2903 sunt.
1135 2848 1205 2903 Nam
1229 2863 1296 2903 cum
1316 2847 1393 2903 Deus
1420 2846 1568 2904 hominem
1593 2852 1713 2913 crearet,
1731 2863 1799 2903 eum
1821 2847 1889 2902 lecit

136 2950 224 3006 quam
235 2934 357 3005 juraret.
1037 2936 1068 2991 in
1090 2934 1311 3007 compaginibus
1325 2939 1354 2990 et
1375 2934 1610 2992 indivisionibus
1633 2940 1661 2990 et
1681 2935 1711 2991 in
1734 2951 1820 2991 cursu
1842 2952 1889 2991 se-

171 3021 253 3087 Quod
274 3021 299 3076 si
314 3022 402 3077 etiam
417 3020 522 3093 aliquis
540 3021 629 3077 homo
644 3022 748 3079 surdus
763 3026 816 3089 est,
838 3022 982 3078 dexteram
1039 3039 1141 3080 narum
1156 3040 1189 3079 ec
1201 3024 1231 3079 in
1247 3024 1381 3079 omuibus
1402 3024 1562 3093 itineribus,
1579 3040 1644 3095 quae
1661 3022 1758 3081 anime
1778 3024 1810 3079 in
1823 3040 1887 3079 cor·

136 3125 236 3165 aurem
251 3109 343 3165 leonis
361 3109 487 3179 abscide,
503 3115 534 3164 et
553 3110 626 3165 elius
648 3109 736 3165 bomo
752 3126 816 3165 eam
832 3110 862 3165 in
883 3126 984 3166 aurem
1037 3127 1108 3183 pore
1123 3112 1220 3167 babet.
1245 3110 1300 3167 Sed
1315 3111 1396 3183 prius
1413 3111 1543 3167 volucres
1559 3117 1586 3167 et
1609 3110 1701 3183 pisces
1725 3116 1754 3167 et
1773 3111 1887 3167 anima-

134 3197 213 3253 illius
227 3196 306 3252 surdi
324 3197 451 3253 bominis
465 3203 523 3252 tem
546 3198 595 3253 diu
613 3201 711 3268 ponat,
730 3197 799 3253 dum
815 3197 893 3252 auris
906 3196 984 3252 illius
1037 3199 1075 3255 lia
1089 3200 1204 3267 feceret,
1221 3215 1287 3271 que
1309 3198 1407 3254 omnia
1418 3198 1505 3253 nicbil
1520 3205 1637 3271 operata
1651 3204 1719 3254 sunt
1730 3204 1886 3272 antequem

135 3285 172 3339 ab
191 3301 261 3340 aure
286 3285 379 3338 teonis
397 3284 518 3339 interius
541 3284 703 3353 incalescet,
730 3290 759 3340 et
780 3302 839 3340 uon
865 3286 982 3353 diutius,
1037 3288 1125 3342 homo
1135 3293 1312 3359 operaretur.
1328 3287 1382 3344 Sed
1392 3287 1604 3359 exspectabant,
1619 3288 1695 3359 quod
1710 3304 1783 3359 opus
1796 3288 1887 3343 bomo

135 3379 163 3428 et
181 3374 227 3430 dic
243 3390 250 3429 :
267 3394 282 3423 ιι
297 3373 372 3428 Audi
387 3372 534 3429 adimacus
542 3389 595 3445 per
609 3373 753 3429 virentem
766 3376 857 3431 Deum
873 3381 902 3430 et
916 3390 983 3431 acu·
1037 3377 1164 3448 primum
1179 3375 1331 3449 inciperet.
1348 3376 1381 3431 m
1389 3381 1541 3448 postquam
1557 3373 1646 3431 homo
1659 3390 1780 3447 pomum
1794 3391 1887 3431 οοιιιε-

134 3480 202 3519 men
218 3463 331 3519 uirtutis
351 3463 467 3519 auditus
488 3463 596 3530 leonis;
613 3483 628 3513 s
649 3471 679 3518 et
695 3464 750 3518 boc
767 3480 844 3535 saepe
863 3463 907 3519 fac
931 3465 982 3536 (l),
1037 3465 1089 3533 dit,
1105 3469 1135 3519 et
1148 3464 1178 3519 iu
1193 3464 1327 3535 angustis
1351 3463 1476 3532 sudavit,
1492 3463 1608 3535 sanguis
1623 3464 1685 3534 ejus
1699 3462 1730 3518 in
1753 3469 1884 3519 naturam

134 3557 164 3607 ct
184 3553 233 3607 ille
253 3550 385 3608 auditum
408 3550 536 3623 recipiet
563 3552 598 3606 Et
621 3551 672 3623 qui
694 3553 799 3625 stultus
821 3558 874 3621 est,
897 3552 925 3607 id
941 3560 984 3608 est
1037 3553 1162 3609 bominis
1182 3557 1215 3609 ut
1237 3568 1314 3609 nuuc
1337 3558 1380 3609 est
1399 3568 1497 3607 versus
1519 3556 1561 3607 est
1582 3558 1669 3625 atque
1690 3551 1789 3606 omnia
1802 3557 1885 3607 crete-

133 3642 296 3708 seurrws‘estg
311 3645 363 3709 est,
379 3640 456 3696 idem
475 3655 524 3695 cor
548 3640 639 3695 leonis
662 3641 835 3697 exsiccatum
849 3641 885 3696 ad
909 3657 982 3712 prse-
1037 3659 1069 3696 ra
1096 3641 1233 3697 animalia
1255 3640 1286 3695 in
1320 3646 1437 3696 naturas
1470 3655 1535 3695 snae
1550 3656 1633 3695 versa
1656 3648 1733 3695 suut.
1764 3640 1797 3695 Bt
1821 3639 1886 3695 ideo

134 3727 264 3783 cordium
287 3744 339 3799 per
361 3728 476 3783 brevem
508 3726 609 3782 boram
636 3732 735 3799 ponat,
761 3729 869 3783 scilicet
891 3744 982 3801 usque
1038 3746 1120 3785 orsus
1136 3729 1322 3785 dilectionem
1345 3728 1383 3784 ed
1405 3728 1556 3783 libidinem
1580 3744 1645 3783 com
1670 3726 1822 3784 dilectione
1837 3730 1884 3797 (ὅ).

134 3816 202 3871 dum
218 3816 302 3872 abeo
316 3816 356 3872 ibi
378 3820 491 3871 tantum
505 3815 666 3884 incalescat,
683 3816 751 3888 quia
773 3816 797 3870 si
819 3817 928 3872 diutius
942 3816 982 3872 ibi
1037 3818 1109 3873 Cum
1129 3825 1226 3872 autem
1247 3818 1334 3872 homo
1362 3817 1390 3871 in
1419 3816 1537 3873 libidine
1559 3822 1610 3872 aut
1632 3816 1662 3871 iu
1691 3816 1804 3871 lascivia
1831 3824 1885 3885 eet,

130 3906 225 3974 jacere
248 3905 423 3977 permiserit,
447 3906 484 3960 de
507 3904 677 3985 fortitudine
696 3904 774 3960 illius
790 3905 982 3961 velutunss'n·
1036 3906 1281 3982 quemadmodum
1301 3922 1361 3961 uon
1384 3910 1436 3975 est,
1453 3921 1617 3962 ursuseum
1643 3907 1703 3962 tere
1723 3922 1776 3977 per
1794 3906 1881 3961 dimi·
1988 3964 1989 3973 ,

133 3996 200 4061 einp
222 3991 373 4061 efficietur,
398 3999 427 4048 et
447 3992 488 4047 sic
512 4008 567 4064 per
589 3993 705 4063 longam
728 3993 830 4049 boram
856 3993 982 4065 prudens
1036 3995 1115 4050 dium
1134 3994 1247 4049 miliare
1263 3993 1408 4061 odoratur,
1431 3998 1460 4049 et
1487 3994 1603 4050 adeum
1624 4000 1753 4047 curreret
1774 3993 1798 4047 si
1817 4009 1884 4064 pos·
1988 4036 1989 4047 .

134 4081 197 4135 erit.
222 4082 256 4137 Et
284 4080 398 4148 mulier,
421 4096 485 4152 quas
508 4081 538 4135 iu
556 4081 726 4138 diillcuttate
748 4088 849 4152 partus
872 4086 926 4148 est,
940 4081 982 4136 ita
1036 4088 1088 4150 set,
1116 4098 1198 4137 ursus
1219 4082 1328 4138 scilicet
1351 4082 1387 4138 ad
1411 4083 1559 4138 mulierem
1584 4087 1612 4137 et
1635 4097 1700 4136 ursa
1723 4081 1755 4135 ad
1779 4081 1884 4149 virum,

134 4170 212 4240 quod
230 4184 332 4240 parere
351 4184 409 4223 non
423 4172 589 4239 potest,cor
602 4169 695 4223 leonis
710 4184 797 4239 super
811 4168 979 4224 umbilicum
1000 4159 1067 4227 1Jet
1084 4188 1149 4227 cum
1170 4170 1275 4245 illisio
1298 4170 1375 4226 coitu
1399 4171 1663 4227 commiscerentur.
1679 4169 1760 4235 Quod
1788 4171 1812 4223 si
1830 4170 1886 4224 ho-

134 4272 219 4311 suom
235 4255 417 4329 perbrevem
438 4256 538 4311 boram
553 4261 582 4311 et
597 4274 655 4311 non
674 4271 728 4327 per
747 4256 865 4328 longam
880 4264 979 4328 ponet,
1035 4277 1083 4317 mo
1106 4266 1175 4315 tunc
1190 4260 1225 4315 ad
1251 4259 1503 4315 rationabilitatem
1523 4259 1662 4326 tenderet,
1679 4266 1707 4313 et
1721 4258 1746 4313 si
1767 4274 1825 4313 nou
1842 4276 1885 4315 se·

133 4346 270 4401 etinleus
283 4360 314 4401 se
336 4346 367 4401 in
381 4346 445 4417 ipsa
466 4345 556 4403 solvet
581 4352 610 4400 et
634 4347 691 4400 cito
711 4347 855 4417 procedet.
873 4346 928 4403 Sed
953 4353 981 4403 et
1035 4350 1160 4405 cundum
1185 4347 1380 4404 irrationabile
1404 4364 1490 4419 pecus
1503 4348 1620 4416 laceret,
1640 4363 1724 4403 tirsus
1743 4353 1793 4401 aut
1815 4362 1884 4402 ursa

129 4434 210 4506 jecor
231 4433 294 4506 ejus
317 4434 390 4489 sicca
411 4438 440 4490 et
463 4450 553 4503 serva,
572 4438 602 4489 et
615 4434 639 4488 si
662 4435 727 4506 quis
739 4441 882 4490 comestos
902 4436 980 4491 cibos
1033 4439 1128 4510 ipsum
1144 4436 1292 4493 homiuem
1306 4437 1503 4493 dilacerarent.

132 4523 262 4594 digerere
281 4537 342 4576 non
362 4526 466 4594 potest,
483 4521 560 4576 idem
574 4522 654 4593 jecor
673 4523 857 4593 perbrevem
878 4524 978 4579 boram
1069 4526 1124 4581 Sed
1138 4542 1204 4580 cum
1224 4542 1291 4580 ursa
1314 4525 1449 4596 concipit,
1473 4524 1515 4580 ita
1532 4524 1687 4595 impatiens
1708 4524 1739 4578 in
1764 4530 1882 4594 portum

133 4610 163 4665 iu
182 4625 287 4683 equam
302 4624 389 4681 pone,
406 4614 436 4665 et
450 4624 509 4665 uon
524 4610 586 4677 diu,
608 4626 645 4665 ue
667 4626 741 4682 aque
761 4611 811 4666 illa
824 4610 860 4666 de
874 4612 979 4667 virtute
1034 4618 1086 4682 est,
1102 4613 1178 4686 quod
1194 4615 1282 4669 etiam
1296 4629 1349 4687 per
1365 4612 1577 4685 impatientium
1592 4612 1708 4677 abortit,
1725 4616 1882 4683 numquam

132 4697 260 4769 ejusdem
278 4698 382 4769 jecoris
395 4696 482 4753 nimis
498 4697 579 4753 tortis
594 4697 746 4766 efficiatur,
764 4703 793 4755 et
805 4704 874 4754 tuuc
886 4699 979 4770 ipsam
1033 4703 1120 4758 catuli
1131 4703 1162 4757 in
1175 4702 1237 4774 ipsa
1252 4702 1288 4757 ed
1303 4702 1500 4757 maturitatem
1515 4700 1692 4774 perueniunt.
1713 4700 1767 4756 Sed
1784 4706 1883 4755 tamen

133 4802 238 4860 uquam
251 4786 295 4842 illi
309 4787 360 4860 qui
371 4787 500 4858 digerere
517 4802 577 4841 non
591 4792 694 4858 potest,
710 4787 745 4842 ad
757 4786 915 4843 bibendum
931 4787 978 4856 da,
1034 4790 1148 4846 vitalem
1171 4805 1267 4847 serem
1291 4790 1321 4847 in
1352 4793 1444 4845 matre
1466 4789 1619 4862 accipiunt,
1642 4788 1690 4843 sed
1714 4804 1744 4844 se
1770 4789 1800 4843 ιιι
1820 4789 1884 4859 ipsa

132 4876 267 4932 etstetim
287 4877 375 4944 eibos,
400 4875 477 4947 quod
490 4876 624 4943 comedit,
637 4876 752 4947 digerit.
777 4876 810 4932 Et
825 4892 874 4931 cor
887 4877 979 4932 leonis
1034 4894 1093 4933 uon
1116 4882 1240 4934 movent.
1258 4878 1292 4935 Et
1316 4892 1383 4933 cum
1402 4878 1477 4949 perit
1499 4879 1550 4946 (6),
1572 4876 1644 4932 illud
1668 4876 1746 4949 quod
1762 4876 1885 4931 ellondit
1988 4914 1989 4931 ι

132 4965 162 5018 in
176 4964 264 5019 domo
285 4969 335 5019 tua
351 4964 395 5017 sel
409 4964 440 5018 in
455 4978 629 5035 quocunqne
649 4963 711 5018 loco
726 4964 850 5019 volueris
868 4963 910 5019 ibi
933 4980 979 5019 se·
1034 4964 1113 5020 velut
1131 4980 1198 5020 caro
1214 4970 1257 5020 est
1280 4982 1333 5021 uec
1348 4970 1489 5034 moretur,
1504 4964 1636 5037 quamvis
1651 4964 1766 5018 vitatem
1783 4979 1882 5017 aerem

131 5052 202 5124 pell,
218 5057 247 5107 et
261 5067 349 5125 quam
363 5051 413 5107 diu
426 5051 467 5107 ibi
483 5052 628 5124 sepultum
640 5052 772 5124 jacuerit,
785 5052 912 5125 fulgure,
930 5053 978 5108 in·
1035 5051 1064 5105 in
1081 5066 1111 5105 se
1129 5051 1245 5118 babeat,
1269 5052 1319 5107 sed
1345 5057 1444 5107 tamen
1470 5050 1568 5107 omnia
1590 5050 1756 5106 liniamenta
1780 5051 1881 5106 formae

130 5139 233 5194 condia
248 5138 289 5194 ibi
308 5154 366 5195 nou
384 5136 500 5210 iacieut,
519 5156 572 5195 nec
591 5143 717 5195 tonitrua
742 5141 783 5197 ibi
806 5140 976 5212 percutient.
1033 5154 1091 5194 suae
1104 5139 1200 5195 hebet.
1223 5140 1256 5195 Et
1270 5146 1372 5207 mater,
1391 5140 1445 5195 lruc
1461 5140 1569 5210 ridens,
1583 5139 1650 5195 inde
1666 5139 1753 5209 dolet,
1769 5144 1797 5195 et
1809 5140 1884 5197 illud

166 5265 201 5332 (ι)
221 5264 257 5319 lit
268 5262 313 5318 dic
326 5291 360 5304 -
374 5269 445 5332 rape
460 5264 507 5331 (uc
521 5278 579 5317 om.
596 5265 641 5320 ed.
1033 5266 1224 5322 succedendum
1239 5260 1343 5320 desunt
1357 5266 1387 5321 in
1402 5266 1449 5322 ed.

166 5336 202 5398 ιι)
221 5335 291 5389 Num
301 5334 464 5390 leo-nou
480 5337 639 5390 corrosos
653 5350 711 5391 om.
728 5334 774 5392 ed.
1069 5338 1106 5410 (5)
1129 5336 1262 5393 lleestali
1285 5337 1345 5393 uid.

166 5405 202 5471 (3)
225 5404 420 5459 Ursusorctos.
1069 5408 1250 5481 telettum
1298 5410 1345 5464 ist.
1360 5412 1419 5465 not.
1435 5422 1496 5477 rrrr,
1509 5408 1552 5464 bl.

167 5473 208 5543 (ιι
225 5470 294 5536 Oura
323 5477 484 5545 seqountur
510 5491 601 5549 usque
630 5476 665 5532 ad
696 5477 732 5535 m
757 5492 821 5536 coro
852 5478 915 5536 Ursi
939 5478 978 5534 od
