3984 6034
723 264 912 322 nulsione.
926 295 960 304 —
974 263 1083 321 EPlb'T.
1105 265 1177 320 cxi.
1773 267 1825 320 370

343 393 511 450 aristosa
530 393 657 450 ntlltx.
940 393 1058 462 lactis,
1083 400 1115 449 iit
1134 394 1305 466 pradictum
1331 400 1390 462 est;
1409 395 1438 450 iu
1463 395 1661 452 benedictione
1687 395 1822 462 Abrahae,

148 516 335 557 aouicsoiuii
356 515 580 557 aeeeeicarisiuii
598 516 633 555 in
653 516 852 558 erinaciincii.
978 484 1026 538 ¹¹¹¹
1040 484 1135 539 iiim
1150 487 1177 538 ²⁰
1192 483 1346 540 hifledissil·

185 603 582 678 Ulqioeineiscerripenda
593 605 817 664 mntaoncetel.
1274 607 1438 665 aristoni
1460 609 1532 666 CXL.

107 713 282 768 iliensoaaui
294 711 419 766 dominas
434 726 522 783 quam
537 711 591 766 sibi
615 713 703 783 elegit
722 713 752 766 iii
773 713 923 780 famulam,
1086 729 1114 770 a.
1133 729 1236 770 aaronis
1255 731 1289 770 us
1308 731 1442 770 currenni
1462 731 1497 770 iu
1516 732 1716 772 nimroianrii.

69 807 98 856 et
110 801 312 872 plurimorum
333 805 507 856 secretorum
531 816 650 856 snorum
675 801 830 870 consciam,
850 819 923 874 pau·
976 821 1119 888 Quomodo
1138 821 1300 894 ,ommam
1318 821 1350 876 ξπ
1370 837 1422 878 Μ
1445 823 1619 879 mmmm
1636 821 1825 896 &cippum

68 905 121 961 per
149 905 221 961 grex
249 889 372 944 fratrum
386 888 417 944 in
436 888 586 944 liberbecli
601 889 632 944 in
657 906 779 945 numero
796 892 923 962 pruden-
1260 911 1377 967 „apem
1391 927 1541 984 reparare·

68 979 145 1033 tium
158 978 306 1050 virginum
321 993 387 1032 cnm
400 993 466 1032 sera
481 979 601 1032 lucerna
615 977 763 1033 eterdcnti
776 976 922 1049 lampade,

65 1083 134 1122 cum
162 1067 295 1123 fidelium
333 1066 497 1122 animarum
529 1071 559 1120 et
586 1081 780 1138 supernorum
816 1065 923 1122 cisium

65 1157 185 1227 Sponsa
199 1155 322 1210 feliciter
335 1155 456 1210 introire
470 1155 507 1210 ad
517 1156 643 1228 nuptias.

1015 1017 1145 1072 llominas
1168 1033 1227 1074 suas
1245 1016 1281 1072 de
1302 1017 1329 1074 S.
1356 1019 1483 1089 liuperto
1508 1017 1701 1075 dilectissimas
1726 1021 1824 1074 iliens-

975 1123 1070 1174 caaui,
1110 1105 1201 1162 sancti
1240 1107 1364 1179 Spiritus
1403 1107 1614 1164 cohabitatione
1647 1108 1824 1163 reverendis-

99 1245 228 1316 Spiritus
249 1242 362 1298 Domini
377 1259 451 1315 quos
472 1244 561 1315 elegit
582 1244 637 1299 sibi
657 1249 687 1298 et
705 1242 921 1316 pradestinavit
975 1195 1067 1263 ’Μ’
1093 1197 1125 1250 N'
1151 1195 1230 1265 prim·
1253 1195 1288 1250 de
1308 1195 1438 1251 ΝΜ
1460 1211 1526 1250 ⁰⁰⁰¹
1548 1195 1659 1251 cmm
1688 1196 1826 1252 ‘mnibus'

64 1349 222 1404 nunquam
246 1331 385 1401 demit,
409 1333 458 1389 ,gd
482 1333 640 1405 cognatum
665 1333 796 1406 ipsorum
816 1334 847 1391 iu
869 1349 923 1405 pa·
975 1283 1193 1382 suis31quorum
1217 1284 1293 1339 Deus
1317 1283 1435 1339 nomine
1453 1285 1543 1352 novit,
1568 1285 1671 1340 debitae
1687 1285 1825 1340 credonis

901 1421 907 1434 .
976 1371 1193 1428 exhibitionem.

63 1427 151 1476 lefflfl
169 1420 393 1476 m²fl³⁰⁶¹⁰di¹¹⁰
408 1421 566 1522 'enfftfi'ffti
590 1420 631 1476 Μ
651 1421 838 1478 ’Μ’ΜΜ
860 1437 922 1477 ⁸¹¹¹'
1011 1459 1042 1516 Si
1063 1460 1136 1516 bene
1157 1460 1258 1516 valetis
1286 1466 1315 1514 et
1339 1461 1485 1533 prosperis
1504 1459 1680 1519 successibus
1702 1462 1739 1520 ad
1760 1466 1825 1518 vote

62 1525 146 1565 mm
162 1510 318 1565 ‘libem
340 1511 429 1581 ‘³¹⁸8't
451 1511 505 1564 ⁸¹b¹
529 1525 561 1564 ¹⁰
582 1525 723 1581 ΨΜ
744 1514 774 1565 ⁰²
794 1526 843 1564 '⁸⁸
863 1510 922 1566 ‘¹⁰'
974 1549 1107 1620 polletis,
1140 1547 1194 1604 boc
1232 1547 1406 1603 omnimodis
1439 1554 1645 1622 exspectamus.
1682 1549 1823 1607 Caeterum

63 1599 175 1654 “mh
210 1614 288 1652 Μ’
323 1598 433 1698 Βμῗαῗ
467 1598 595 1667 ‘mmm’
630 1617 647 1652 ⁰
648 1598 747 1696 ''edis'’
783 1598 922 1699 ΜΨ,
976 1635 1045 1709 quie
1078 1637 1196 1710 abyssus
1229 1637 1439 1709 desperationis
1459 1639 1490 1693 iu
1515 1640 1677 1710 reparanda
1700 1639 1824 1695 caenobii

64 1690 209 1742 mmm
238 1687 431 1742 mmmmm
454 1691 563 1754 νοω*
584 1701 654 1759 ΨΜ
676 1691 780 1742 'enm
807 1687 1066 1781 1”mnnssnostri
1099 1724 1239 1797 reiigione
1273 1725 1386 1781 vallavit
1419 1743 1480 1790 nos,
1508 1731 1536 1781 et
1561 1729 1682 1799 pelagus
1708 1727 1823 1783 irratio·

67 1791 121 1845 per
135 1789 188 1829 vos
202 1774 342 1846 loquitur.
357 1775 577 1831 admonitiones
599 1776 677 1830 enim
700 1780 807 1830 vestras
828 1775 920 1831 liberi·
1035 1813 1063 1826 ..
1112 1814 1118 1826 .
1181 1815 1187 1827 .
1381 1814 1388 1826 .
1485 1816 1489 1826 .
1748 1815 1776 1828 ..

67 1869 113 1918 ter
138 1862 328 1934 percipimus,
352 1879 562 1935 precamurque
586 1864 690 1919 humili
719 1863 860 1936 petitione
884 1880 921 1920 ne
975 1814 1225 1914 nummu-selus
1253 1819 1402 1914 ⁰⁰⁰pe¹7¹¹t
1429 1821 1522 1888 “pm
1547 1821 1654 1884 'lom'
1674 1815 1824 1916 hufmhm

66 1951 193 2024 quodie
209 1950 292 2006 nohis
310 1952 516 2023 corrigendum
541 1957 585 2007 est
611 1968 664 2007 nos
683 1952 793 2020 celetis,
815 1953 865 2008 sed
889 1956 922 2008 ut
975 1907 1004 2004 οξ
1013 1903 1200 2004 ..ΜΡΡΙῙΫΜ
1223 1907 1290 2004 ΨΘ
1314 1903 1414 1958 ΜΘΗ]
1442 1910 1565 2004 vefmm
1584 1910 1731 2005 pf⁰⁸²¹³t¹’
1755 1921 1823 2004 Ψ

975 1994 1032 2047 silii
1058 1999 1145 2047 vestri
1167 1992 1302 2047 solatium
1325 2007 1492 2048 cumomni
1519 1994 1671 2048 devotione
1693 2010 1821 2065 exposci-

68 2041 210 2138 D.⁰m¹⁰⁰.
229 2055 281 2138 Ψ
310 2039 392 2139 *Pbff'
421 2040 514 2095 mum
541 2045 652 2142 ΜΨ
672 2047 781 2096 ‘mm
803 2041 920 2142 ⁹¹⁸⁰&ss
973 2095 1049 2136 mus.
1064 2080 1218 2152 Speremus
1233 2078 1310 2134 enim
1326 2080 1404 2152 quod
1419 2079 1520 2135 vestris
1543 2080 1724 2136 orationibus
1745 2080 1822 2153 apud

69 2133 116 2194 Μ’
143 2129 227 2228 ΜΨ
247 2128 290 2228 ,ις
320 2143 469 2228 Μ’ΨΜ
493 2129 641 2228 mmm
661 2130 789 2201 A⁰⁸⁰l⁰⁸
808 2131 920 2187 ⁰⁰⁰⁸¹¹¹¹
973 2167 1129 2224 Dominum
1152 2167 1282 2223 obtinere
1308 2165 1433 2239 possitis,
1456 2173 1599 2241 quatenus
1623 2185 1676 2240 per
1698 2169 1823 2241 Spiritus

68 2222 96 2270 οι
123 2217 312 2285 mmmmm*
343 2233 393 2315 qm
421 2232 536 2289 “mm
572 2234 648 2272 Μ’
678 2233 736 2317 ω’,
766 2222 811 2273 ⁰⁵²
846 2233 917 2273 ‘⁰¹¹‘
974 2257 1064 2312 sancti
1081 2257 1284 2312 revelationem
1307 2255 1405 2329 alique
1424 2257 1509 2312 nobis
1533 2258 1685 2330 profutura
1708 2257 1822 2312 denun-

65 2311 163 2360 ’θηρὶ
202 2310 232 2362 ⁶²
253 2305 398 2362 ⁰⁰⁸¹⁰d¹⁸²
440 2322 489 2361 *⁰⁸
521 2322 623 2362 ”mm
661 2312 691 2362 οἱ
730 2307 917 2362 mmmmm·
973 2345 1045 2400 tiara
1071 2344 1214 2412 debeatis,
1242 2345 1380 2417 quoniam
1405 2346 1597 2418 quorumdam
1622 2345 1744 2401 fratrum
1769 2362 1820 2400 uo·

65 2395 172 2449 Amen·
973 2439 1101 2488 atrorum
1133 2433 1351 2505 importunitate
1382 2435 1529 2490 multoties
1560 2450 1725 2507 mavemur.
1755 2435 1822 2491 Huc

259 2499 465 2556 RESPONSUM
486 2500 728 2557 fflfflffifflffls·
973 2522 1073 2578 omnia
1096 2536 1233 2594 rogemus
1256 2525 1379 2577 vestram
1404 2522 1594 2587 sanctitatem,
1619 2527 1650 2577 ut
1673 2522 1737 2594 styli
1761 2538 1821 2578 nou

70 2605 239 2662 uieeoeeai
248 2603 468 2688 mesaticitulem
482 2622 544 2686 qua
558 2604 589 2661 in
600 2605 656 2660 Dei
667 2605 919 2678 predestinatione
973 2610 1127 2682 dedignata
1166 2609 1364 2664 vicissitudine
1398 2610 1481 2666 nobis
1522 2610 1693 2666 rescribatis.
1726 2611 1820 2665 valete

248 2693 282 2732 *π
295 2692 371 2748 ‘W
386 2692 448 2734 Μ
459 2677 572 2733 ”ww
588 2677 740 2747 ‘'blm“-
972 2705 1002 2755 et
1016 2715 1068 2772 pro
1083 2698 1165 2754 nobis
1180 2698 1377 2770 peecatoribus
1392 2699 1525 2753 obnixius
1542 2699 1696 2755 Dominum
1711 2705 1818 2770 rogale.

99 2783 221 2855 llystica
247 2782 297 2838 Dei
311 2798 358 2836 ine
378 2782 473 2839 dicere
492 2783 596 2854 jubent
616 2783 679 2838 haea
701 2782 733 2837 in
757 2783 861 2837 umbra
875 2782 912 2837 vi·
1167 2821 1371 2878 RESPONSUM
1390 2822 1624 2878 fflfflmfflffls

66 2871 158 2927 sionis
173 2888 180 2925 :
196 2871 251 2926 Vos
271 2871 440 2927 ascendistis
460 2873 490 2926 iii
510 2877 640 2926 muntem
662 2871 744 2926 valde
763 2872 917 2940 excelsum,
1626 2861 1633 2878 ⁶

66 2965 93 3015 et
108 2961 141 3014 iii
159 2959 232 3014 valle
255 2960 383 3032 aspicere
403 2959 540 3015 voluistis.
567 2961 680 3015 luteres
700 2960 779 3015 valde
804 2965 916 3032 tempe·
936 2937 1076 3040 CAffm'l
1107 2953 1204 2993 ‘mm
1228 2936 1456 3038 wulfelm·
1479 2937 1667 3010 MTMWW
1689 2939 1720 2992 Μ
1743 2937 1817 2991 '0³5‘

65 3055 124 3104 stas
138 3049 317 3120 supervenit,
334 3048 382 3115 he,
398 3048 444 3116 he,
460 3049 630 3120 languorem
645 3047 696 3120 qui
708 3052 751 3103 est
764 3048 796 3102 in
809 3048 917 3103 lumbis
1333 3030 1457 3099 imam·

65 3137 181 3204 vestris,
199 3137 273 3192 sicul
294 3136 363 3192 dicit
384 3137 522 3207 probatus
542 3153 653 3205 servus,
675 3136 782 3191 scilicet
804 3136 914 3191 David:
1005 3143 1111 3198 Serena
1142 3141 1255 3198 claritas
1279 3142 1370 3198 dicit:
1397 3142 1561 3198 fortissima
1590 3142 1637 3197 lux
1661 3139 1818 3196 divinitatis

66 3226 199 3282 roiadie
207 3224 395 3280 contristetur
410 3224 605 3297 ingrediebar,
616 3223 917 3297 quoniumlumbimei
970 3233 1083 3304 integre
1098 3231 1150 3286 scit
1164 3237 1193 3287 et
1210 3232 1287 3285 novit
1306 3231 1412 3286 oinnia.
1436 3232 1504 3297 Quis
1524 3230 1616 3302 tangit
1642 3229 1816 3285 intellectum

62 3311 468 3387 unpktimulillttrionibtn‚
484 3312 916 3369 elnonetlsauitttst'ncame
969 3320 1068 3388 istum,
1091 3324 1142 3374 aul
1170 3319 1235 3391 quis
1263 3320 1484 3390 comprehendit
1513 3335 1590 3387 euni,
1617 3318 1672 3374 nisi
1691 3318 1739 3398 ille
1768 3318 1818 3389 qni

62 3419 126 3458 sico
158 3403 255 3470 (Paul.
285 3402 398 3472 xxxvii),
426 3409 456 3456 et
477 3402 542 3458 ideo
564 3403 640 3458 oculi
667 3404 752 3458 vestri
777 3403 918 3473 languent
970 3409 1046 3463 videt
1075 3407 1289 3478 insapphirino
1306 3407 1401 3477 oculo,
1424 3407 1500 3478 quod
1523 3408 1597 3462 Deus
1620 3409 1703 3463 Pater
1731 3422 1817 3476 super

64 3507 126 3562 prae
149 3491 260 3563 inopie.
285 3493 386 3548 Cavete
409 3507 478 3563 ergo
501 3507 538 3546 ne
560 3491 724 3546 felicitatem
748 3492 827 3546 illam
851 3507 915 3563 quie
969 3498 1067 3552 omnia
1104 3501 1162 3551 lani
1191 3496 1348 3551 immobilis
1376 3501 1418 3550 est
1444 3496 1473 3550 in
1499 3495 1610 3567 justitia
1650 3512 1710 3563 sua,
1739 3495 1817 3565 quod

61 3580 91 3634 iu
101 3579 358 3651 praedestinatione
374 3582 424 3638 uei
438 3581 469 3635 in
486 3580 566 3635 vobis
581 3598 642 3635 esse
656 3581 779 3649 videtur,
806 3587 916 3634 retror-
969 3586 1079 3640 nullam
1100 3583 1284 3654 iniquitatem
1313 3583 1435 3639 dimittit
1458 3583 1640 3653 indejectam,
1665 3583 1733 3655 quis
1755 3583 1817 3653 ipse

64 3687 130 3723 suni
153 3669 295 3740 abjiciatis
319 3686 371 3742 per
394 3670 574 3725 nimietatem
598 3670 741 3725 bellorum
764 3668 915 3724 temerita-
969 3673 1052 3728 illurn
1068 3672 1180 3743 tangit?
1208 3673 1241 3726 Et
1261 3673 1433 3728 DeusPater
1455 3671 1485 3727 iu
1509 3671 1662 3743 semetipso
1678 3673 1717 3725 ita
1739 3671 1816 3726 dele-

63 3759 108 3827 tis,
125 3759 199 3830 quia
214 3775 279 3813 euin
295 3759 371 3814 Deus
392 3758 495 3814 faciem
523 3759 611 3832 primi
626 3758 722 3830 angeli
738 3759 815 3813 celut
835 3758 916 3812 valde
968 3766 1061 3817 clatus
1087 3766 1139 3829 est,
1165 3761 1242 3830 quod
1276 3775 1393 3814 omnem
1423 3765 1583 3814 ereaturam
1617 3774 1669 3831 per
1698 3759 1815 3814 verbum

63 3847 230 3919 elegantem
254 3853 282 3902 et
302 3846 506 3903 fulminantem
534 3848 698 3918 lampadem
719 3847 842 3902 fecisset.
867 3845 916 3900 ille
969 3865 1054 3906 sirum
1075 3849 1182 3904 creavit
1197 3865 1204 3902 ε
1222 3848 1298 3904 uude
1319 3854 1349 3902 et
1369 3854 1500 3904 creatura
1523 3865 1575 3903 sue
1600 3848 1627 3902 ei
1649 3849 1767 3918 placuit,
1789 3851 1817 3900 et

63 3940 260 3991 temeritatem
277 3936 352 4003 iniit,
366 3937 443 3992 unde
458 3936 552 4008 gloria
566 3937 657 4007 ipsius
675 3938 704 3990 in
731 3935 794 4007 ipso
813 3934 916 4007 periit;
969 3945 1130 3994 ereaturam
1150 3937 1228 3992 illam
1244 3938 1423 4008 amplexatus
1443 3943 1497 4006 est,
1516 3953 1580 4008 qna
1605 3937 1700 4005 ipsum
1725 3939 1817 4005 tangit

63 4025 206 4095 qnoniam
233 4027 311 4079 nulla
339 4025 414 4080 bona
446 4026 628 4092 desideravit,
656 4026 814 4079 claritatem
838 4023 916 4078 illius
969 4028 1094 4082 emendo
1121 4042 1199 4086 eum.
1226 4026 1248 4081 ll
1284 4041 1390 4096 magne
1423 4024 1575 4080 delectatio
1597 4025 1683 4096 hujus
1705 4023 1812 4094 operis!

63 4114 95 4168 in
117 4115 177 4168 elia
204 4115 287 4168 vinea
313 4115 462 4187 plantavit.
491 4115 525 4170 Et
551 4114 620 4186 quia
649 4116 723 4169 lleus
750 4113 915 4168 societatem
970 4118 1045 4171 [leus
1071 4117 1154 4171 Pater
1176 4113 1332 4170 immobilis
1356 4118 1398 4170 est
1425 4113 1454 4168 in
1479 4112 1648 4169 rectitudine
1679 4129 1741 4182 sna,
1766 4114 1816 4167 sed

62 4219 131 4258 cum
154 4202 238 4257 malo'
256 4219 316 4258 uon
336 4203 433 4270 babet,
455 4203 602 4275 providete
625 4219 661 4257 ne
679 4202 808 4275 specialis
823 4203 915 4274 gratia
970 4202 1071 4275 iniquo
1087 4203 1178 4273 parcit
1192 4218 1244 4274 per
1260 4202 1362 4257 dilium
1381 4215 1465 4258 suum
1481 4203 1515 4258 ad
1537 4201 1696 4274 parendum
1716 4203 1815 4258 admn-

65 4291 115 4346 nei
140 4307 160 4344 e
180 4292 261 4346 vobis
283 4297 433 4347 moveatur
455 4294 486 4347 iri
508 4308 594 4363 opere
624 4291 735 4362 antiqui
765 4291 914 4362 serpentis,
933 4267 1058 4347 Dnitus.
1079 4292 1149 4346 Nem
1173 4290 1297 4346 Verbum
1319 4307 1404 4345 suum
1426 4306 1540 4345 ceruam
1561 4292 1667 4346 factum
1690 4290 1815 4360 inspicit,

63 4380 208 4451 quoniam
222 4380 271 4435 ille
287 4386 393 4452 gaudet
411 4381 441 4435 in
455 4380 621 4451 semetipso,
643 4387 672 4434 et
694 4379 784 4434 dicit:
808 4380 914 4433 Volun·
970 4385 999 4434 ot
1014 4381 1179 4435 recordetur
1195 4379 1271 4450 qnod
1289 4395 1342 4450 per
1363 4378 1486 4435 Verbum
1507 4395 1592 4434 suum
1614 4395 1716 4436 omues
1737 4395 1815 4434 crea·

63 4473 155 4522 tatem
188 4482 283 4522 meam
312 4467 430 4522 invenio
455 4483 520 4522 cum
551 4467 694 4522 discordia
725 4464 916 4537 inspirituali
969 4473 1043 4524 turae
1072 4468 1154 4523 factes
1178 4473 1255 4522 sunt.
1285 4466 1450 4523 Secundum
1480 4468 1557 4523 bunc
1587 4467 1703 4522 niodum
1728 4467 1815 4522 etiam

62 4557 185 4628 pupulo,
211 4562 239 4610 et
266 4558 295 4611 in
321 4562 416 4612 erecto
439 4556 514 4611 collo
536 4572 600 4610 eum
625 4557 666 4610 sis
687 4555 814 4610 ambulo.
836 4554 913 4619 Qua·
970 4556 1062 4612 sancti
1089 4558 1138 4613 ilai
1168 4556 1250 4610 illum
1283 4555 1313 4610 iu
1346 4555 1542 4611 admonitione
1564 4561 1687 4627 tangunt
1708 4553 1738 4608 in
1765 4570 1817 4609 sua

62 4649 186 4716 propter
207 4642 323 4700 diabolo
344 4645 478 4712 resistite,
503 4660 539 4699 iia
563 4645 660 4700 lumen
682 4642 818 4699 claritatis
840 4643 915 4698 deli-
969 4647 1135 4708 claracoce,
1151 4644 1237 4700 simili
1256 4643 1377 4700 candida
1403 4643 1479 4698 nube
1501 4645 1613 4699 volente
1636 4643 1716 4715 quasi
1740 4644 1815 4698 vola·

61 4733 120 4786 ciet
135 4731 228 4799 vobis,
244 4731 318 4786 sicut
332 4733 375 4787 illi
399 4738 518 4804 propter
539 4732 706 4803 superbiam
729 4748 809 4786 suem
835 4730 914 4785 ebla-
969 4734 1028 4790 tilis
1042 4749 1092 4789 aer
1108 4749 1201 4806 aqua.
1218 4732 1321 4788 Audite
1344 4747 1412 4802 ergo
1434 4733 1485 4804 qui
1500 4731 1652 4802 erumpitis
1668 4732 1697 4786 in
1719 4729 1815 4786 ‹crimi-

64 4827 127 4875 tum
151 4826 204 4874 cst.
228 4821 283 4886 Qui
306 4819 383 4875 enim
410 4820 554 4876 interdum
581 4820 728 4887 labuntur,
757 4820 913 4875 etiterum
971 4820 1056 4876 nibus
1072 4821 1184 4876 vestris.
1209 4821 1288 4877 llous
1307 4821 1423 4876 Domini
1443 4821 1547 4876 idcirco
1563 4819 1713 4886 vocamini,
1738 4819 1815 4890 quod

61 4912 198 4978 surgunt,
224 4922 284 4962 non
307 4909 446 4963 carebunt
468 4908 635 4963 haereditate
661 4908 761 4978 gratiae
787 4907 848 4972 liei,
865 4905 913 4960 sed
970 4909 1074 4964 filium
1092 4909 1142 4966 liei
1165 4909 1272 4964 imitari
1296 4909 1406 4964 debetis
1428 4924 1480 4980 per
1500 4907 1747 4963 conversationem
1770 4924 1817 4961 ve·

63 4997 91 5050 in
123 4995 244 5052 turbiue
283 4996 417 5051 vindictae
454 4996 503 5051 Dei
533 4996 734 5063 incurrentem
761 4999 790 5051 et
815 5002 915 5050 temen
969 5003 1069 5053 stram.
1098 4997 1192 5062 Quare
1226 5015 1294 5069 ergo
1329 5003 1459 5052 materna
1492 4997 1600 5052 viscera
1622 4996 1767 5052 charitatis
1788 5001 1817 5050 et

62 5085 169 5140 deinde
200 5085 356 5140 reedificat
388 5086 463 5140 Deus
487 5085 517 5140 in
540 5086 582 5140 eis
603 5085 848 5155 rediccmprimie
869 5083 914 5136 in·
969 5087 1147 5141 rectitudinis
1178 5085 1334 5158 negligitis,
1359 5085 1466 5141 similes
1495 5085 1649 5140 existentes
1677 5084 1733 5140 illis
1766 5084 1815 5155 qui

63 5174 218 5245 ereptionis
240 5173 373 5229 sacrificii
389 5173 503 5230 virtutis
532 5173 593 5229 Ilei.
621 5175 654 5228 lit
676 5172 740 5228 dico
760 5171 911 5242 vobisqui
970 5175 1001 5228 in
1016 5174 1301 5245 Orebcorpussunm
1319 5173 1433 5246 intlege
1454 5172 1639 5244 castigabant,
1663 5172 1816 5228 etiterum

63 5263 206 5332 plantatio
229 5263 279 5317 llei
305 5263 384 5330 ostis,
406 5279 495 5333 super
517 5264 614 5318 locum
642 5269 769 5316 vestrum
795 5259 916 5333 mystica
969 5262 1002 5318 in
1025 5262 1082 5317 alia
1113 5263 1157 5317 via
1178 5263 1329 5328 errabant,
1350 5260 1424 5318 sicut
1445 5261 1532 5316 etiarn
1560 5260 1604 5315 illi
1625 5263 1816 5333 speculatores

66 5351 114 5405 liei
139 5350 244 5405 dicniit
270 5351 361 5406 haee:
388 5352 541 5424 Nunquam
565 5350 668 5407 delebo
691 5355 729 5416 te,
756 5365 822 5404 cum
843 5350 915 5406 milii
970 5351 1080 5406 faciunt
1109 5351 1159 5423 qui
1184 5353 1214 5407 in
1245 5353 1302 5407 nlla
1325 5366 1392 5405 voca
1417 5349 1447 5404 in
1468 5349 1598 5404 custodia
1622 5356 1734 5419 sonent,
1767 5352 1817 5406 sed

66 5457 122 5494 nori
138 5440 252 5493 resistis
266 5440 296 5495 in
315 5439 406 5512 impie
419 5440 593 5509 temeritate,
609 5455 675 5511 quie
694 5455 753 5493 noii
772 5438 917 5494 desideret
970 5447 1068 5496 mmcn
1092 5440 1236 5496 ciuitatem
1259 5441 1289 5495 in
1313 5439 1423 5494 insidiis
1448 5437 1604 5510 periurant.
1626 5437 1702 5492 ldens
1726 5445 1817 5494 vestra

67 5527 157 5595 ablui,
185 5529 265 5582 velut
299 5529 387 5585 eliam
421 5528 548 5585 ostendit
584 5529 731 5584 temeritas
766 5527 914 5583 diabolicae
971 5529 1210 5600 estquasinubes
1225 5544 1291 5601 quta
1314 5532 1500 5598 tempestates
1521 5531 1627 5600 portat,
1652 5527 1737 5584 modo
1761 5527 1817 5582 ira-
