<?xml version="1.0" encoding="UTF-8"?>
<!DOCTYPE html PUBLIC "-//W3C//DTD XHTML 1.0 Transitional//EN"
    "http://www.w3.org/TR/xhtml1/DTD/xhtml1-transitional.dtd">
<html xmlns="http://www.w3.org/1999/xhtml" xml:lang="en" lang="en">
 <head>
  <title>
</title>
<meta http-equiv="Content-Type" content="text/html;charset=utf-8" />
  <meta name='ocr-system' content='tesseract 3.04.00' />
  <meta name='ocr-capabilities' content='ocr_page ocr_carea ocr_par ocr_line ocrx_word'/>
</head>
<body>
  <div class='ocr_page' id='page_1' title='image "./patrologiaecurs125unkngoog/patrologiaecurs125unkngoog_0067.png"; bbox 0 0 3984 6034; ppageno 0'>
   <div class='ocr_carea' id='block_1_1' title="bbox 159 147 1913 213">
    <p class='ocr_par' dir='ltr' id='par_1_1' title="bbox 159 147 1913 213">
     <span class='ocr_line' id='line_1_1' title="bbox 159 147 1913 213; baseline 0.004 -7"><span class='ocrx_word' id='word_1_1' title='bbox 159 152 213 206; x_wconf 74' lang='grc'><strong>125</strong></span> <span class='ocrx_word' id='word_1_2' title='bbox 899 149 989 208; x_wconf 80' lang='lat' dir='ltr'><strong>vlrn.</strong></span> <span class='ocrx_word' id='word_1_3' title='bbox 1000 183 1034 194; x_wconf 90' lang='lat'><strong>-·</strong></span> <span class='ocrx_word' id='word_1_4' title='bbox 1048 147 1112 210; x_wconf 63' lang='lat' dir='ltr'><strong>bloi</strong></span> <span class='ocrx_word' id='word_1_5' title='bbox 1128 151 1174 208; x_wconf 91' lang='grc'><strong>111.</strong></span> <span class='ocrx_word' id='word_1_6' title='bbox 1861 157 1913 213; x_wconf 78' lang='lat' dir='ltr'><strong>lto</strong></span> 
     </span>
    </p>
   </div>
   <div class='ocr_carea' id='block_1_2' title="bbox 122 281 1916 5139">
    <p class='ocr_par' dir='ltr' id='par_1_2' title="bbox 122 281 1916 5139">
     <span class='ocr_line' id='line_1_2' title="bbox 155 281 1916 359; baseline 0.002 -21"><span class='ocrx_word' id='word_1_7' title='bbox 155 297 285 355; x_wconf 87' lang='lat' dir='ltr'><strong>nequem</strong></span> <span class='ocrx_word' id='word_1_8' title='bbox 299 281 417 354; x_wconf 86' lang='lat' dir='ltr'><strong>spiritus</strong></span> <span class='ocrx_word' id='word_1_9' title='bbox 435 287 513 338; x_wconf 88' lang='lat' dir='ltr'><strong>totus</strong></span> <span class='ocrx_word' id='word_1_10' title='bbox 527 281 692 351; x_wconf 85' lang='lat' dir='ltr'><strong>intremuit,</strong></span> <span class='ocrx_word' id='word_1_11' title='bbox 718 297 750 338; x_wconf 89' lang='lat' dir='ltr'><strong>ac</strong></span> <span class='ocrx_word' id='word_1_12' title='bbox 765 287 861 340; x_wconf 74' lang='lat' dir='ltr'><strong>mutos</strong></span> <span class='ocrx_word' id='word_1_13' title='bbox 882 283 1011 340; x_wconf 88' lang='lat' dir='ltr'><strong>ululatus</strong></span> <span class='ocrx_word' id='word_1_14' title='bbox 1028 288 1053 340; x_wconf 85' lang='lat' dir='ltr'><strong>ll</strong></span> <span class='ocrx_word' id='word_1_15' title='bbox 1066 284 1112 339; x_wconf 90' lang='lat' dir='ltr'><strong>rio</strong></span> <span class='ocrx_word' id='word_1_16' title='bbox 1136 283 1264 339; x_wconf 87' lang='lat' dir='ltr'><strong>virorum</strong></span> <span class='ocrx_word' id='word_1_17' title='bbox 1287 299 1352 340; x_wconf 90' lang='lat' dir='ltr'><strong>eam</strong></span> <span class='ocrx_word' id='word_1_18' title='bbox 1373 283 1530 339; x_wconf 82' lang='lat' dir='ltr'><strong>locavimus</strong></span> <span class='ocrx_word' id='word_1_19' title='bbox 1547 300 1554 342; x_wconf 90' lang='lat'>:</span> <span class='ocrx_word' id='word_1_20' title='bbox 1577 289 1607 342; x_wconf 91' lang='lat' dir='ltr'><strong>et</strong></span> <span class='ocrx_word' id='word_1_21' title='bbox 1628 284 1764 358; x_wconf 72' lang='lat' dir='ltr'><strong>deinceps</strong></span> <span class='ocrx_word' id='word_1_22' title='bbox 1787 300 1841 342; x_wconf 90' lang='lat' dir='ltr'><strong>nec</strong></span> <span class='ocrx_word' id='word_1_23' title='bbox 1861 301 1916 359; x_wconf 91' lang='lat' dir='ltr'><strong>pro</strong></span> 
     </span>
     <span class='ocr_line' id='line_1_3' title="bbox 155 370 1915 446; baseline 0.003 -20"><span class='ocrx_word' id='word_1_24' title='bbox 155 387 226 426; x_wconf 91' lang='lat' dir='ltr'><strong>cum</strong></span> <span class='ocrx_word' id='word_1_25' title='bbox 258 371 382 427; x_wconf 77' lang='lat' dir='ltr'><strong>horridis</strong></span> <span class='ocrx_word' id='word_1_26' title='bbox 414 370 588 427; x_wconf 89' lang='lat' dir='ltr'><strong>clamoribus</strong></span> <span class='ocrx_word' id='word_1_27' title='bbox 619 372 756 443; x_wconf 79' lang='lat' dir='ltr'><strong>ejulando</strong></span> <span class='ocrx_word' id='word_1_28' title='bbox 792 371 898 441; x_wconf 82' lang='lat' dir='ltr'><strong>emisit,</strong></span> <span class='ocrx_word' id='word_1_29' title='bbox 930 374 1009 445; x_wconf 90' lang='lat' dir='ltr'><strong>quod</strong></span> <span class='ocrx_word' id='word_1_30' title='bbox 1061 373 1190 441; x_wconf 87' lang='lat' dir='ltr'><strong>horrore,</strong></span> <span class='ocrx_word' id='word_1_31' title='bbox 1209 389 1261 428; x_wconf 89' lang='lat' dir='ltr'><strong>nec</strong></span> <span class='ocrx_word' id='word_1_32' title='bbox 1275 389 1328 444; x_wconf 91' lang='lat' dir='ltr'><strong>pro</strong></span> <span class='ocrx_word' id='word_1_33' title='bbox 1351 373 1532 441; x_wconf 82' lang='lat' dir='ltr'><strong>contusione,</strong></span> <span class='ocrx_word' id='word_1_34' title='bbox 1557 389 1615 446; x_wconf 90' lang='lat' dir='ltr'><strong>qua</strong></span> <span class='ocrx_word' id='word_1_35' title='bbox 1638 374 1752 429; x_wconf 77' lang='lat' dir='ltr'><strong>demon</strong></span> <span class='ocrx_word' id='word_1_36' title='bbox 1779 391 1915 445; x_wconf 87' lang='lat' dir='ltr'><strong>superve-</strong></span> 
     </span>
     <span class='ocr_line' id='line_1_4' title="bbox 157 459 1914 534; baseline 0.002 -20"><span class='ocrx_word' id='word_1_37' title='bbox 157 459 322 514; x_wconf 86' lang='lat' dir='ltr'><strong>astantihus</strong></span> <span class='ocrx_word' id='word_1_38' title='bbox 344 459 483 514; x_wconf 85' lang='lat' dir='ltr'><strong>maximos</strong></span> <span class='ocrx_word' id='word_1_39' title='bbox 505 465 630 515; x_wconf 90' lang='lat' dir='ltr'><strong>terrores</strong></span> <span class='ocrx_word' id='word_1_40' title='bbox 656 460 786 516; x_wconf 83' lang='lat' dir='ltr'><strong>incussit.</strong></span> <span class='ocrx_word' id='word_1_41' title='bbox 810 463 842 516; x_wconf 86' lang='lat' dir='ltr'><strong>Et</strong></span> <span class='ocrx_word' id='word_1_42' title='bbox 866 462 935 517; x_wconf 81' lang='lat' dir='ltr'><strong>dtrm</strong></span> <span class='ocrx_word' id='word_1_43' title='bbox 965 461 1010 515; x_wconf 90' lang='lat' dir='ltr'><strong>his</strong></span> <span class='ocrx_word' id='word_1_44' title='bbox 1062 461 1173 518; x_wconf 91' lang='lat' dir='ltr'><strong>nieutcs</strong></span> <span class='ocrx_word' id='word_1_45' title='bbox 1196 478 1249 533; x_wconf 93' lang='lat' dir='ltr'><strong>pro</strong></span> <span class='ocrx_word' id='word_1_46' title='bbox 1282 461 1404 533; x_wconf 89' lang='lat' dir='ltr'><strong>peccatis</strong></span> <span class='ocrx_word' id='word_1_47' title='bbox 1433 461 1574 531; x_wconf 79' lang='lat' dir='ltr'><strong>contudit,</strong></span> <span class='ocrx_word' id='word_1_48' title='bbox 1607 478 1660 516; x_wconf 93' lang='lat' dir='ltr'><strong>nec</strong></span> <span class='ocrx_word' id='word_1_49' title='bbox 1691 477 1743 534; x_wconf 91' lang='lat' dir='ltr'><strong>pro</strong></span> <span class='ocrx_word' id='word_1_50' title='bbox 1776 463 1914 518; x_wconf 80' lang='lat' dir='ltr'><strong>irrisoriis</strong></span> 
     </span>
     <span class='ocr_line' id='line_1_5' title="bbox 156 548 1916 621; baseline 0.002 -19"><span class='ocrx_word' id='word_1_51' title='bbox 156 549 220 603; x_wconf 88' lang='lat' dir='ltr'><strong>iere</strong></span> <span class='ocrx_word' id='word_1_52' title='bbox 252 563 305 618; x_wconf 88' lang='lat' dir='ltr'><strong>per</strong></span> <span class='ocrx_word' id='word_1_53' title='bbox 334 548 484 602; x_wconf 77' lang='lat' dir='ltr'><strong>dimidiam</strong></span> <span class='ocrx_word' id='word_1_54' title='bbox 519 548 619 602; x_wconf 88' lang='lat' dir='ltr'><strong>boram</strong></span> <span class='ocrx_word' id='word_1_55' title='bbox 651 549 814 604; x_wconf 87' lang='lat' dir='ltr'><strong>bacchando</strong></span> <span class='ocrx_word' id='word_1_56' title='bbox 849 549 1009 618; x_wconf 73' lang='lat' dir='ltr'><strong>institisset,</strong></span> <span class='ocrx_word' id='word_1_57' title='bbox 1062 551 1105 604; x_wconf 90' lang='lat' dir='ltr'><strong>vel</strong></span> <span class='ocrx_word' id='word_1_58' title='bbox 1119 550 1251 621; x_wconf 89' lang='lat' dir='ltr'><strong>turpibus</strong></span> <span class='ocrx_word' id='word_1_59' title='bbox 1265 549 1368 614; x_wconf 87' lang='lat' dir='ltr'><strong>verbis,</strong></span> <span class='ocrx_word' id='word_1_60' title='bbox 1385 548 1491 620; x_wconf 71' lang='lat' dir='ltr'><strong>quibus</strong></span> <span class='ocrx_word' id='word_1_61' title='bbox 1517 566 1721 620; x_wconf 88' lang='lat' dir='ltr'><strong>nossnpcrare</strong></span> <span class='ocrx_word' id='word_1_62' title='bbox 1739 551 1837 619; x_wconf 71' lang='lat' dir='ltr'><strong>volarit,</strong></span> <span class='ocrx_word' id='word_1_63' title='bbox 1862 566 1916 606; x_wconf 91' lang='lat' dir='ltr'><strong>nec</strong></span> 
     </span>
     <span class='ocr_line' id='line_1_6' title="bbox 157 636 1915 710; baseline 0.003 -20"><span class='ocrx_word' id='word_1_64' title='bbox 157 637 289 704; x_wconf 89' lang='lat' dir='ltr'><strong>tandem,</strong></span> <span class='ocrx_word' id='word_1_65' title='bbox 305 641 339 690; x_wconf 90' lang='lat' dir='ltr'><strong>ut</strong></span> <span class='ocrx_word' id='word_1_66' title='bbox 361 637 419 690; x_wconf 84' lang='lat' dir='ltr'><strong>[leo</strong></span> <span class='ocrx_word' id='word_1_67' title='bbox 437 637 552 706; x_wconf 81' lang='lat' dir='ltr'><strong>placuit,</strong></span> <span class='ocrx_word' id='word_1_68' title='bbox 569 652 627 704; x_wconf 86' lang='lat' dir='ltr'><strong>sas,</strong></span> <span class='ocrx_word' id='word_1_69' title='bbox 654 637 730 708; x_wconf 91' lang='lat' dir='ltr'><strong>quod</strong></span> <span class='ocrx_word' id='word_1_70' title='bbox 756 637 806 692; x_wconf 91' lang='lat' dir='ltr'><strong>diu</strong></span> <span class='ocrx_word' id='word_1_71' title='bbox 833 636 1010 708; x_wconf 85' lang='lat' dir='ltr'><strong>possederat,</strong></span> <span class='ocrx_word' id='word_1_72' title='bbox 1063 655 1116 710; x_wconf 92' lang='lat' dir='ltr'><strong>pro</strong></span> <span class='ocrx_word' id='word_1_73' title='bbox 1141 640 1266 710; x_wconf 89' lang='lat' dir='ltr'><strong>pessimo</strong></span> <span class='ocrx_word' id='word_1_74' title='bbox 1291 637 1361 693; x_wconf 87' lang='lat' dir='ltr'><strong>flatu</strong></span> <span class='ocrx_word' id='word_1_75' title='bbox 1386 655 1448 706; x_wconf 87' lang='lat' dir='ltr'><strong>suo,</strong></span> <span class='ocrx_word' id='word_1_76' title='bbox 1478 637 1505 693; x_wconf 83' lang='lat' dir='ltr'><strong>ei</strong></span> <span class='ocrx_word' id='word_1_77' title='bbox 1538 639 1682 693; x_wconf 88' lang='lat' dir='ltr'><strong>ullatenus</strong></span> <span class='ocrx_word' id='word_1_78' title='bbox 1704 640 1851 694; x_wconf 81' lang='lat' dir='ltr'><strong>cessimus.</strong></span> <span class='ocrx_word' id='word_1_79' title='bbox 1881 641 1915 696; x_wconf 85' lang='lat' dir='ltr'><strong>Et</strong></span> 
     </span>
     <span class='ocr_line' id='line_1_7' title="bbox 156 723 1914 800; baseline 0.002 -21"><span class='ocrx_word' id='word_1_80' title='bbox 156 725 290 796; x_wconf 89' lang='lat' dir='ltr'><strong>reliquit.</strong></span> <span class='ocrx_word' id='word_1_81' title='bbox 315 723 496 778; x_wconf 88' lang='lat' dir='ltr'><strong>ltloliercum</strong></span> <span class='ocrx_word' id='word_1_82' title='bbox 521 739 550 778; x_wconf 85' lang='lat' dir='ltr'><strong>se</strong></span> <span class='ocrx_word' id='word_1_83' title='bbox 572 741 633 779; x_wconf 88' lang='lat' dir='ltr'><strong>esse</strong></span> <span class='ocrx_word' id='word_1_84' title='bbox 647 725 796 780; x_wconf 89' lang='lat' dir='ltr'><strong>liberatam</strong></span> <span class='ocrx_word' id='word_1_85' title='bbox 823 727 921 792; x_wconf 82' lang='lat' dir='ltr'><strong>sensit,</strong></span> <span class='ocrx_word' id='word_1_86' title='bbox 946 741 1011 781; x_wconf 88' lang='lat' dir='ltr'><strong>ma·</strong></span> <span class='ocrx_word' id='word_1_87' title='bbox 1064 727 1131 795; x_wconf 89' lang='lat' dir='ltr'><strong>vidi,</strong></span> <span class='ocrx_word' id='word_1_88' title='bbox 1161 727 1237 799; x_wconf 91' lang='lat' dir='ltr'><strong>quod</strong></span> <span class='ocrx_word' id='word_1_89' title='bbox 1267 727 1298 781; x_wconf 91' lang='lat' dir='ltr'><strong>in</strong></span> <span class='ocrx_word' id='word_1_90' title='bbox 1324 727 1385 798; x_wconf 74' lang='lat' dir='ltr'><strong>ipsa</strong></span> <span class='ocrx_word' id='word_1_91' title='bbox 1418 728 1539 782; x_wconf 91' lang='lat' dir='ltr'><strong>muliere</strong></span> <span class='ocrx_word' id='word_1_92' title='bbox 1567 732 1625 782; x_wconf 91' lang='lat' dir='ltr'><strong>tres</strong></span> <span class='ocrx_word' id='word_1_93' title='bbox 1645 729 1789 782; x_wconf 88' lang='lat' dir='ltr'><strong>eruciatus</strong></span> <span class='ocrx_word' id='word_1_94' title='bbox 1813 744 1914 800; x_wconf 90' lang='lat' dir='ltr'><strong>passus</strong></span> 
     </span>
     <span class='ocr_line' id='line_1_8' title="bbox 158 814 1914 887; baseline 0.003 -21"><span class='ocrx_word' id='word_1_95' title='bbox 158 829 216 866; x_wconf 80' lang='lat' dir='ltr'><strong>nris</strong></span> <span class='ocrx_word' id='word_1_96' title='bbox 233 814 394 867; x_wconf 88' lang='lat' dir='ltr'><strong>astantibus</strong></span> <span class='ocrx_word' id='word_1_97' title='bbox 409 814 548 884; x_wconf 85' lang='lat' dir='ltr'><strong>porrexit,</strong></span> <span class='ocrx_word' id='word_1_98' title='bbox 565 820 596 870; x_wconf 91' lang='lat' dir='ltr'><strong>ut</strong></span> <span class='ocrx_word' id='word_1_99' title='bbox 611 829 674 869; x_wconf 91' lang='lat' dir='ltr'><strong>eam</strong></span> <span class='ocrx_word' id='word_1_100' title='bbox 698 815 851 885; x_wconf 76' lang='lat' dir='ltr'><strong>erigerent,</strong></span> <span class='ocrx_word' id='word_1_101' title='bbox 876 815 944 885; x_wconf 84' lang='lat' dir='ltr'><strong>qnia</strong></span> <span class='ocrx_word' id='word_1_102' title='bbox 967 814 1010 868; x_wconf 83' lang='lat' dir='ltr'><strong>ri·</strong></span> <span class='ocrx_word' id='word_1_103' title='bbox 1065 820 1107 871; x_wconf 90' lang='lat' dir='ltr'><strong>est</strong></span> <span class='ocrx_word' id='word_1_104' title='bbox 1122 832 1129 870; x_wconf 91' lang='lat'>:</span> <span class='ocrx_word' id='word_1_105' title='bbox 1143 816 1282 887; x_wconf 90' lang='lat' dir='ltr'><strong>primum,</strong></span> <span class='ocrx_word' id='word_1_106' title='bbox 1297 831 1363 871; x_wconf 84' lang='lat' dir='ltr'><strong>cuni</strong></span> <span class='ocrx_word' id='word_1_107' title='bbox 1382 816 1432 870; x_wconf 89' lang='lat' dir='ltr'><strong>illa</strong></span> <span class='ocrx_word' id='word_1_108' title='bbox 1454 816 1567 871; x_wconf 90' lang='lat' dir='ltr'><strong>deloco</strong></span> <span class='ocrx_word' id='word_1_109' title='bbox 1587 816 1623 871; x_wconf 90' lang='lat' dir='ltr'><strong>ad</strong></span> <span class='ocrx_word' id='word_1_110' title='bbox 1637 816 1733 870; x_wconf 87' lang='lat' dir='ltr'><strong>locum</strong></span> <span class='ocrx_word' id='word_1_111' title='bbox 1748 823 1914 872; x_wconf 79' lang='lat' dir='ltr'><strong>sanctornm</strong></span> 
     </span>
     <span class='ocr_line' id='line_1_9' title="bbox 160 902 1915 976; baseline 0.002 -22"><span class='ocrx_word' id='word_1_112' title='bbox 160 917 208 956; x_wconf 87' lang='lat' dir='ltr'><strong>res</strong></span> <span class='ocrx_word' id='word_1_113' title='bbox 225 917 283 954; x_wconf 93' lang='lat' dir='ltr'><strong>non</strong></span> <span class='ocrx_word' id='word_1_114' title='bbox 300 902 410 956; x_wconf 89' lang='lat' dir='ltr'><strong>habuit.</strong></span> <span class='ocrx_word' id='word_1_115' title='bbox 1065 903 1150 960; x_wconf 89' lang='lat' dir='ltr'><strong>ducta</strong></span> <span class='ocrx_word' id='word_1_116' title='bbox 1188 909 1247 971; x_wconf 88' lang='lat' dir='ltr'><strong>est;</strong></span> <span class='ocrx_word' id='word_1_117' title='bbox 1284 905 1452 970; x_wconf 71' lang='lat' dir='ltr'><strong>sescundum,</strong></span> <span class='ocrx_word' id='word_1_118' title='bbox 1488 921 1553 958; x_wconf 89' lang='lat' dir='ltr'><strong>curn</strong></span> <span class='ocrx_word' id='word_1_119' title='bbox 1591 907 1753 958; x_wconf 89' lang='lat' dir='ltr'><strong>communis</strong></span> <span class='ocrx_word' id='word_1_120' title='bbox 1789 906 1915 976; x_wconf 86' lang='lat' dir='ltr'><strong>populus</strong></span> 
     </span>
     <span class='ocr_line' id='line_1_10' title="bbox 198 991 1913 1064; baseline 0.002 -20"><span class='ocrx_word' id='word_1_121' title='bbox 198 992 243 1045; x_wconf 75' lang='grc'><strong>19.</strong></span> <span class='ocrx_word' id='word_1_122' title='bbox 260 991 339 1044; x_wconf 84' lang='lat' dir='ltr'><strong>Tune</strong></span> <span class='ocrx_word' id='word_1_123' title='bbox 363 997 428 1045; x_wconf 85' lang='lat' dir='ltr'><strong>ante</strong></span> <span class='ocrx_word' id='word_1_124' title='bbox 444 991 603 1063; x_wconf 87' lang='lat' dir='ltr'><strong>principale</strong></span> <span class='ocrx_word' id='word_1_125' title='bbox 627 991 716 1046; x_wconf 89' lang='lat' dir='ltr'><strong>altare</strong></span> <span class='ocrx_word' id='word_1_126' title='bbox 740 991 834 1048; x_wconf 80' lang='lat' dir='ltr'><strong>Sancti</strong></span> <span class='ocrx_word' id='word_1_127' title='bbox 859 991 967 1047; x_wconf 84' lang='lat' dir='ltr'><strong>Nicolai</strong></span> <span class='ocrx_word' id='word_1_128' title='bbox 981 1007 1011 1046; x_wconf 86' lang='lat' dir='ltr'><strong>se</strong></span> <span class='ocrx_word' id='word_1_129' title='bbox 1065 994 1263 1064; x_wconf 80' lang='lat' dir='ltr'><strong>eleemosynas</strong></span> <span class='ocrx_word' id='word_1_130' title='bbox 1285 1009 1338 1063; x_wconf 91' lang='lat' dir='ltr'><strong>pro</strong></span> <span class='ocrx_word' id='word_1_131' title='bbox 1361 1009 1395 1046; x_wconf 88' lang='lat' dir='ltr'><strong>ea</strong></span> <span class='ocrx_word' id='word_1_132' title='bbox 1414 993 1517 1057; x_wconf 88' lang='lat' dir='ltr'><strong>dahat;</strong></span> <span class='ocrx_word' id='word_1_133' title='bbox 1534 992 1661 1060; x_wconf 91' lang='lat' dir='ltr'><strong>tertium,</strong></span> <span class='ocrx_word' id='word_1_134' title='bbox 1686 1009 1751 1047; x_wconf 88' lang='lat' dir='ltr'><strong>curu</strong></span> <span class='ocrx_word' id='word_1_135' title='bbox 1776 1009 1828 1062; x_wconf 84' lang='lat' dir='ltr'><strong>per</strong></span> <span class='ocrx_word' id='word_1_136' title='bbox 1849 1009 1913 1048; x_wconf 89' lang='lat' dir='ltr'><strong>ora-</strong></span> 
     </span>
     <span class='ocr_line' id='line_1_11' title="bbox 161 1078 1913 1153; baseline 0.002 -21"><span class='ocrx_word' id='word_1_137' title='bbox 161 1080 328 1150; x_wconf 86' lang='lat' dir='ltr'><strong>prostravit,</strong></span> <span class='ocrx_word' id='word_1_138' title='bbox 348 1085 377 1134; x_wconf 91' lang='lat' dir='ltr'><strong>et</strong></span> <span class='ocrx_word' id='word_1_139' title='bbox 397 1078 504 1151; x_wconf 81' lang='lat' dir='ltr'><strong>gratias</strong></span> <span class='ocrx_word' id='word_1_140' title='bbox 527 1080 587 1135; x_wconf 84' lang='lat' dir='ltr'><strong>Deo</strong></span> <span class='ocrx_word' id='word_1_141' title='bbox 608 1095 661 1151; x_wconf 91' lang='lat' dir='ltr'><strong>pro</strong></span> <span class='ocrx_word' id='word_1_142' title='bbox 684 1081 852 1137; x_wconf 80' lang='lat' dir='ltr'><strong>liberatione</strong></span> <span class='ocrx_word' id='word_1_143' title='bbox 874 1081 917 1136; x_wconf 91' lang='lat' dir='ltr'><strong>sui</strong></span> <span class='ocrx_word' id='word_1_144' title='bbox 941 1082 1010 1153; x_wconf 88' lang='lat' dir='ltr'><strong>egit,</strong></span> <span class='ocrx_word' id='word_1_145' title='bbox 1065 1080 1157 1135; x_wconf 89' lang='lat' dir='ltr'><strong>tiones</strong></span> <span class='ocrx_word' id='word_1_146' title='bbox 1179 1081 1374 1151; x_wconf 83' lang='lat' dir='ltr'><strong>spiritualium</strong></span> <span class='ocrx_word' id='word_1_147' title='bbox 1395 1097 1428 1134; x_wconf 83' lang='lat' dir='ltr'><strong>ex</strong></span> <span class='ocrx_word' id='word_1_148' title='bbox 1453 1080 1546 1151; x_wconf 90' lang='lat' dir='ltr'><strong>gratia</strong></span> <span class='ocrx_word' id='word_1_149' title='bbox 1569 1080 1619 1135; x_wconf 87' lang='lat' dir='ltr'><strong>Ilei</strong></span> <span class='ocrx_word' id='word_1_150' title='bbox 1644 1081 1724 1135; x_wconf 90' lang='lat' dir='ltr'><strong>abire</strong></span> <span class='ocrx_word' id='word_1_151' title='bbox 1746 1082 1913 1152; x_wconf 89' lang='lat' dir='ltr'><strong>compulsos</strong></span> 
     </span>
     <span class='ocr_line' id='line_1_12' title="bbox 161 1167 1913 1243; baseline 0.002 -23"><span class='ocrx_word' id='word_1_152' title='bbox 161 1169 280 1239; x_wconf 89' lang='lat' dir='ltr'><strong>populis</strong></span> <span class='ocrx_word' id='word_1_153' title='bbox 298 1169 565 1239; x_wconf 73' lang='lat' dir='ltr'><strong>beccernentibus‚</strong></span> <span class='ocrx_word' id='word_1_154' title='bbox 588 1175 626 1239; x_wconf 88' lang='lat' dir='ltr'><strong>et,</strong></span> <span class='ocrx_word' id='word_1_155' title='bbox 652 1176 684 1225; x_wconf 91' lang='lat' dir='ltr'><strong>ut</strong></span> <span class='ocrx_word' id='word_1_156' title='bbox 702 1172 805 1242; x_wconf 86' lang='lat' dir='ltr'><strong>vulgus</strong></span> <span class='ocrx_word' id='word_1_157' title='bbox 829 1173 919 1236; x_wconf 85' lang='lat' dir='ltr'><strong>solet,</strong></span> <span class='ocrx_word' id='word_1_158' title='bbox 943 1187 1011 1243; x_wconf 89' lang='lat' dir='ltr'><strong>per·</strong></span> <span class='ocrx_word' id='word_1_159' title='bbox 1066 1173 1118 1222; x_wconf 89' lang='lat' dir='ltr'><strong>est.</strong></span> <span class='ocrx_word' id='word_1_160' title='bbox 1145 1169 1284 1240; x_wconf 83' lang='lat' dir='ltr'><strong>itaquae</strong></span> <span class='ocrx_word' id='word_1_161' title='bbox 1316 1167 1518 1224; x_wconf 86' lang='lat' dir='ltr'><strong>Purilicatione</strong></span> <span class='ocrx_word' id='word_1_162' title='bbox 1537 1173 1652 1223; x_wconf 82' lang='lat' dir='ltr'><strong>sauctae</strong></span> <span class='ocrx_word' id='word_1_163' title='bbox 1682 1169 1776 1224; x_wconf 75' lang='lat' dir='ltr'><strong>blaciae</strong></span> <span class='ocrx_word' id='word_1_164' title='bbox 1807 1185 1859 1224; x_wconf 91' lang='lat' dir='ltr'><strong>nos</strong></span> <span class='ocrx_word' id='word_1_165' title='bbox 1885 1175 1913 1225; x_wconf 89' lang='lat' dir='ltr'><strong>et</strong></span> 
     </span>
     <span class='ocr_line' id='line_1_13' title="bbox 162 1255 1911 1331; baseline 0.002 -23"><span class='ocrx_word' id='word_1_166' title='bbox 162 1256 374 1326; x_wconf 80' lang='lat' dir='ltr'><strong>strepentibus,</strong></span> <span class='ocrx_word' id='word_1_167' title='bbox 404 1258 454 1313; x_wconf 91' lang='lat' dir='ltr'><strong>sed</strong></span> <span class='ocrx_word' id='word_1_168' title='bbox 484 1264 513 1312; x_wconf 85' lang='lat' dir='ltr'><strong>et</strong></span> <span class='ocrx_word' id='word_1_169' title='bbox 540 1260 647 1331; x_wconf 84' lang='lat' dir='ltr'><strong>gratius</strong></span> <span class='ocrx_word' id='word_1_170' title='bbox 672 1264 700 1314; x_wconf 90' lang='lat' dir='ltr'><strong>et</strong></span> <span class='ocrx_word' id='word_1_171' title='bbox 728 1259 827 1315; x_wconf 87' lang='lat' dir='ltr'><strong>laudes</strong></span> <span class='ocrx_word' id='word_1_172' title='bbox 860 1261 917 1315; x_wconf 84' lang='lat' dir='ltr'><strong>[leo</strong></span> <span class='ocrx_word' id='word_1_173' title='bbox 946 1275 1012 1315; x_wconf 88' lang='lat' dir='ltr'><strong>eum</strong></span> <span class='ocrx_word' id='word_1_174' title='bbox 1065 1256 1320 1328; x_wconf 78' lang='lat' dir='ltr'><strong>comprovinciales</strong></span> <span class='ocrx_word' id='word_1_175' title='bbox 1354 1255 1442 1311; x_wconf 84' lang='lat' dir='ltr'><strong>nostri</strong></span> <span class='ocrx_word' id='word_1_176' title='bbox 1476 1255 1626 1327; x_wconf 88' lang='lat' dir='ltr'><strong>utriusque</strong></span> <span class='ocrx_word' id='word_1_177' title='bbox 1661 1273 1755 1324; x_wconf 81' lang='lat' dir='ltr'><strong>sexus,</strong></span> <span class='ocrx_word' id='word_1_178' title='bbox 1780 1257 1911 1328; x_wconf 82' lang='lat' dir='ltr'><strong>jejuniis,</strong></span> 
     </span>
     <span class='ocr_line' id='line_1_14' title="bbox 161 1343 1912 1417; baseline 0.002 -21"><span class='ocrx_word' id='word_1_179' title='bbox 161 1343 314 1415; x_wconf 89' lang='lat' dir='ltr'><strong>signorum</strong></span> <span class='ocrx_word' id='word_1_180' title='bbox 364 1347 572 1416; x_wconf 88' lang='lat' dir='ltr'><strong>pulsationibus</strong></span> <span class='ocrx_word' id='word_1_181' title='bbox 615 1349 824 1414; x_wconf 81' lang='lat' dir='ltr'><strong>resonantibus,</strong></span> <span class='ocrx_word' id='word_1_182' title='bbox 876 1349 1012 1405; x_wconf 82' lang='lat' dir='ltr'><strong>fratribus</strong></span> <span class='ocrx_word' id='word_1_183' title='bbox 1066 1345 1252 1413; x_wconf 87' lang='lat' dir='ltr'><strong>orationibus,</strong></span> <span class='ocrx_word' id='word_1_184' title='bbox 1277 1343 1479 1415; x_wconf 79' lang='lat' dir='ltr'><strong>eleemosynis,</strong></span> <span class='ocrx_word' id='word_1_185' title='bbox 1504 1350 1533 1398; x_wconf 90' lang='lat' dir='ltr'><strong>et</strong></span> <span class='ocrx_word' id='word_1_186' title='bbox 1560 1359 1713 1415; x_wconf 89' lang='lat' dir='ltr'><strong>corporum</strong></span> <span class='ocrx_word' id='word_1_187' title='bbox 1747 1346 1912 1417; x_wconf 88' lang='lat' dir='ltr'><strong>castigatio·</strong></span> 
     </span>
     <span class='ocr_line' id='line_1_15' title="bbox 161 1433 1914 1505; baseline 0.002 -20"><span class='ocrx_word' id='word_1_188' title='bbox 161 1447 282 1503; x_wconf 91' lang='lat' dir='ltr'><strong>quoque</strong></span> <span class='ocrx_word' id='word_1_189' title='bbox 297 1434 452 1504; x_wconf 77' lang='lat' dir='ltr'><strong>hymnum,</strong></span> <span class='ocrx_word' id='word_1_190' title='bbox 477 1437 516 1491; x_wconf 86' lang='lat' dir='ltr'><strong>Tc</strong></span> <span class='ocrx_word' id='word_1_191' title='bbox 535 1440 622 1492; x_wconf 83' lang='lat' dir='ltr'><strong>lleom</strong></span> <span class='ocrx_word' id='word_1_192' title='bbox 638 1437 805 1504; x_wconf 83' lang='lat' dir='ltr'><strong>laudamus,</strong></span> <span class='ocrx_word' id='word_1_193' title='bbox 821 1438 1010 1493; x_wconf 85' lang='lat' dir='ltr'><strong>canentibus:</strong></span> <span class='ocrx_word' id='word_1_194' title='bbox 1066 1434 1150 1488; x_wconf 89' lang='lat' dir='ltr'><strong>nibus</strong></span> <span class='ocrx_word' id='word_1_195' title='bbox 1164 1449 1255 1505; x_wconf 91' lang='lat' dir='ltr'><strong>usque</strong></span> <span class='ocrx_word' id='word_1_196' title='bbox 1276 1433 1305 1486; x_wconf 93' lang='lat' dir='ltr'><strong>in</strong></span> <span class='ocrx_word' id='word_1_197' title='bbox 1329 1434 1483 1489; x_wconf 89' lang='lat' dir='ltr'><strong>Sabbatum</strong></span> <span class='ocrx_word' id='word_1_198' title='bbox 1506 1434 1622 1489; x_wconf 76' lang='lat' dir='ltr'><strong>Paschae</strong></span> <span class='ocrx_word' id='word_1_199' title='bbox 1640 1449 1692 1505; x_wconf 93' lang='lat' dir='ltr'><strong>pro</strong></span> <span class='ocrx_word' id='word_1_200' title='bbox 1716 1433 1778 1504; x_wconf 89' lang='lat' dir='ltr'><strong>ipsa</strong></span> <span class='ocrx_word' id='word_1_201' title='bbox 1799 1434 1914 1489; x_wconf 90' lang='lat' dir='ltr'><strong>labora-</strong></span> 
     </span>
     <span class='ocr_line' id='line_1_16' title="bbox 160 1520 1913 1597; baseline 0.003 -24"><span class='ocrx_word' id='word_1_202' title='bbox 160 1520 232 1587; x_wconf 91' lang='lat' dir='ltr'><strong>beu,</strong></span> <span class='ocrx_word' id='word_1_203' title='bbox 258 1522 335 1593; x_wconf 92' lang='lat' dir='ltr'><strong>quod</strong></span> <span class='ocrx_word' id='word_1_204' title='bbox 365 1522 527 1580; x_wconf 85' lang='lat' dir='ltr'><strong>miserabile</strong></span> <span class='ocrx_word' id='word_1_205' title='bbox 551 1526 659 1582; x_wconf 88' lang='lat' dir='ltr'><strong>dictum</strong></span> <span class='ocrx_word' id='word_1_206' title='bbox 683 1532 739 1593; x_wconf 90' lang='lat' dir='ltr'><strong>est,</strong></span> <span class='ocrx_word' id='word_1_207' title='bbox 770 1527 846 1582; x_wconf 90' lang='lat' dir='ltr'><strong>idem</strong></span> <span class='ocrx_word' id='word_1_208' title='bbox 875 1527 1012 1597; x_wconf 90' lang='lat' dir='ltr'><strong>antiquos</strong></span> <span class='ocrx_word' id='word_1_209' title='bbox 1066 1523 1168 1578; x_wconf 84' lang='lat' dir='ltr'><strong>vimus.</strong></span> <span class='ocrx_word' id='word_1_210' title='bbox 1184 1523 1301 1578; x_wconf 88' lang='lat' dir='ltr'><strong>luterim</strong></span> <span class='ocrx_word' id='word_1_211' title='bbox 1322 1538 1374 1593; x_wconf 89' lang='lat' dir='ltr'><strong>per</strong></span> <span class='ocrx_word' id='word_1_212' title='bbox 1395 1522 1447 1576; x_wconf 87' lang='lat' dir='ltr'><strong>Ilei</strong></span> <span class='ocrx_word' id='word_1_213' title='bbox 1471 1522 1631 1593; x_wconf 88' lang='lat' dir='ltr'><strong>potentiam</strong></span> <span class='ocrx_word' id='word_1_214' title='bbox 1655 1529 1770 1576; x_wconf 89' lang='lat' dir='ltr'><strong>coactus</strong></span> <span class='ocrx_word' id='word_1_215' title='bbox 1787 1523 1913 1578; x_wconf 91' lang='lat' dir='ltr'><strong>immun·</strong></span> 
     </span>
     <span class='ocr_line' id='line_1_17' title="bbox 159 1582 1912 1688; baseline 0.002 -25"><span class='ocrx_word' id='word_1_216' title='bbox 159 1608 253 1664; x_wconf 90' lang='lat' dir='ltr'><strong>hostis</strong></span> <span class='ocrx_word' id='word_1_217' title='bbox 268 1611 379 1665; x_wconf 86' lang='lat' dir='ltr'><strong>occulto</strong></span> <span class='ocrx_word' id='word_1_218' title='bbox 394 1612 445 1666; x_wconf 87' lang='lat' dir='ltr'><strong>Dei</strong></span> <span class='ocrx_word' id='word_1_219' title='bbox 465 1613 572 1683; x_wconf 85' lang='lat' dir='ltr'><strong>jndicio</strong></span> <span class='ocrx_word' id='word_1_220' title='bbox 596 1615 704 1670; x_wconf 90' lang='lat' dir='ltr'><strong>rediit:</strong></span> <span class='ocrx_word' id='word_1_221' title='bbox 733 1621 762 1670; x_wconf 93' lang='lat' dir='ltr'><strong>et</strong></span> <span class='ocrx_word' id='word_1_222' title='bbox 783 1632 840 1680; x_wconf 83' lang='lat' dir='ltr'><strong>vas,</strong></span> <span class='ocrx_word' id='word_1_223' title='bbox 866 1616 942 1688; x_wconf 92' lang='lat' dir='ltr'><strong>quod</strong></span> <span class='ocrx_word' id='word_1_224' title='bbox 969 1631 1011 1670; x_wconf 89' lang='lat' dir='ltr'><strong>re·</strong></span> <span class='ocrx_word' id='word_1_225' title='bbox 1031 1582 1120 1667; x_wconf 83' lang='lat' dir='ltr'><strong>Bdus</strong></span> <span class='ocrx_word' id='word_1_226' title='bbox 1138 1610 1274 1682; x_wconf 86' lang='lat' dir='ltr'><strong>spiritus,</strong></span> <span class='ocrx_word' id='word_1_227' title='bbox 1296 1611 1388 1666; x_wconf 91' lang='lat' dir='ltr'><strong>molta</strong></span> <span class='ocrx_word' id='word_1_228' title='bbox 1408 1611 1444 1664; x_wconf 91' lang='lat' dir='ltr'><strong>de</strong></span> <span class='ocrx_word' id='word_1_229' title='bbox 1464 1611 1556 1664; x_wconf 87' lang='lat' dir='ltr'><strong>salute</strong></span> <span class='ocrx_word' id='word_1_230' title='bbox 1580 1610 1728 1680; x_wconf 89' lang='lat' dir='ltr'><strong>baptismi,</strong></span> <span class='ocrx_word' id='word_1_231' title='bbox 1754 1611 1790 1666; x_wconf 93' lang='lat' dir='ltr'><strong>de</strong></span> <span class='ocrx_word' id='word_1_232' title='bbox 1814 1627 1912 1667; x_wconf 86' lang='lat' dir='ltr'><strong>sacre·</strong></span> 
     </span>
     <span class='ocr_line' id='line_1_18' title="bbox 158 1697 1913 1771; baseline 0.002 -21"><span class='ocrx_word' id='word_1_233' title='bbox 158 1697 298 1768; x_wconf 88' lang='lat' dir='ltr'><strong>liquerat,</strong></span> <span class='ocrx_word' id='word_1_234' title='bbox 321 1701 452 1770; x_wconf 81' lang='lat' dir='ltr'><strong>repetiit.</strong></span> <span class='ocrx_word' id='word_1_235' title='bbox 470 1701 549 1757; x_wconf 87' lang='lat' dir='ltr'><strong>Unde</strong></span> <span class='ocrx_word' id='word_1_236' title='bbox 572 1703 679 1759; x_wconf 82' lang='lat' dir='ltr'><strong>femina</strong></span> <span class='ocrx_word' id='word_1_237' title='bbox 704 1709 763 1760; x_wconf 89' lang='lat' dir='ltr'><strong>tota</strong></span> <span class='ocrx_word' id='word_1_238' title='bbox 788 1705 1010 1759; x_wconf 87' lang='lat' dir='ltr'><strong>contremiscens</strong></span> <span class='ocrx_word' id='word_1_239' title='bbox 1064 1705 1163 1755; x_wconf 88' lang='lat' dir='ltr'><strong>mento</strong></span> <span class='ocrx_word' id='word_1_240' title='bbox 1177 1699 1305 1771; x_wconf 89' lang='lat' dir='ltr'><strong>corporis</strong></span> <span class='ocrx_word' id='word_1_241' title='bbox 1319 1699 1434 1766; x_wconf 85' lang='lat' dir='ltr'><strong>Christi,</strong></span> <span class='ocrx_word' id='word_1_242' title='bbox 1449 1697 1484 1752; x_wconf 93' lang='lat' dir='ltr'><strong>de</strong></span> <span class='ocrx_word' id='word_1_243' title='bbox 1504 1698 1633 1770; x_wconf 88' lang='lat' dir='ltr'><strong>periculo</strong></span> <span class='ocrx_word' id='word_1_244' title='bbox 1646 1699 1913 1769; x_wconf 84' lang='lat' dir='ltr'><strong>excommunicato·</strong></span> 
     </span>
     <span class='ocr_line' id='line_1_19' title="bbox 157 1783 1910 1863; baseline 0.002 -25"><span class='ocrx_word' id='word_1_245' title='bbox 157 1789 190 1838; x_wconf 88' lang='lat' dir='ltr'><strong>et</strong></span> <span class='ocrx_word' id='word_1_246' title='bbox 220 1800 287 1839; x_wconf 89' lang='lat' dir='ltr'><strong>cum</strong></span> <span class='ocrx_word' id='word_1_247' title='bbox 318 1783 442 1842; x_wconf 89' lang='lat' dir='ltr'><strong>stridore</strong></span> <span class='ocrx_word' id='word_1_248' title='bbox 475 1793 503 1842; x_wconf 92' lang='lat' dir='ltr'><strong>et</strong></span> <span class='ocrx_word' id='word_1_249' title='bbox 542 1790 665 1846; x_wconf 89' lang='lat' dir='ltr'><strong>clamore</strong></span> <span class='ocrx_word' id='word_1_250' title='bbox 696 1807 725 1846; x_wconf 91' lang='lat' dir='ltr'><strong>se</strong></span> <span class='ocrx_word' id='word_1_251' title='bbox 760 1791 890 1863; x_wconf 91' lang='lat' dir='ltr'><strong>erigens,</strong></span> <span class='ocrx_word' id='word_1_252' title='bbox 921 1807 1009 1862; x_wconf 92' lang='lat' dir='ltr'><strong>quam</strong></span> <span class='ocrx_word' id='word_1_253' title='bbox 1064 1803 1142 1857; x_wconf 89' lang='lat' dir='ltr'><strong>rum,</strong></span> <span class='ocrx_word' id='word_1_254' title='bbox 1157 1789 1192 1843; x_wconf 90' lang='lat' dir='ltr'><strong>de</strong></span> <span class='ocrx_word' id='word_1_255' title='bbox 1209 1787 1368 1860; x_wconf 87' lang='lat' dir='ltr'><strong>perditione</strong></span> <span class='ocrx_word' id='word_1_256' title='bbox 1385 1788 1573 1843; x_wconf 87' lang='lat' dir='ltr'><strong>Catharorom</strong></span> <span class='ocrx_word' id='word_1_257' title='bbox 1583 1787 1651 1857; x_wconf 73' lang='lat'><strong>(52),</strong></span> <span class='ocrx_word' id='word_1_258' title='bbox 1663 1791 1692 1841; x_wconf 90' lang='lat' dir='ltr'><strong>et</strong></span> <span class='ocrx_word' id='word_1_259' title='bbox 1701 1786 1746 1841; x_wconf 90' lang='lat' dir='ltr'><strong>his</strong></span> <span class='ocrx_word' id='word_1_260' title='bbox 1759 1787 1910 1855; x_wconf 91' lang='lat' dir='ltr'><strong>similium,</strong></span> 
     </span>
     <span class='ocr_line' id='line_1_20' title="bbox 156 1873 1911 1951; baseline 0.003 -24"><span class='ocrx_word' id='word_1_261' title='bbox 156 1873 243 1944; x_wconf 90' lang='lat' dir='ltr'><strong>prins</strong></span> <span class='ocrx_word' id='word_1_262' title='bbox 260 1875 387 1930; x_wconf 87' lang='lat' dir='ltr'><strong>insanire</strong></span> <span class='ocrx_word' id='word_1_263' title='bbox 407 1877 501 1949; x_wconf 85' lang='lat' dir='ltr'><strong>coepit.</strong></span> <span class='ocrx_word' id='word_1_264' title='bbox 528 1880 608 1934; x_wconf 88' lang='lat' dir='ltr'><strong>Unda</strong></span> <span class='ocrx_word' id='word_1_265' title='bbox 634 1879 786 1946; x_wconf 87' lang='lat' dir='ltr'><strong>exterritis,</strong></span> <span class='ocrx_word' id='word_1_266' title='bbox 803 1880 853 1951; x_wconf 91' lang='lat' dir='ltr'><strong>qni</strong></span> <span class='ocrx_word' id='word_1_267' title='bbox 878 1880 1008 1948; x_wconf 84' lang='lat' dir='ltr'><strong>ederant,</strong></span> <span class='ocrx_word' id='word_1_268' title='bbox 1064 1877 1100 1932; x_wconf 91' lang='lat' dir='ltr'><strong>ed</strong></span> <span class='ocrx_word' id='word_1_269' title='bbox 1124 1877 1319 1932; x_wconf 82' lang='lat' dir='ltr'><strong>contusionem</strong></span> <span class='ocrx_word' id='word_1_270' title='bbox 1351 1875 1407 1942; x_wconf 90' lang='lat' dir='ltr'><strong>sni,</strong></span> <span class='ocrx_word' id='word_1_271' title='bbox 1442 1876 1477 1930; x_wconf 91' lang='lat' dir='ltr'><strong>ad</strong></span> <span class='ocrx_word' id='word_1_272' title='bbox 1510 1876 1633 1947; x_wconf 87' lang='lat' dir='ltr'><strong>gloriam</strong></span> <span class='ocrx_word' id='word_1_273' title='bbox 1666 1875 1782 1945; x_wconf 88' lang='lat' dir='ltr'><strong>Christi,</strong></span> <span class='ocrx_word' id='word_1_274' title='bbox 1813 1891 1911 1932; x_wconf 87' lang='lat' dir='ltr'><strong>coram</strong></span> 
     </span>
     <span class='ocr_line' id='line_1_21' title="bbox 157 1963 1911 2039; baseline 0.002 -23"><span class='ocrx_word' id='word_1_275' title='bbox 157 1967 189 2016; x_wconf 85' lang='lat' dir='ltr'><strong>et</strong></span> <span class='ocrx_word' id='word_1_276' title='bbox 214 1963 348 2019; x_wconf 85' lang='lat' dir='ltr'><strong>moestitia</strong></span> <span class='ocrx_word' id='word_1_277' title='bbox 366 1965 529 2036; x_wconf 89' lang='lat' dir='ltr'><strong>completis,</strong></span> <span class='ocrx_word' id='word_1_278' title='bbox 560 1982 685 2038; x_wconf 90' lang='lat' dir='ltr'><strong>nequam</strong></span> <span class='ocrx_word' id='word_1_279' title='bbox 708 1968 825 2039; x_wconf 88' lang='lat' dir='ltr'><strong>spiritus</strong></span> <span class='ocrx_word' id='word_1_280' title='bbox 848 1967 1009 2039; x_wconf 86' lang='lat' dir='ltr'><strong>interroga·</strong></span> <span class='ocrx_word' id='word_1_281' title='bbox 1063 1967 1183 2039; x_wconf 88' lang='lat' dir='ltr'><strong>populo,</strong></span> <span class='ocrx_word' id='word_1_282' title='bbox 1198 1967 1332 2038; x_wconf 88' lang='lat' dir='ltr'><strong>quamvis</strong></span> <span class='ocrx_word' id='word_1_283' title='bbox 1351 1965 1469 2031; x_wconf 86' lang='lat' dir='ltr'><strong>invitus,</strong></span> <span class='ocrx_word' id='word_1_284' title='bbox 1485 1964 1628 2037; x_wconf 87' lang='lat' dir='ltr'><strong>protulit:</strong></span> <span class='ocrx_word' id='word_1_285' title='bbox 1654 1964 1731 2020; x_wconf 91' lang='lat' dir='ltr'><strong>unde</strong></span> <span class='ocrx_word' id='word_1_286' title='bbox 1755 1965 1837 2020; x_wconf 89' lang='lat' dir='ltr'><strong>multi</strong></span> <span class='ocrx_word' id='word_1_287' title='bbox 1851 1965 1911 2020; x_wconf 83' lang='lat' dir='ltr'><strong>ior·</strong></span> 
     </span>
     <span class='ocr_line' id='line_1_22' title="bbox 157 2051 1912 2125; baseline 0.004 -23"><span class='ocrx_word' id='word_1_288' title='bbox 157 2054 220 2118; x_wconf 82' lang='lat' dir='ltr'><strong>tus,</strong></span> <span class='ocrx_word' id='word_1_289' title='bbox 254 2066 306 2105; x_wconf 88' lang='lat' dir='ltr'><strong>cnr</strong></span> <span class='ocrx_word' id='word_1_290' title='bbox 342 2059 471 2124; x_wconf 86' lang='lat' dir='ltr'><strong>repetere</strong></span> <span class='ocrx_word' id='word_1_291' title='bbox 504 2071 589 2108; x_wconf 80' lang='lat' dir='ltr'><strong>armus</strong></span> <span class='ocrx_word' id='word_1_292' title='bbox 620 2055 720 2110; x_wconf 86' lang='lat' dir='ltr'><strong>inisset</strong></span> <span class='ocrx_word' id='word_1_293' title='bbox 751 2063 912 2112; x_wconf 86' lang='lat' dir='ltr'><strong>creaturam</strong></span> <span class='ocrx_word' id='word_1_294' title='bbox 948 2056 1008 2125; x_wconf 79' lang='lat' dir='ltr'><strong>liei,</strong></span> <span class='ocrx_word' id='word_1_295' title='bbox 1063 2056 1152 2112; x_wconf 87' lang='lat' dir='ltr'><strong>tiores</strong></span> <span class='ocrx_word' id='word_1_296' title='bbox 1167 2055 1203 2110; x_wconf 92' lang='lat' dir='ltr'><strong>ad</strong></span> <span class='ocrx_word' id='word_1_297' title='bbox 1224 2054 1323 2121; x_wconf 86' lang='lat' dir='ltr'><strong>fldem,</strong></span> <span class='ocrx_word' id='word_1_298' title='bbox 1345 2053 1430 2108; x_wconf 87' lang='lat' dir='ltr'><strong>multi</strong></span> <span class='ocrx_word' id='word_1_299' title='bbox 1454 2052 1647 2124; x_wconf 85' lang='lat' dir='ltr'><strong>promptiores</strong></span> <span class='ocrx_word' id='word_1_300' title='bbox 1670 2051 1763 2107; x_wconf 82' lang='lat' dir='ltr'><strong>adecti</strong></span> <span class='ocrx_word' id='word_1_301' title='bbox 1784 2058 1852 2110; x_wconf 90' lang='lat' dir='ltr'><strong>sant</strong></span> <span class='ocrx_word' id='word_1_302' title='bbox 1874 2053 1912 2109; x_wconf 92' lang='lat' dir='ltr'><strong>ad</strong></span> 
     </span>
     <span class='ocr_line' id='line_1_23' title="bbox 157 2141 1910 2218; baseline 0.005 -28"><span class='ocrx_word' id='word_1_303' title='bbox 157 2152 248 2209; x_wconf 87' lang='lat' dir='ltr'><strong>quarn</strong></span> <span class='ocrx_word' id='word_1_304' title='bbox 274 2141 441 2212; x_wconf 88' lang='lat' dir='ltr'><strong>reliqueret,</strong></span> <span class='ocrx_word' id='word_1_305' title='bbox 465 2143 613 2215; x_wconf 86' lang='lat' dir='ltr'><strong>respoudit</strong></span> <span class='ocrx_word' id='word_1_306' title='bbox 639 2159 647 2198; x_wconf 75' lang='grc' dir='ltr'><strong>ε</strong></span> <span class='ocrx_word' id='word_1_307' title='bbox 677 2165 688 2194; x_wconf 82' lang='grc' dir='ltr'>ι</span> <span class='ocrx_word' id='word_1_308' title='bbox 719 2145 839 2216; x_wconf 79' lang='lat' dir='ltr'><strong>Signum</strong></span> <span class='ocrx_word' id='word_1_309' title='bbox 874 2145 1009 2201; x_wconf 85' lang='lat' dir='ltr'><strong>Crocitixi</strong></span> <span class='ocrx_word' id='word_1_310' title='bbox 1054 2149 1246 2218; x_wconf 27' lang='lat' dir='ltr'><strong>‘peccatorum</strong></span> <span class='ocrx_word' id='word_1_311' title='bbox 1274 2142 1518 2197; x_wconf 86' lang='lat' dir='ltr'><strong>emendationem.</strong></span> <span class='ocrx_word' id='word_1_312' title='bbox 1540 2141 1605 2209; x_wconf 91' lang='lat' dir='ltr'><strong>Sed,</strong></span> <span class='ocrx_word' id='word_1_313' title='bbox 1639 2141 1690 2195; x_wconf 91' lang='lat' dir='ltr'><strong>ubi</strong></span> <span class='ocrx_word' id='word_1_314' title='bbox 1723 2142 1806 2197; x_wconf 89' lang='lat' dir='ltr'><strong>illum</strong></span> <span class='ocrx_word' id='word_1_315' title='bbox 1840 2142 1910 2198; x_wconf 85' lang='lat' dir='ltr'><strong>ialsa</strong></span> 
     </span>
     <span class='ocr_line' id='line_1_24' title="bbox 157 2228 1908 2305; baseline 0.003 -25"><span class='ocrx_word' id='word_1_316' title='bbox 157 2229 288 2283; x_wconf 85' lang='lat' dir='ltr'><strong>exterius</strong></span> <span class='ocrx_word' id='word_1_317' title='bbox 311 2230 388 2301; x_wconf 80' lang='lat' dir='ltr'><strong>fugi.</strong></span> <span class='ocrx_word' id='word_1_318' title='bbox 416 2230 470 2286; x_wconf 90' lang='lat' dir='ltr'><strong>Sed</strong></span> <span class='ocrx_word' id='word_1_319' title='bbox 495 2247 559 2286; x_wconf 92' lang='lat' dir='ltr'><strong>cum</strong></span> <span class='ocrx_word' id='word_1_320' title='bbox 585 2233 740 2301; x_wconf 87' lang='lat' dir='ltr'><strong>nescirem,</strong></span> <span class='ocrx_word' id='word_1_321' title='bbox 766 2250 825 2305; x_wconf 90' lang='lat' dir='ltr'><strong>quo</strong></span> <span class='ocrx_word' id='word_1_322' title='bbox 847 2233 934 2298; x_wconf 92' lang='lat' dir='ltr'><strong>irem,</strong></span> <span class='ocrx_word' id='word_1_323' title='bbox 959 2250 1018 2296; x_wconf 68' lang='lat' dir='ltr'><strong>vas,</strong></span> <span class='ocrx_word' id='word_1_324' title='bbox 1063 2234 1193 2304; x_wconf 81' lang='lat' dir='ltr'><strong>proferre</strong></span> <span class='ocrx_word' id='word_1_325' title='bbox 1207 2231 1237 2286; x_wconf 92' lang='lat' dir='ltr'><strong>in</strong></span> <span class='ocrx_word' id='word_1_326' title='bbox 1252 2246 1320 2285; x_wconf 82' lang='lat' dir='ltr'><strong>vcra</strong></span> <span class='ocrx_word' id='word_1_327' title='bbox 1337 2230 1447 2285; x_wconf 87' lang='lat' dir='ltr'><strong>visione</strong></span> <span class='ocrx_word' id='word_1_328' title='bbox 1465 2229 1532 2295; x_wconf 84' lang='lat' dir='ltr'><strong>vidi,</strong></span> <span class='ocrx_word' id='word_1_329' title='bbox 1547 2230 1631 2284; x_wconf 88' lang='lat' dir='ltr'><strong>illum</strong></span> <span class='ocrx_word' id='word_1_330' title='bbox 1647 2228 1744 2284; x_wconf 91' lang='lat' dir='ltr'><strong>statim</strong></span> <span class='ocrx_word' id='word_1_331' title='bbox 1755 2230 1908 2302; x_wconf 85' lang='lat' dir='ltr'><strong>redargui:</strong></span> 
     </span>
     <span class='ocr_line' id='line_1_25' title="bbox 158 2318 1909 2394; baseline 0.003 -25"><span class='ocrx_word' id='word_1_332' title='bbox 158 2331 259 2371; x_wconf 90' lang='lat' dir='ltr'><strong>meum</strong></span> <span class='ocrx_word' id='word_1_333' title='bbox 275 2333 395 2374; x_wconf 79' lang='lat' dir='ltr'><strong>vectium</strong></span> <span class='ocrx_word' id='word_1_334' title='bbox 411 2325 439 2374; x_wconf 90' lang='lat' dir='ltr'><strong>et</strong></span> <span class='ocrx_word' id='word_1_335' title='bbox 462 2335 518 2375; x_wconf 89' lang='lat' dir='ltr'><strong>nou</strong></span> <span class='ocrx_word' id='word_1_336' title='bbox 542 2321 687 2393; x_wconf 84' lang='lat' dir='ltr'><strong>signatum</strong></span> <span class='ocrx_word' id='word_1_337' title='bbox 713 2323 823 2394; x_wconf 90' lang='lat' dir='ltr'><strong>repetii.</strong></span> <span class='ocrx_word' id='word_1_338' title='bbox 840 2343 854 2374; x_wconf 79' lang='lat' dir='ltr'><strong>s</strong></span> <span class='ocrx_word' id='word_1_339' title='bbox 878 2323 1009 2394; x_wconf 87' lang='lat' dir='ltr'><strong>Cumque</strong></span> <span class='ocrx_word' id='word_1_340' title='bbox 1065 2321 1140 2376; x_wconf 88' lang='lat' dir='ltr'><strong>unde</strong></span> <span class='ocrx_word' id='word_1_341' title='bbox 1154 2335 1224 2376; x_wconf 82' lang='lat' dir='ltr'><strong>mox</strong></span> <span class='ocrx_word' id='word_1_342' title='bbox 1237 2320 1440 2382; x_wconf 73' lang='lat' dir='ltr'><strong>conficescene,</strong></span> <span class='ocrx_word' id='word_1_343' title='bbox 1464 2318 1600 2373; x_wconf 90' lang='lat' dir='ltr'><strong>dentibus</strong></span> <span class='ocrx_word' id='word_1_344' title='bbox 1614 2318 1644 2372; x_wconf 91' lang='lat' dir='ltr'><strong>in</strong></span> <span class='ocrx_word' id='word_1_345' title='bbox 1665 2333 1712 2373; x_wconf 91' lang='lat' dir='ltr'><strong>me</strong></span> <span class='ocrx_word' id='word_1_346' title='bbox 1736 2319 1909 2375; x_wconf 85' lang='lat' dir='ltr'><strong>frendebat:</strong></span> 
     </span>
     <span class='ocr_line' id='line_1_26' title="bbox 157 2406 1910 2484; baseline 0.003 -27"><span class='ocrx_word' id='word_1_347' title='bbox 157 2406 287 2476; x_wconf 66' lang='lat' dir='ltr'><strong>praelatis</strong></span> <span class='ocrx_word' id='word_1_348' title='bbox 316 2408 419 2464; x_wconf 88' lang='lat' dir='ltr'><strong>litteris</strong></span> <span class='ocrx_word' id='word_1_349' title='bbox 443 2412 472 2463; x_wconf 92' lang='lat' dir='ltr'><strong>et</strong></span> <span class='ocrx_word' id='word_1_350' title='bbox 493 2411 740 2482; x_wconf 88' lang='lat' dir='ltr'><strong>conjurationibus</strong></span> <span class='ocrx_word' id='word_1_351' title='bbox 759 2412 1006 2484; x_wconf 83' lang='lat' dir='ltr'><strong>sanctmrirginis,</strong></span> <span class='ocrx_word' id='word_1_352' title='bbox 1062 2409 1144 2480; x_wconf 86' lang='lat' dir='ltr'><strong>loqui</strong></span> <span class='ocrx_word' id='word_1_353' title='bbox 1158 2424 1226 2462; x_wconf 86' lang='lat' dir='ltr'><strong>vcro</strong></span> <span class='ocrx_word' id='word_1_354' title='bbox 1242 2407 1448 2479; x_wconf 89' lang='lat' dir='ltr'><strong>illomprcpter</strong></span> <span class='ocrx_word' id='word_1_355' title='bbox 1462 2406 1604 2477; x_wconf 88' lang='lat' dir='ltr'><strong>populum</strong></span> <span class='ocrx_word' id='word_1_356' title='bbox 1619 2422 1678 2462; x_wconf 92' lang='lat' dir='ltr'><strong>non</strong></span> <span class='ocrx_word' id='word_1_357' title='bbox 1692 2407 1827 2478; x_wconf 91' lang='lat' dir='ltr'><strong>prohibui</strong></span> <span class='ocrx_word' id='word_1_358' title='bbox 1842 2423 1910 2462; x_wconf 87' lang='lat' dir='ltr'><strong>eum</strong></span> 
     </span>
     <span class='ocr_line' id='line_1_27' title="bbox 157 2495 1316 2578; baseline 0.002 -30"><span class='ocrx_word' id='word_1_359' title='bbox 157 2499 192 2548; x_wconf 90' lang='lat' dir='ltr'><strong>ut</strong></span> <span class='ocrx_word' id='word_1_360' title='bbox 224 2495 329 2560; x_wconf 86' lang='lat' dir='ltr'><strong>exiret,</strong></span> <span class='ocrx_word' id='word_1_361' title='bbox 364 2503 532 2569; x_wconf 77' lang='lat' dir='ltr'><strong>cogeretur,</strong></span> <span class='ocrx_word' id='word_1_362' title='bbox 567 2499 702 2554; x_wconf 83' lang='lat' dir='ltr'><strong>frendens</strong></span> <span class='ocrx_word' id='word_1_363' title='bbox 734 2499 894 2578; x_wconf 77' lang='lat' dir='ltr'><strong>clamabat,</strong></span> <span class='ocrx_word' id='word_1_364' title='bbox 929 2501 1008 2572; x_wconf 89' lang='lat' dir='ltr'><strong>quod</strong></span> <span class='ocrx_word' id='word_1_365' title='bbox 1063 2497 1316 2568; x_wconf 84' lang='lat' dir='ltr'><strong>vercproicrebat.</strong></span> 
     </span>
     <span class='ocr_line' id='line_1_28' title="bbox 156 2583 1909 2660; baseline 0.002 -24"><span class='ocrx_word' id='word_1_366' title='bbox 156 2599 218 2636; x_wconf 92' lang='lat' dir='ltr'><strong>non</strong></span> <span class='ocrx_word' id='word_1_367' title='bbox 239 2583 296 2638; x_wconf 88' lang='lat' dir='ltr'><strong>uisi</strong></span> <span class='ocrx_word' id='word_1_368' title='bbox 316 2585 346 2638; x_wconf 91' lang='lat' dir='ltr'><strong>in</strong></span> <span class='ocrx_word' id='word_1_369' title='bbox 368 2587 521 2656; x_wconf 74' lang='lat' dir='ltr'><strong>presentie</strong></span> <span class='ocrx_word' id='word_1_370' title='bbox 543 2589 671 2659; x_wconf 86' lang='lat' dir='ltr'><strong>ejusdem</strong></span> <span class='ocrx_word' id='word_1_371' title='bbox 692 2590 794 2643; x_wconf 83' lang='lat' dir='ltr'><strong>retulre</strong></span> <span class='ocrx_word' id='word_1_372' title='bbox 810 2589 1006 2660; x_wconf 80' lang='lat' dir='ltr'><strong>egrederetur.</strong></span> <span class='ocrx_word' id='word_1_373' title='bbox 1099 2588 1142 2641; x_wconf 82' lang='grc'><strong>51.</strong></span> <span class='ocrx_word' id='word_1_374' title='bbox 1170 2607 1185 2635; x_wconf 76' lang='lat' dir='ltr'><strong>r</strong></span> <span class='ocrx_word' id='word_1_375' title='bbox 1207 2585 1337 2656; x_wconf 80' lang='lat' dir='ltr'><strong>[leuique</strong></span> <span class='ocrx_word' id='word_1_376' title='bbox 1359 2583 1482 2640; x_wconf 86' lang='lat' dir='ltr'><strong>Sabbata</strong></span> <span class='ocrx_word' id='word_1_377' title='bbox 1503 2584 1617 2651; x_wconf 88' lang='lat' dir='ltr'><strong>Sancto,</strong></span> <span class='ocrx_word' id='word_1_378' title='bbox 1636 2599 1702 2638; x_wconf 89' lang='lat' dir='ltr'><strong>cum</strong></span> <span class='ocrx_word' id='word_1_379' title='bbox 1725 2585 1790 2639; x_wconf 86' lang='lat' dir='ltr'><strong>tons</strong></span> <span class='ocrx_word' id='word_1_380' title='bbox 1813 2583 1909 2655; x_wconf 90' lang='lat' dir='ltr'><strong>bapti-</strong></span> 
     </span>
     <span class='ocr_line' id='line_1_29' title="bbox 155 2671 1907 2744; baseline 0.001 -18"><span class='ocrx_word' id='word_1_381' title='bbox 155 2671 249 2737; x_wconf 87' lang='lat' dir='ltr'><strong>Tunc,</strong></span> <span class='ocrx_word' id='word_1_382' title='bbox 266 2673 316 2744; x_wconf 89' lang='lat' dir='ltr'><strong>qui</strong></span> <span class='ocrx_word' id='word_1_383' title='bbox 332 2674 453 2728; x_wconf 88' lang='lat' dir='ltr'><strong>sanioris</strong></span> <span class='ocrx_word' id='word_1_384' title='bbox 473 2681 555 2731; x_wconf 88' lang='lat' dir='ltr'><strong>erent</strong></span> <span class='ocrx_word' id='word_1_385' title='bbox 578 2677 701 2744; x_wconf 89' lang='lat' dir='ltr'><strong>consilii,</strong></span> <span class='ocrx_word' id='word_1_386' title='bbox 729 2677 828 2732; x_wconf 89' lang='lat' dir='ltr'><strong>amicis</strong></span> <span class='ocrx_word' id='word_1_387' title='bbox 851 2683 880 2733; x_wconf 88' lang='lat' dir='ltr'><strong>et</strong></span> <span class='ocrx_word' id='word_1_388' title='bbox 905 2678 1006 2731; x_wconf 91' lang='lat' dir='ltr'><strong>tutori·</strong></span> <span class='ocrx_word' id='word_1_389' title='bbox 1062 2675 1161 2729; x_wconf 87' lang='lat' dir='ltr'><strong>ematis</strong></span> <span class='ocrx_word' id='word_1_390' title='bbox 1185 2680 1412 2740; x_wconf 88' lang='lat' dir='ltr'><strong>consecraretur,</strong></span> <span class='ocrx_word' id='word_1_391' title='bbox 1436 2673 1609 2743; x_wconf 82' lang='lat' dir='ltr'><strong>perflatum</strong></span> <span class='ocrx_word' id='word_1_392' title='bbox 1631 2672 1796 2738; x_wconf 86' lang='lat' dir='ltr'><strong>sacerdotis,</strong></span> <span class='ocrx_word' id='word_1_393' title='bbox 1821 2689 1907 2744; x_wconf 90' lang='lat' dir='ltr'><strong>quem</strong></span> 
     </span>
     <span class='ocr_line' id='line_1_30' title="bbox 155 2759 1909 2838; baseline 0.001 -24"><span class='ocrx_word' id='word_1_394' title='bbox 155 2759 210 2814; x_wconf 90' lang='lat' dir='ltr'><strong>bus</strong></span> <span class='ocrx_word' id='word_1_395' title='bbox 230 2761 347 2816; x_wconf 74' lang='lat' dir='ltr'><strong>feminas</strong></span> <span class='ocrx_word' id='word_1_396' title='bbox 370 2771 583 2834; x_wconf 84' lang='lat' dir='ltr'><strong>persuaserunt,</strong></span> <span class='ocrx_word' id='word_1_397' title='bbox 608 2773 640 2822; x_wconf 92' lang='lat' dir='ltr'><strong>ut</strong></span> <span class='ocrx_word' id='word_1_398' title='bbox 663 2768 695 2822; x_wconf 88' lang='lat' dir='ltr'><strong>ad</strong></span> <span class='ocrx_word' id='word_1_399' title='bbox 729 2767 840 2822; x_wconf 88' lang='lat' dir='ltr'><strong>beatam</strong></span> <span class='ocrx_word' id='word_1_400' title='bbox 864 2767 1007 2838; x_wconf 87' lang='lat' dir='ltr'><strong>virginem</strong></span> <span class='ocrx_word' id='word_1_401' title='bbox 1063 2764 1094 2818; x_wconf 89' lang='lat' dir='ltr'><strong>iu</strong></span> <span class='ocrx_word' id='word_1_402' title='bbox 1122 2764 1202 2819; x_wconf 81' lang='lat' dir='ltr'><strong>tonte</strong></span> <span class='ocrx_word' id='word_1_403' title='bbox 1226 2763 1325 2829; x_wconf 91' lang='lat' dir='ltr'><strong>mittit,</strong></span> <span class='ocrx_word' id='word_1_404' title='bbox 1349 2777 1416 2817; x_wconf 83' lang='lat' dir='ltr'><strong>curn</strong></span> <span class='ocrx_word' id='word_1_405' title='bbox 1441 2763 1535 2816; x_wconf 88' lang='lat' dir='ltr'><strong>verbis</strong></span> <span class='ocrx_word' id='word_1_406' title='bbox 1561 2776 1626 2832; x_wconf 80' lang='lat' dir='ltr'><strong>qum</strong></span> <span class='ocrx_word' id='word_1_407' title='bbox 1647 2761 1772 2832; x_wconf 88' lang='lat' dir='ltr'><strong>Spiritus</strong></span> <span class='ocrx_word' id='word_1_408' title='bbox 1794 2766 1909 2816; x_wconf 89' lang='lat' dir='ltr'><strong>sanctas</strong></span> 
     </span>
     <span class='ocr_line' id='line_1_31' title="bbox 155 2850 1908 2926; baseline 0.001 -24"><span class='ocrx_word' id='word_1_409' title='bbox 155 2864 222 2902; x_wconf 87' lang='lat' dir='ltr'><strong>eam</strong></span> <span class='ocrx_word' id='word_1_410' title='bbox 252 2851 451 2920; x_wconf 89' lang='lat' dir='ltr'><strong>perducerent.</strong></span> <span class='ocrx_word' id='word_1_411' title='bbox 483 2857 606 2926; x_wconf 78' lang='lat' dir='ltr'><strong>Accepta</strong></span> <span class='ocrx_word' id='word_1_412' title='bbox 636 2855 733 2926; x_wconf 87' lang='lat' dir='ltr'><strong>itaque</strong></span> <span class='ocrx_word' id='word_1_413' title='bbox 756 2855 865 2911; x_wconf 87' lang='lat' dir='ltr'><strong>abbatis</strong></span> <span class='ocrx_word' id='word_1_414' title='bbox 895 2860 924 2908; x_wconf 90' lang='lat' dir='ltr'><strong>et</strong></span> <span class='ocrx_word' id='word_1_415' title='bbox 950 2855 1006 2910; x_wconf 87' lang='lat' dir='ltr'><strong>ira·</strong></span> <span class='ocrx_word' id='word_1_416' title='bbox 1026 2852 1248 2921; x_wconf 75' lang='lat' dir='ltr'><strong>erationalitoti</strong></span> <span class='ocrx_word' id='word_1_417' title='bbox 1270 2850 1440 2908; x_wconf 88' lang='lat' dir='ltr'><strong>hominiset</strong></span> <span class='ocrx_word' id='word_1_418' title='bbox 1463 2850 1627 2905; x_wconf 86' lang='lat' dir='ltr'><strong>doctoribus</strong></span> <span class='ocrx_word' id='word_1_419' title='bbox 1641 2850 1772 2905; x_wconf 80' lang='lat' dir='ltr'><strong>Ecclesim</strong></span> <span class='ocrx_word' id='word_1_420' title='bbox 1787 2851 1908 2917; x_wconf 87' lang='lat' dir='ltr'><strong>inludit,</strong></span> 
     </span>
     <span class='ocr_line' id='line_1_32' title="bbox 155 2938 1908 3013; baseline 0.002 -23"><span class='ocrx_word' id='word_1_421' title='bbox 155 2942 237 2991; x_wconf 89' lang='lat' dir='ltr'><strong>trum</strong></span> <span class='ocrx_word' id='word_1_422' title='bbox 253 2938 450 2996; x_wconf 88' lang='lat' dir='ltr'><strong>benedictione</strong></span> <span class='ocrx_word' id='word_1_423' title='bbox 466 2959 530 2998; x_wconf 87' lang='lat' dir='ltr'><strong>cum</strong></span> <span class='ocrx_word' id='word_1_424' title='bbox 555 2943 799 2998; x_wconf 73' lang='lat' dir='ltr'><strong>commendatitiis</strong></span> <span class='ocrx_word' id='word_1_425' title='bbox 824 2944 938 3007; x_wconf 89' lang='lat' dir='ltr'><strong>litteris,</strong></span> <span class='ocrx_word' id='word_1_426' title='bbox 949 2961 1005 3000; x_wconf 87' lang='lat' dir='ltr'><strong>coe·</strong></span> <span class='ocrx_word' id='word_1_427' title='bbox 1060 2943 1197 3012; x_wconf 89' lang='lat' dir='ltr'><strong>quoniam</strong></span> <span class='ocrx_word' id='word_1_428' title='bbox 1211 2941 1241 2996; x_wconf 92' lang='lat' dir='ltr'><strong>in</strong></span> <span class='ocrx_word' id='word_1_429' title='bbox 1256 2941 1359 3013; x_wconf 85' lang='lat' dir='ltr'><strong>&#39;prima</strong></span> <span class='ocrx_word' id='word_1_430' title='bbox 1377 2939 1523 2995; x_wconf 89' lang='lat' dir='ltr'><strong>creatione</strong></span> <span class='ocrx_word' id='word_1_431' title='bbox 1538 2938 1664 3009; x_wconf 88' lang='lat' dir='ltr'><strong>Spiritus</strong></span> <span class='ocrx_word' id='word_1_432' title='bbox 1680 2939 1795 2994; x_wconf 81' lang='lat' dir='ltr'><strong>nomint</strong></span> <span class='ocrx_word' id='word_1_433' title='bbox 1819 2955 1908 3011; x_wconf 85' lang='lat' dir='ltr'><strong>aquas</strong></span> 
     </span>
     <span class='ocr_line' id='line_1_33' title="bbox 154 3027 1909 3102; baseline 0.003 -24"><span class='ocrx_word' id='word_1_434' title='bbox 154 3032 266 3094; x_wconf 84' lang='lat' dir='ltr'><strong>perant</strong></span> <span class='ocrx_word' id='word_1_435' title='bbox 297 3027 347 3082; x_wconf 92' lang='lat' dir='ltr'><strong>illo</strong></span> <span class='ocrx_word' id='word_1_436' title='bbox 374 3027 425 3083; x_wconf 90' lang='lat' dir='ltr'><strong>irc.</strong></span> <span class='ocrx_word' id='word_1_437' title='bbox 460 3030 573 3085; x_wconf 75' lang='lat' dir='ltr'><strong>Litterae</strong></span> <span class='ocrx_word' id='word_1_438' title='bbox 605 3036 700 3086; x_wconf 87' lang='lat' dir='ltr'><strong>antem</strong></span> <span class='ocrx_word' id='word_1_439' title='bbox 731 3031 761 3086; x_wconf 92' lang='lat' dir='ltr'><strong>in</strong></span> <span class='ocrx_word' id='word_1_440' title='bbox 785 3031 862 3086; x_wconf 88' lang='lat' dir='ltr'><strong>hunc</strong></span> <span class='ocrx_word' id='word_1_441' title='bbox 884 3031 1005 3086; x_wconf 91' lang='lat' dir='ltr'><strong>modurn</strong></span> <span class='ocrx_word' id='word_1_442' title='bbox 1060 3031 1460 3102; x_wconf 82' lang='lat' dir='ltr'><strong>morit‚sicotseriptumest</strong></span> <span class='ocrx_word' id='word_1_443' title='bbox 1481 3028 1610 3100; x_wconf 79' lang='lat' dir='ltr'><strong>Spiritus</strong></span> <span class='ocrx_word' id='word_1_444' title='bbox 1630 3030 1909 3090; x_wconf 74' lang='lat' dir='ltr'><strong>Dominirerehotur</strong></span> 
     </span>
     <span class='ocr_line' id='line_1_34' title="bbox 154 3117 1908 3193; baseline 0.003 -26"><span class='ocrx_word' id='word_1_445' title='bbox 154 3121 241 3167; x_wconf 89' lang='lat' dir='ltr'><strong>erant</strong></span> <span class='ocrx_word' id='word_1_446' title='bbox 265 3131 272 3168; x_wconf 75' lang='grc' dir='ltr'><strong><em>ε</em></strong></span> <span class='ocrx_word' id='word_1_447' title='bbox 298 3137 308 3164; x_wconf 79' lang='grc' dir='ltr'>ι</span> <span class='ocrx_word' id='word_1_448' title='bbox 333 3117 365 3170; x_wconf 84' lang='grc'><strong>11.</strong></span> <span class='ocrx_word' id='word_1_449' title='bbox 389 3118 547 3173; x_wconf 79' lang='lat' dir='ltr'><strong>venerabili</strong></span> <span class='ocrx_word' id='word_1_450' title='bbox 573 3119 707 3186; x_wconf 85' lang='lat' dir='ltr'><strong>domium,</strong></span> <span class='ocrx_word' id='word_1_451' title='bbox 740 3121 820 3174; x_wconf 91' lang='lat' dir='ltr'><strong>omni</strong></span> <span class='ocrx_word' id='word_1_452' title='bbox 848 3120 1005 3190; x_wconf 78' lang='lat' dir='ltr'><strong>gratiarum</strong></span> <span class='ocrx_word' id='word_1_453' title='bbox 1057 3135 1145 3192; x_wconf 77' lang='lat' dir='ltr'><strong>cuper</strong></span> <span class='ocrx_word' id='word_1_454' title='bbox 1165 3137 1268 3193; x_wconf 77' lang='lat' dir='ltr'><strong>equos,</strong></span> <span class='ocrx_word' id='word_1_455' title='bbox 1294 3118 1470 3173; x_wconf 76' lang='lat' dir='ltr'><strong>metieritis</strong></span> <span class='ocrx_word' id='word_1_456' title='bbox 1499 3133 1625 3188; x_wconf 72' lang='lat' dir='ltr'><strong>praesens</strong></span> <span class='ocrx_word' id='word_1_457' title='bbox 1657 3117 1697 3172; x_wconf 93' lang='lat' dir='ltr'><strong>ibi</strong></span> <span class='ocrx_word' id='word_1_458' title='bbox 1724 3123 1796 3186; x_wconf 89' lang='lat' dir='ltr'><strong>erat,</strong></span> <span class='ocrx_word' id='word_1_459' title='bbox 1822 3124 1908 3190; x_wconf 88' lang='lat' dir='ltr'><strong>atque</strong></span> 
     </span>
     <span class='ocr_line' id='line_1_35' title="bbox 154 3202 1909 3280; baseline 0.003 -25"><span class='ocrx_word' id='word_1_460' title='bbox 154 3202 267 3257; x_wconf 87' lang='lat' dir='ltr'><strong>actione</strong></span> <span class='ocrx_word' id='word_1_461' title='bbox 290 3203 395 3276; x_wconf 81' lang='lat' dir='ltr'><strong>dignm.</strong></span> <span class='ocrx_word' id='word_1_462' title='bbox 430 3207 461 3262; x_wconf 89' lang='lat' dir='ltr'><strong>G.</strong></span> <span class='ocrx_word' id='word_1_463' title='bbox 495 3208 778 3264; x_wconf 78' lang='lat' dir='ltr'><strong>brunwillarensium</strong></span> <span class='ocrx_word' id='word_1_464' title='bbox 813 3209 900 3264; x_wconf 87' lang='lat' dir='ltr'><strong>abbas</strong></span> <span class='ocrx_word' id='word_1_465' title='bbox 925 3209 1005 3264; x_wconf 91' lang='lat' dir='ltr'><strong>indi·</strong></span> <span class='ocrx_word' id='word_1_466' title='bbox 1059 3209 1165 3264; x_wconf 86' lang='lat' dir='ltr'><strong>timore</strong></span> <span class='ocrx_word' id='word_1_467' title='bbox 1191 3223 1297 3280; x_wconf 87' lang='lat' dir='ltr'><strong>magno</strong></span> <span class='ocrx_word' id='word_1_468' title='bbox 1318 3210 1461 3278; x_wconf 88' lang='lat' dir='ltr'><strong>correpta,</strong></span> <span class='ocrx_word' id='word_1_469' title='bbox 1483 3207 1524 3261; x_wconf 90' lang='lat' dir='ltr'><strong>ite</strong></span> <span class='ocrx_word' id='word_1_470' title='bbox 1547 3207 1730 3273; x_wconf 88' lang='lat' dir='ltr'><strong>contremuit,</strong></span> <span class='ocrx_word' id='word_1_471' title='bbox 1756 3207 1832 3278; x_wconf 89' lang='lat' dir='ltr'><strong>quod</strong></span> <span class='ocrx_word' id='word_1_472' title='bbox 1853 3212 1909 3261; x_wconf 92' lang='lat' dir='ltr'><strong>ter·</strong></span> 
     </span>
     <span class='ocr_line' id='line_1_36' title="bbox 153 3293 1907 3369; baseline 0.002 -25"><span class='ocrx_word' id='word_1_473' title='bbox 153 3305 241 3362; x_wconf 88' lang='lat' dir='ltr'><strong>gnus,</strong></span> <span class='ocrx_word' id='word_1_474' title='bbox 255 3307 321 3346; x_wconf 89' lang='lat' dir='ltr'><strong>cum</strong></span> <span class='ocrx_word' id='word_1_475' title='bbox 336 3293 395 3348; x_wconf 90' lang='lat' dir='ltr'><strong>suis</strong></span> <span class='ocrx_word' id='word_1_476' title='bbox 418 3295 555 3352; x_wconf 86' lang='lat' dir='ltr'><strong>tratribus</strong></span> <span class='ocrx_word' id='word_1_477' title='bbox 569 3297 673 3365; x_wconf 87' lang='lat' dir='ltr'><strong>vivere,</strong></span> <span class='ocrx_word' id='word_1_478' title='bbox 690 3299 839 3368; x_wconf 85' lang='lat' dir='ltr'><strong>prolicere,</strong></span> <span class='ocrx_word' id='word_1_479' title='bbox 864 3298 1004 3353; x_wconf 89' lang='lat' dir='ltr'><strong>muudum</strong></span> <span class='ocrx_word' id='word_1_480' title='bbox 1060 3313 1121 3352; x_wconf 86' lang='lat' dir='ltr'><strong>ram</strong></span> <span class='ocrx_word' id='word_1_481' title='bbox 1141 3297 1262 3369; x_wconf 91' lang='lat' dir='ltr'><strong>pedibus</strong></span> <span class='ocrx_word' id='word_1_482' title='bbox 1284 3295 1421 3368; x_wconf 80' lang='lat' dir='ltr'><strong>perfodit,</strong></span> <span class='ocrx_word' id='word_1_483' title='bbox 1449 3295 1536 3350; x_wconf 89' lang='lat' dir='ltr'><strong>etde</strong></span> <span class='ocrx_word' id='word_1_484' title='bbox 1561 3295 1690 3349; x_wconf 88' lang='lat' dir='ltr'><strong>horribili</strong></span> <span class='ocrx_word' id='word_1_485' title='bbox 1715 3295 1829 3365; x_wconf 85' lang='lat' dir='ltr'><strong>spiritu,</strong></span> <span class='ocrx_word' id='word_1_486' title='bbox 1856 3293 1907 3366; x_wconf 89' lang='lat' dir='ltr'><strong>qui</strong></span> 
     </span>
     <span class='ocr_line' id='line_1_37' title="bbox 152 3379 1906 3458; baseline 0.002 -24"><span class='ocrx_word' id='word_1_487' title='bbox 152 3379 229 3450; x_wconf 90' lang='lat' dir='ltr'><strong>pede</strong></span> <span class='ocrx_word' id='word_1_488' title='bbox 243 3381 341 3435; x_wconf 92' lang='lat' dir='ltr'><strong>subter</strong></span> <span class='ocrx_word' id='word_1_489' title='bbox 354 3381 471 3453; x_wconf 89' lang='lat' dir='ltr'><strong>habere,</strong></span> <span class='ocrx_word' id='word_1_490' title='bbox 488 3389 516 3439; x_wconf 87' lang='lat' dir='ltr'><strong>et</strong></span> <span class='ocrx_word' id='word_1_491' title='bbox 540 3385 679 3457; x_wconf 87' lang='lat' dir='ltr'><strong>quidquid</strong></span> <span class='ocrx_word' id='word_1_492' title='bbox 695 3386 811 3442; x_wconf 75' lang='lat' dir='ltr'><strong>samnite</strong></span> <span class='ocrx_word' id='word_1_493' title='bbox 837 3387 941 3442; x_wconf 81' lang='lat' dir='ltr'><strong>Christi</strong></span> <span class='ocrx_word' id='word_1_494' title='bbox 958 3403 1005 3442; x_wconf 84' lang='lat' dir='ltr'><strong>ex·</strong></span> <span class='ocrx_word' id='word_1_495' title='bbox 1057 3403 1121 3442; x_wconf 88' lang='lat' dir='ltr'><strong>eam</strong></span> <span class='ocrx_word' id='word_1_496' title='bbox 1147 3392 1338 3458; x_wconf 86' lang='lat' dir='ltr'><strong>oppresserat,</strong></span> <span class='ocrx_word' id='word_1_497' title='bbox 1361 3386 1509 3441; x_wconf 81' lang='lat' dir='ltr'><strong>sufflatum</strong></span> <span class='ocrx_word' id='word_1_498' title='bbox 1539 3401 1617 3456; x_wconf 74' lang='lat' dir='ltr'><strong>saepe</strong></span> <span class='ocrx_word' id='word_1_499' title='bbox 1649 3386 1754 3440; x_wconf 87' lang='lat' dir='ltr'><strong>emisit.</strong></span> <span class='ocrx_word' id='word_1_500' title='bbox 1784 3385 1845 3438; x_wconf 77' lang='lat' dir='ltr'><strong>bion</strong></span> <span class='ocrx_word' id='word_1_501' title='bbox 1876 3384 1906 3438; x_wconf 87' lang='lat' dir='ltr'><strong>in</strong></span> 
     </span>
     <span class='ocr_line' id='line_1_38' title="bbox 153 3467 1905 3546; baseline 0.002 -22"><span class='ocrx_word' id='word_1_502' title='bbox 153 3467 305 3524; x_wconf 87' lang='lat' dir='ltr'><strong>cellantius</strong></span> <span class='ocrx_word' id='word_1_503' title='bbox 329 3472 423 3542; x_wconf 92' lang='lat' dir='ltr'><strong>optari</strong></span> <span class='ocrx_word' id='word_1_504' title='bbox 456 3479 562 3544; x_wconf 79' lang='lat' dir='ltr'><strong>potest.</strong></span> <span class='ocrx_word' id='word_1_505' title='bbox 600 3474 682 3540; x_wconf 81' lang='lat' dir='ltr'><strong>erod</strong></span> <span class='ocrx_word' id='word_1_506' title='bbox 712 3475 851 3530; x_wconf 86' lang='lat' dir='ltr'><strong>Dominus</strong></span> <span class='ocrx_word' id='word_1_507' title='bbox 886 3493 934 3530; x_wconf 79' lang='lat' dir='ltr'><strong>vos</strong></span> <span class='ocrx_word' id='word_1_508' title='bbox 961 3491 1005 3532; x_wconf 90' lang='lat' dir='ltr'><strong>re-</strong></span> <span class='ocrx_word' id='word_1_509' title='bbox 1058 3491 1123 3530; x_wconf 82' lang='lat' dir='ltr'><strong>vera</strong></span> <span class='ocrx_word' id='word_1_510' title='bbox 1144 3476 1253 3531; x_wconf 87' lang='lat' dir='ltr'><strong>visione</strong></span> <span class='ocrx_word' id='word_1_511' title='bbox 1267 3475 1325 3530; x_wconf 84' lang='lat' dir='ltr'><strong>ridi</strong></span> <span class='ocrx_word' id='word_1_512' title='bbox 1338 3479 1368 3529; x_wconf 91' lang='lat' dir='ltr'><strong>et</strong></span> <span class='ocrx_word' id='word_1_513' title='bbox 1388 3474 1485 3529; x_wconf 85' lang='lat' dir='ltr'><strong>audivi</strong></span> <span class='ocrx_word' id='word_1_514' title='bbox 1506 3475 1585 3546; x_wconf 89' lang='lat' dir='ltr'><strong>qnod</strong></span> <span class='ocrx_word' id='word_1_515' title='bbox 1607 3474 1649 3528; x_wconf 84' lang='lat' dir='ltr'><strong>vis</strong></span> <span class='ocrx_word' id='word_1_516' title='bbox 1668 3473 1816 3541; x_wconf 69' lang='lat' dir='ltr'><strong>altissimi,</strong></span> <span class='ocrx_word' id='word_1_517' title='bbox 1840 3489 1905 3544; x_wconf 81' lang='lat' dir='ltr'><strong>quse</strong></span> 
     </span>
     <span class='ocr_line' id='line_1_39' title="bbox 152 3557 1908 3635; baseline 0.004 -25"><span class='ocrx_word' id='word_1_518' title='bbox 152 3557 257 3628; x_wconf 80' lang='lat' dir='ltr'><strong>spexit,</strong></span> <span class='ocrx_word' id='word_1_519' title='bbox 276 3579 286 3605; x_wconf 84' lang='grc' dir='ltr'>ι</span> <span class='ocrx_word' id='word_1_520' title='bbox 305 3564 358 3614; x_wconf 90' lang='lat' dir='ltr'><strong>etc.</strong></span> <span class='ocrx_word' id='word_1_521' title='bbox 379 3559 449 3616; x_wconf 83' lang='lat' dir='ltr'><strong>Vide</strong></span> <span class='ocrx_word' id='word_1_522' title='bbox 460 3563 543 3633; x_wconf 84' lang='lat' dir='ltr'><strong>epist.</strong></span> <span class='ocrx_word' id='word_1_523' title='bbox 561 3565 604 3618; x_wconf 79' lang='lat' dir='ltr'><strong>si.</strong></span> <span class='ocrx_word' id='word_1_524' title='bbox 1057 3571 1188 3620; x_wconf 87' lang='lat' dir='ltr'><strong>sanctum</strong></span> <span class='ocrx_word' id='word_1_525' title='bbox 1202 3565 1347 3635; x_wconf 89' lang='lat' dir='ltr'><strong>baptisma</strong></span> <span class='ocrx_word' id='word_1_526' title='bbox 1367 3563 1599 3630; x_wconf 86' lang='lat' dir='ltr'><strong>obumbraverat,</strong></span> <span class='ocrx_word' id='word_1_527' title='bbox 1621 3569 1650 3618; x_wconf 91' lang='lat' dir='ltr'><strong>et</strong></span> <span class='ocrx_word' id='word_1_528' title='bbox 1671 3579 1786 3634; x_wconf 85' lang='lat' dir='ltr'><strong>semper</strong></span> <span class='ocrx_word' id='word_1_529' title='bbox 1807 3563 1908 3618; x_wconf 89' lang='lat' dir='ltr'><strong>obum-</strong></span> 
     </span>
     <span class='ocr_line' id='line_1_40' title="bbox 190 3649 1907 3724; baseline 0.001 -22"><span class='ocrx_word' id='word_1_530' title='bbox 190 3649 236 3702; x_wconf 78' lang='lat'><strong>50.</strong></span> <span class='ocrx_word' id='word_1_531' title='bbox 263 3649 310 3702; x_wconf 85' lang='lat' dir='ltr'><strong>llis</strong></span> <span class='ocrx_word' id='word_1_532' title='bbox 333 3649 459 3721; x_wconf 87' lang='lat' dir='ltr'><strong>epistolis</strong></span> <span class='ocrx_word' id='word_1_533' title='bbox 494 3651 660 3721; x_wconf 80' lang='lat' dir='ltr'><strong>praelibatis,</strong></span> <span class='ocrx_word' id='word_1_534' title='bbox 693 3667 855 3724; x_wconf 84' lang='lat' dir='ltr'><strong>congruum</strong></span> <span class='ocrx_word' id='word_1_535' title='bbox 888 3653 1002 3710; x_wconf 79' lang='lat' dir='ltr'><strong>videtur</strong></span> <span class='ocrx_word' id='word_1_536' title='bbox 1056 3653 1131 3721; x_wconf 91' lang='lat' dir='ltr'><strong>brat,</strong></span> <span class='ocrx_word' id='word_1_537' title='bbox 1149 3654 1184 3708; x_wconf 92' lang='lat' dir='ltr'><strong>ad</strong></span> <span class='ocrx_word' id='word_1_538' title='bbox 1212 3654 1383 3709; x_wconf 85' lang='lat' dir='ltr'><strong>diabolicam</strong></span> <span class='ocrx_word' id='word_1_539' title='bbox 1413 3652 1680 3723; x_wconf 84' lang='lat' dir='ltr'><strong>conglobositatem,</strong></span> <span class='ocrx_word' id='word_1_540' title='bbox 1713 3669 1770 3723; x_wconf 90' lang='lat' dir='ltr'><strong>qua</strong></span> <span class='ocrx_word' id='word_1_541' title='bbox 1799 3651 1907 3706; x_wconf 78' lang='lat' dir='ltr'><strong>semina</strong></span> 
     </span>
     <span class='ocr_line' id='line_1_41' title="bbox 152 3736 1904 3813; baseline 0.002 -23"><span class='ocrx_word' id='word_1_542' title='bbox 152 3739 188 3790; x_wconf 91' lang='lat' dir='ltr'><strong>ut</strong></span> <span class='ocrx_word' id='word_1_543' title='bbox 201 3736 235 3791; x_wconf 89' lang='lat' dir='ltr'><strong>ad</strong></span> <span class='ocrx_word' id='word_1_544' title='bbox 257 3737 319 3803; x_wconf 94' lang='lat' dir='ltr'><strong>hoc,</strong></span> <span class='ocrx_word' id='word_1_545' title='bbox 341 3738 418 3792; x_wconf 86' lang='lat' dir='ltr'><strong>unde</strong></span> <span class='ocrx_word' id='word_1_546' title='bbox 441 3739 743 3809; x_wconf 35' lang='lat' dir='ltr'><strong>paululum-deflexit,</strong></span> <span class='ocrx_word' id='word_1_547' title='bbox 767 3741 858 3796; x_wconf 91' lang='lat' dir='ltr'><strong>oratio</strong></span> <span class='ocrx_word' id='word_1_548' title='bbox 885 3757 1003 3798; x_wconf 71' lang='lat' dir='ltr'><strong>res-oce·</strong></span> <span class='ocrx_word' id='word_1_549' title='bbox 1057 3741 1303 3813; x_wconf 84' lang='lat' dir='ltr'><strong>illatatigabatur,</strong></span> <span class='ocrx_word' id='word_1_550' title='bbox 1317 3741 1439 3796; x_wconf 75' lang='lat' dir='ltr'><strong>dixitz«</strong></span> <span class='ocrx_word' id='word_1_551' title='bbox 1464 3740 1552 3809; x_wconf 85' lang='lat' dir='ltr'><strong>Vade,</strong></span> <span class='ocrx_word' id='word_1_552' title='bbox 1574 3740 1688 3803; x_wconf 84' lang='lat' dir='ltr'><strong>Salano,</strong></span> <span class='ocrx_word' id='word_1_553' title='bbox 1706 3740 1740 3796; x_wconf 90' lang='lat' dir='ltr'><strong>ds</strong></span> <span class='ocrx_word' id='word_1_554' title='bbox 1766 3739 1904 3794; x_wconf 87' lang='lat' dir='ltr'><strong>taberna-</strong></span> 
     </span>
     <span class='ocr_line' id='line_1_42' title="bbox 151 3825 1907 3900; baseline 0.002 -21"><span class='ocrx_word' id='word_1_555' title='bbox 151 3829 212 3887; x_wconf 81' lang='lat' dir='ltr'><strong>tur,</strong></span> <span class='ocrx_word' id='word_1_556' title='bbox 236 3831 265 3878; x_wconf 89' lang='lat' dir='ltr'><strong>et</strong></span> <span class='ocrx_word' id='word_1_557' title='bbox 295 3825 444 3880; x_wconf 88' lang='lat' dir='ltr'><strong>videamus</strong></span> <span class='ocrx_word' id='word_1_558' title='bbox 468 3828 616 3898; x_wconf 89' lang='lat' dir='ltr'><strong>quomodo</strong></span> <span class='ocrx_word' id='word_1_559' title='bbox 642 3831 715 3884; x_wconf 89' lang='lat' dir='ltr'><strong>lleus</strong></span> <span class='ocrx_word' id='word_1_560' title='bbox 739 3830 772 3884; x_wconf 84' lang='lat' dir='ltr'><strong>nd</strong></span> <span class='ocrx_word' id='word_1_561' title='bbox 797 3830 915 3900; x_wconf 86' lang='lat' dir='ltr'><strong>virginis</strong></span> <span class='ocrx_word' id='word_1_562' title='bbox 944 3846 1004 3887; x_wconf 80' lang='lat' dir='ltr'><strong>snm</strong></span> <span class='ocrx_word' id='word_1_563' title='bbox 1057 3828 1907 3900; x_wconf 70' lang='lat' dir='ltr'><strong>ocolocorporismnlierisliujus,etdainaolocumSpi·</strong></span> 
     </span>
     <span class='ocr_line' id='line_1_43' title="bbox 150 3914 1906 3989; baseline 0.003 -23"><span class='ocrx_word' id='word_1_564' title='bbox 150 3914 392 3983; x_wconf 86' lang='lat' dir='ltr'><strong>glorilicaiionem</strong></span> <span class='ocrx_word' id='word_1_565' title='bbox 436 3919 495 3968; x_wconf 89' lang='lat' dir='ltr'><strong>tam</strong></span> <span class='ocrx_word' id='word_1_566' title='bbox 540 3915 589 3970; x_wconf 89' lang='lat' dir='ltr'><strong>diu</strong></span> <span class='ocrx_word' id='word_1_567' title='bbox 636 3917 722 3988; x_wconf 85' lang='lat' dir='ltr'><strong>bojas</strong></span> <span class='ocrx_word' id='word_1_568' title='bbox 758 3917 873 3973; x_wconf 76' lang='lat' dir='ltr'><strong>feminee</strong></span> <span class='ocrx_word' id='word_1_569' title='bbox 911 3919 1002 3974; x_wconf 89' lang='lat' dir='ltr'><strong>disto·</strong></span> <span class='ocrx_word' id='word_1_570' title='bbox 1058 3920 1157 3974; x_wconf 79' lang='lat' dir='ltr'><strong>»ritui</strong></span> <span class='ocrx_word' id='word_1_571' title='bbox 1171 3918 1404 3975; x_wconf 69' lang='lat' dir='ltr'><strong>sanctesium</strong></span> <span class='ocrx_word' id='word_1_572' title='bbox 1418 3917 1713 3988; x_wconf 89' lang='lat' dir='ltr'><strong>immuudnsspiritus</strong></span> <span class='ocrx_word' id='word_1_573' title='bbox 1728 3916 1906 3989; x_wconf 84' lang='lat' dir='ltr'><strong>perverenda</strong></span> 
     </span>
     <span class='ocr_line' id='line_1_44' title="bbox 150 4003 1905 4079; baseline 0.002 -23"><span class='ocrx_word' id='word_1_574' title='bbox 150 4004 186 4057; x_wconf 92' lang='lat' dir='ltr'><strong>lit</strong></span> <span class='ocrx_word' id='word_1_575' title='bbox 221 4003 432 4057; x_wconf 86' lang='lat' dir='ltr'><strong>liberationem.</strong></span> <span class='ocrx_word' id='word_1_576' title='bbox 470 4006 584 4060; x_wconf 87' lang='lat' dir='ltr'><strong>Poterat</strong></span> <span class='ocrx_word' id='word_1_577' title='bbox 627 4007 705 4061; x_wconf 90' lang='lat' dir='ltr'><strong>enim</strong></span> <span class='ocrx_word' id='word_1_578' title='bbox 748 4007 937 4078; x_wconf 85' lang='lat' dir='ltr'><strong>Omnipotens</strong></span> <span class='ocrx_word' id='word_1_579' title='bbox 974 4015 1004 4064; x_wconf 88' lang='lat' dir='ltr'><strong>et</strong></span> <span class='ocrx_word' id='word_1_580' title='bbox 1055 4007 1118 4063; x_wconf 88' lang='lat' dir='ltr'><strong>loca</strong></span> <span class='ocrx_word' id='word_1_581' title='bbox 1132 4008 1324 4064; x_wconf 72' lang='lat' dir='ltr'><strong>seminecum</strong></span> <span class='ocrx_word' id='word_1_582' title='bbox 1340 4007 1677 4079; x_wconf 85' lang='lat' dir='ltr'><strong>egestiouehorribiliter</strong></span> <span class='ocrx_word' id='word_1_583' title='bbox 1697 4021 1829 4075; x_wconf 88' lang='lat' dir='ltr'><strong>egressus</strong></span> <span class='ocrx_word' id='word_1_584' title='bbox 1850 4009 1905 4074; x_wconf 83' lang='lat' dir='ltr'><strong>esi,</strong></span> 
     </span>
     <span class='ocr_line' id='line_1_45' title="bbox 150 4092 1906 4166; baseline 0.001 -22"><span class='ocrx_word' id='word_1_585' title='bbox 150 4106 205 4162; x_wconf 88' lang='lat' dir='ltr'><strong>per</strong></span> <span class='ocrx_word' id='word_1_586' title='bbox 246 4092 317 4145; x_wconf 85' lang='lat' dir='ltr'><strong>aiios</strong></span> <span class='ocrx_word' id='word_1_587' title='bbox 354 4097 477 4159; x_wconf 85' lang='lat' dir='ltr'><strong>saucios,</strong></span> <span class='ocrx_word' id='word_1_588' title='bbox 521 4093 556 4148; x_wconf 90' lang='lat' dir='ltr'><strong>ad</strong></span> <span class='ocrx_word' id='word_1_589' title='bbox 602 4110 674 4166; x_wconf 91' lang='lat' dir='ltr'><strong>quos</strong></span> <span class='ocrx_word' id='word_1_590' title='bbox 719 4095 914 4150; x_wconf 84' lang='lat' dir='ltr'><strong>circumducta</strong></span> <span class='ocrx_word' id='word_1_591' title='bbox 961 4101 1003 4152; x_wconf 89' lang='lat' dir='ltr'><strong>tot</strong></span> <span class='ocrx_word' id='word_1_592' title='bbox 1056 4099 1086 4148; x_wconf 86' lang='lat' dir='ltr'><strong>et</strong></span> <span class='ocrx_word' id='word_1_593' title='bbox 1116 4094 1180 4165; x_wconf 88' lang='lat' dir='ltr'><strong>ipsa</strong></span> <span class='ocrx_word' id='word_1_594' title='bbox 1209 4094 1329 4149; x_wconf 88' lang='lat' dir='ltr'><strong>liberata</strong></span> <span class='ocrx_word' id='word_1_595' title='bbox 1348 4101 1399 4159; x_wconf 87' lang='lat' dir='ltr'><strong>est,</strong></span> <span class='ocrx_word' id='word_1_596' title='bbox 1424 4111 1457 4148; x_wconf 92' lang='lat' dir='ltr'><strong>ac</strong></span> <span class='ocrx_word' id='word_1_597' title='bbox 1477 4095 1612 4165; x_wconf 89' lang='lat' dir='ltr'><strong>deinceps</strong></span> <span class='ocrx_word' id='word_1_598' title='bbox 1632 4111 1701 4148; x_wconf 88' lang='lat' dir='ltr'><strong>sana</strong></span> <span class='ocrx_word' id='word_1_599' title='bbox 1725 4094 1755 4147; x_wconf 91' lang='lat' dir='ltr'><strong>in</strong></span> <span class='ocrx_word' id='word_1_600' title='bbox 1775 4092 1906 4147; x_wconf 89' lang='lat' dir='ltr'><strong>sensibus</strong></span> 
     </span>
     <span class='ocr_line' id='line_1_46' title="bbox 148 4160 1904 4254; baseline 0.001 -20"><span class='ocrx_word' id='word_1_601' title='bbox 148 4179 237 4234; x_wconf 85' lang='lat' dir='ltr'><strong>annis</strong></span> <span class='ocrx_word' id='word_1_602' title='bbox 262 4179 366 4247; x_wconf 84' lang='lat' dir='ltr'><strong>luerat,</strong></span> <span class='ocrx_word' id='word_1_603' title='bbox 392 4195 446 4250; x_wconf 90' lang='lat' dir='ltr'><strong>pro</strong></span> <span class='ocrx_word' id='word_1_604' title='bbox 471 4181 585 4236; x_wconf 86' lang='lat' dir='ltr'><strong>obsessa</strong></span> <span class='ocrx_word' id='word_1_605' title='bbox 616 4181 709 4250; x_wconf 81' lang='lat' dir='ltr'><strong>facile,</strong></span> <span class='ocrx_word' id='word_1_606' title='bbox 739 4184 815 4254; x_wconf 92' lang='lat' dir='ltr'><strong>quod</strong></span> <span class='ocrx_word' id='word_1_607' title='bbox 839 4185 999 4254; x_wconf 86' lang='lat' dir='ltr'><strong>petebatur.</strong></span> <span class='ocrx_word' id='word_1_608' title='bbox 1020 4160 1161 4237; x_wconf 78' lang='lat' dir='ltr'><strong>Eenimse</strong></span> <span class='ocrx_word' id='word_1_609' title='bbox 1177 4183 1528 4254; x_wconf 86' lang='lat' dir='ltr'><strong>etcorporispermansit‚</strong></span> <span class='ocrx_word' id='word_1_610' title='bbox 1553 4182 1684 4254; x_wconf 90' lang='lat' dir='ltr'><strong>quandiu</strong></span> <span class='ocrx_word' id='word_1_611' title='bbox 1709 4182 1740 4237; x_wconf 93' lang='lat' dir='ltr'><strong>in</strong></span> <span class='ocrx_word' id='word_1_612' title='bbox 1764 4187 1904 4252; x_wconf 75' lang='lat' dir='ltr'><strong>prasente</strong></span> 
     </span>
     <span class='ocr_line' id='line_1_47' title="bbox 147 4267 1905 4342; baseline -0.001 -20"><span class='ocrx_word' id='word_1_613' title='bbox 147 4274 297 4340; x_wconf 71' lang='lat' dir='ltr'><strong>praestare.</strong></span> <span class='ocrx_word' id='word_1_614' title='bbox 326 4267 379 4324; x_wconf 89' lang='lat' dir='ltr'><strong>Sed</strong></span> <span class='ocrx_word' id='word_1_615' title='bbox 403 4269 526 4339; x_wconf 86' lang='lat' dir='ltr'><strong>gloriam</strong></span> <span class='ocrx_word' id='word_1_616' title='bbox 551 4271 637 4341; x_wconf 83' lang='lat' dir='ltr'><strong>hrijus</strong></span> <span class='ocrx_word' id='word_1_617' title='bbox 663 4271 794 4327; x_wconf 85' lang='lat' dir='ltr'><strong>miraculi</strong></span> <span class='ocrx_word' id='word_1_618' title='bbox 819 4273 849 4328; x_wconf 91' lang='lat' dir='ltr'><strong>in</strong></span> <span class='ocrx_word' id='word_1_619' title='bbox 873 4281 1002 4330; x_wconf 88' lang='lat' dir='ltr'><strong>sanctam</strong></span> <span class='ocrx_word' id='word_1_620' title='bbox 1056 4272 1161 4326; x_wconf 79' lang='lat' dir='ltr'><strong>seculo</strong></span> <span class='ocrx_word' id='word_1_621' title='bbox 1176 4271 1259 4326; x_wconf 84' lang='lat' dir='ltr'><strong>vixit.</strong></span> <span class='ocrx_word' id='word_1_622' title='bbox 1280 4271 1361 4336; x_wconf 84' lang='lat' dir='ltr'><strong>Quod</strong></span> <span class='ocrx_word' id='word_1_623' title='bbox 1381 4278 1534 4342; x_wconf 88' lang='lat' dir='ltr'><strong>postquam</strong></span> <span class='ocrx_word' id='word_1_624' title='bbox 1557 4270 1587 4324; x_wconf 92' lang='lat' dir='ltr'><strong>in</strong></span> <span class='ocrx_word' id='word_1_625' title='bbox 1610 4270 1751 4340; x_wconf 88' lang='lat' dir='ltr'><strong>populum</strong></span> <span class='ocrx_word' id='word_1_626' title='bbox 1772 4269 1905 4338; x_wconf 86' lang='lat' dir='ltr'><strong>divulga·</strong></span> 
     </span>
     <span class='ocr_line' id='line_1_48' title="bbox 148 4355 1906 4434; baseline 0.001 -26"><span class='ocrx_word' id='word_1_627' title='bbox 148 4357 294 4427; x_wconf 77' lang='lat' dir='ltr'><strong>virginem</strong></span> <span class='ocrx_word' id='word_1_628' title='bbox 324 4355 511 4424; x_wconf 82' lang='lat' dir='ltr'><strong>transferens,</strong></span> <span class='ocrx_word' id='word_1_629' title='bbox 539 4359 706 4416; x_wconf 88' lang='lat' dir='ltr'><strong>meritorum</strong></span> <span class='ocrx_word' id='word_1_630' title='bbox 738 4361 800 4431; x_wconf 87' lang='lat' dir='ltr'><strong>ejus</strong></span> <span class='ocrx_word' id='word_1_631' title='bbox 832 4363 1001 4434; x_wconf 88' lang='lat' dir='ltr'><strong>qualitatem</strong></span> <span class='ocrx_word' id='word_1_632' title='bbox 1056 4363 1117 4414; x_wconf 91' lang='lat' dir='ltr'><strong>tum</strong></span> <span class='ocrx_word' id='word_1_633' title='bbox 1134 4364 1385 4425; x_wconf 89' lang='lat' dir='ltr'><strong>est,omnescnm</strong></span> <span class='ocrx_word' id='word_1_634' title='bbox 1404 4360 1521 4415; x_wconf 86' lang='lat' dir='ltr'><strong>canticis</strong></span> <span class='ocrx_word' id='word_1_635' title='bbox 1537 4359 1655 4413; x_wconf 85' lang='lat' dir='ltr'><strong>laudum</strong></span> <span class='ocrx_word' id='word_1_636' title='bbox 1681 4369 1708 4413; x_wconf 88' lang='lat' dir='ltr'><strong>er</strong></span> <span class='ocrx_word' id='word_1_637' title='bbox 1728 4356 1823 4411; x_wconf 80' lang='lat' dir='ltr'><strong>verbis</strong></span> <span class='ocrx_word' id='word_1_638' title='bbox 1843 4371 1906 4410; x_wconf 86' lang='lat' dir='ltr'><strong>ora·</strong></span> 
     </span>
     <span class='ocr_line' id='line_1_49' title="bbox 148 4445 1906 4520; baseline 0 -22"><span class='ocrx_word' id='word_1_639' title='bbox 148 4445 299 4498; x_wconf 80' lang='lat' dir='ltr'><strong>evidenter</strong></span> <span class='ocrx_word' id='word_1_640' title='bbox 320 4445 412 4499; x_wconf 83' lang='lat' dir='ltr'><strong>voluit</strong></span> <span class='ocrx_word' id='word_1_641' title='bbox 434 4446 544 4501; x_wconf 90' lang='lat' dir='ltr'><strong>cunctis</strong></span> <span class='ocrx_word' id='word_1_642' title='bbox 566 4463 616 4502; x_wconf 90' lang='lat' dir='ltr'><strong>suo</strong></span> <span class='ocrx_word' id='word_1_643' title='bbox 648 4454 778 4520; x_wconf 87' lang='lat' dir='ltr'><strong>tempore</strong></span> <span class='ocrx_word' id='word_1_644' title='bbox 808 4449 999 4506; x_wconf 78' lang='lat' dir='ltr'><strong>manifestare.</strong></span> <span class='ocrx_word' id='word_1_645' title='bbox 1056 4447 1166 4503; x_wconf 91' lang='lat' dir='ltr'><strong>tionum</strong></span> <span class='ocrx_word' id='word_1_646' title='bbox 1188 4447 1342 4503; x_wconf 86' lang='lat' dir='ltr'><strong>dicebant:</strong></span> <span class='ocrx_word' id='word_1_647' title='bbox 1371 4446 1474 4504; x_wconf 82' lang='lat' dir='ltr'><strong>Gloria</strong></span> <span class='ocrx_word' id='word_1_648' title='bbox 1504 4447 1565 4515; x_wconf 84' lang='lat' dir='ltr'><strong>libi,</strong></span> <span class='ocrx_word' id='word_1_649' title='bbox 1589 4447 1720 4502; x_wconf 82' lang='lat' dir='ltr'><strong>Domine.</strong></span> <span class='ocrx_word' id='word_1_650' title='bbox 1745 4447 1846 4517; x_wconf 87' lang='lat' dir='ltr'><strong>ltaque</strong></span> <span class='ocrx_word' id='word_1_651' title='bbox 1874 4449 1906 4499; x_wconf 90' lang='lat' dir='ltr'><strong>ot</strong></span> 
     </span>
     <span class='ocr_line' id='line_1_50' title="bbox 148 4533 1905 4609; baseline 0.001 -24"><span class='ocrx_word' id='word_1_652' title='bbox 148 4533 233 4597; x_wconf 86' lang='lat' dir='ltr'><strong>Quod</strong></span> <span class='ocrx_word' id='word_1_653' title='bbox 262 4533 388 4604; x_wconf 88' lang='lat' dir='ltr'><strong>qualiter</strong></span> <span class='ocrx_word' id='word_1_654' title='bbox 413 4535 563 4602; x_wconf 91' lang='lat' dir='ltr'><strong>acciderit,</strong></span> <span class='ocrx_word' id='word_1_655' title='bbox 588 4552 621 4592; x_wconf 87' lang='lat' dir='ltr'><strong>ex</strong></span> <span class='ocrx_word' id='word_1_656' title='bbox 650 4537 744 4593; x_wconf 84' lang='lat' dir='ltr'><strong>verbis</strong></span> <span class='ocrx_word' id='word_1_657' title='bbox 778 4538 868 4609; x_wconf 91' lang='lat' dir='ltr'><strong>ipsius</strong></span> <span class='ocrx_word' id='word_1_658' title='bbox 898 4540 1002 4594; x_wconf 87' lang='lat' dir='ltr'><strong>melius</strong></span> <span class='ocrx_word' id='word_1_659' title='bbox 1056 4537 1131 4590; x_wconf 83' lang='lat' dir='ltr'><strong>Deos</strong></span> <span class='ocrx_word' id='word_1_660' title='bbox 1142 4537 1283 4608; x_wconf 88' lang='lat' dir='ltr'><strong>permisit,</strong></span> <span class='ocrx_word' id='word_1_661' title='bbox 1300 4537 1377 4608; x_wconf 90' lang='lat' dir='ltr'><strong>quod</strong></span> <span class='ocrx_word' id='word_1_662' title='bbox 1390 4536 1476 4592; x_wconf 90' lang='lat' dir='ltr'><strong>Satan</strong></span> <span class='ocrx_word' id='word_1_663' title='bbox 1491 4541 1584 4591; x_wconf 83' lang='lat' dir='ltr'><strong>totirm</strong></span> <span class='ocrx_word' id='word_1_664' title='bbox 1599 4552 1704 4607; x_wconf 88' lang='lat' dir='ltr'><strong>corpus</strong></span> <span class='ocrx_word' id='word_1_665' title='bbox 1717 4535 1771 4590; x_wconf 88' lang='lat' dir='ltr'><strong>tob</strong></span> <span class='ocrx_word' id='word_1_666' title='bbox 1786 4535 1905 4589; x_wconf 88' lang='lat' dir='ltr'><strong>horrore</strong></span> 
     </span>
     <span class='ocr_line' id='line_1_51' title="bbox 147 4621 1903 4700; baseline 0.001 -26"><span class='ocrx_word' id='word_1_667' title='bbox 147 4623 284 4693; x_wconf 90' lang='lat' dir='ltr'><strong>cognosci</strong></span> <span class='ocrx_word' id='word_1_668' title='bbox 307 4621 426 4691; x_wconf 87' lang='lat' dir='ltr'><strong>poterit.</strong></span> <span class='ocrx_word' id='word_1_669' title='bbox 461 4643 476 4674; x_wconf 82' lang='lat' dir='ltr'><strong>u</strong></span> <span class='ocrx_word' id='word_1_670' title='bbox 509 4625 548 4679; x_wconf 80' lang='lat' dir='ltr'><strong>ue</strong></span> <span class='ocrx_word' id='word_1_671' title='bbox 571 4625 706 4694; x_wconf 85' lang='lat' dir='ltr'><strong>adventu,</strong></span> <span class='ocrx_word' id='word_1_672' title='bbox 740 4627 844 4699; x_wconf 89' lang='lat' dir='ltr'><strong>inquit,</strong></span> <span class='ocrx_word' id='word_1_673' title='bbox 874 4629 1001 4700; x_wconf 78' lang='lat' dir='ltr'><strong>presiatae</strong></span> <span class='ocrx_word' id='word_1_674' title='bbox 1054 4630 1083 4678; x_wconf 90' lang='lat' dir='ltr'><strong>et</strong></span> <span class='ocrx_word' id='word_1_675' title='bbox 1103 4624 1194 4678; x_wconf 88' lang='lat' dir='ltr'><strong>ictorc</strong></span> <span class='ocrx_word' id='word_1_676' title='bbox 1217 4624 1359 4680; x_wconf 89' lang='lat' dir='ltr'><strong>vermium</strong></span> <span class='ocrx_word' id='word_1_677' title='bbox 1384 4625 1581 4696; x_wconf 82' lang='lat' dir='ltr'><strong>perfunderet,</strong></span> <span class='ocrx_word' id='word_1_678' title='bbox 1606 4631 1637 4678; x_wconf 90' lang='lat' dir='ltr'><strong>ot</strong></span> <span class='ocrx_word' id='word_1_679' title='bbox 1661 4624 1710 4677; x_wconf 90' lang='lat' dir='ltr'><strong>ille</strong></span> <span class='ocrx_word' id='word_1_680' title='bbox 1729 4622 1903 4683; x_wconf 85' lang='lat' dir='ltr'><strong>aestimabat,</strong></span> 
     </span>
     <span class='ocr_line' id='line_1_52' title="bbox 149 4708 1902 4787; baseline 0.001 -24"><span class='ocrx_word' id='word_1_681' title='bbox 149 4708 283 4764; x_wconf 87' lang='lat' dir='ltr'><strong>mulieris</strong></span> <span class='ocrx_word' id='word_1_682' title='bbox 312 4710 436 4764; x_wconf 90' lang='lat' dir='ltr'><strong>multum</strong></span> <span class='ocrx_word' id='word_1_683' title='bbox 463 4711 606 4767; x_wconf 84' lang='lat' dir='ltr'><strong>exterritoe</strong></span> <span class='ocrx_word' id='word_1_684' title='bbox 627 4713 745 4778; x_wconf 82' lang='lat' dir='ltr'><strong>fuimus,</strong></span> <span class='ocrx_word' id='word_1_685' title='bbox 770 4717 916 4787; x_wconf 90' lang='lat' dir='ltr'><strong>quomodo</strong></span> <span class='ocrx_word' id='word_1_686' title='bbox 935 4733 998 4771; x_wconf 83' lang='lat' dir='ltr'><strong>eaor</strong></span> <span class='ocrx_word' id='word_1_687' title='bbox 1055 4713 1131 4783; x_wconf 87' lang='lat' dir='ltr'><strong>qood</strong></span> <span class='ocrx_word' id='word_1_688' title='bbox 1158 4729 1210 4783; x_wconf 91' lang='lat' dir='ltr'><strong>per</strong></span> <span class='ocrx_word' id='word_1_689' title='bbox 1235 4713 1436 4784; x_wconf 88' lang='lat' dir='ltr'><strong>deceptionem</strong></span> <span class='ocrx_word' id='word_1_690' title='bbox 1464 4729 1558 4780; x_wconf 87' lang='lat' dir='ltr'><strong>snam,</strong></span> <span class='ocrx_word' id='word_1_691' title='bbox 1592 4729 1649 4784; x_wconf 80' lang='lat' dir='ltr'><strong>qrra</strong></span> <span class='ocrx_word' id='word_1_692' title='bbox 1679 4713 1820 4766; x_wconf 91' lang='lat' dir='ltr'><strong>bonorem</strong></span> <span class='ocrx_word' id='word_1_693' title='bbox 1853 4709 1902 4764; x_wconf 83' lang='lat' dir='ltr'><strong>oei</strong></span> 
     </span>
     <span class='ocr_line' id='line_1_53' title="bbox 148 4798 1901 4876; baseline 0.003 -28"><span class='ocrx_word' id='word_1_694' title='bbox 148 4798 249 4852; x_wconf 81' lang='lat' dir='ltr'><strong>sidere</strong></span> <span class='ocrx_word' id='word_1_695' title='bbox 264 4800 307 4854; x_wconf 86' lang='lat' dir='ltr'><strong>vel</strong></span> <span class='ocrx_word' id='word_1_696' title='bbox 325 4799 425 4854; x_wconf 84' lang='lat' dir='ltr'><strong>audire</strong></span> <span class='ocrx_word' id='word_1_697' title='bbox 442 4816 602 4872; x_wconf 90' lang='lat' dir='ltr'><strong>possemus,</strong></span> <span class='ocrx_word' id='word_1_698' title='bbox 617 4802 653 4857; x_wconf 91' lang='lat' dir='ltr'><strong>de</strong></span> <span class='ocrx_word' id='word_1_699' title='bbox 668 4818 725 4874; x_wconf 91' lang='lat' dir='ltr'><strong>qna</strong></span> <span class='ocrx_word' id='word_1_700' title='bbox 740 4803 883 4873; x_wconf 81' lang='lat' dir='ltr'><strong>plrmimus</strong></span> <span class='ocrx_word' id='word_1_701' title='bbox 907 4821 999 4876; x_wconf 90' lang='lat' dir='ltr'><strong>popu-</strong></span> <span class='ocrx_word' id='word_1_702' title='bbox 1054 4799 1254 4872; x_wconf 86' lang='lat' dir='ltr'><strong>abnegaverat,</strong></span> <span class='ocrx_word' id='word_1_703' title='bbox 1277 4800 1362 4855; x_wconf 90' lang='lat' dir='ltr'><strong>istum</strong></span> <span class='ocrx_word' id='word_1_704' title='bbox 1379 4799 1465 4856; x_wconf 88' lang='lat' dir='ltr'><strong>etiam</strong></span> <span class='ocrx_word' id='word_1_705' title='bbox 1481 4818 1616 4874; x_wconf 86' lang='lat' dir='ltr'><strong>superare</strong></span> <span class='ocrx_word' id='word_1_706' title='bbox 1631 4805 1736 4870; x_wconf 89' lang='lat' dir='ltr'><strong>posset,</strong></span> <span class='ocrx_word' id='word_1_707' title='bbox 1758 4800 1815 4853; x_wconf 85' lang='lat' dir='ltr'><strong>Deo</strong></span> <span class='ocrx_word' id='word_1_708' title='bbox 1839 4798 1901 4852; x_wconf 88' lang='lat' dir='ltr'><strong>ani·</strong></span> 
     </span>
     <span class='ocr_line' id='line_1_54' title="bbox 122 4885 1902 4960; baseline -0.001 -19"><span class='ocrx_word' id='word_1_709' title='bbox 122 4912 127 4919; x_wconf 95' lang='lat'>·</span> <span class='ocrx_word' id='word_1_710' title='bbox 148 4888 196 4941; x_wconf 86' lang='lat' dir='ltr'><strong>lus</strong></span> <span class='ocrx_word' id='word_1_711' title='bbox 213 4903 263 4956; x_wconf 91' lang='lat' dir='ltr'><strong>per</strong></span> <span class='ocrx_word' id='word_1_712' title='bbox 276 4892 321 4942; x_wconf 89' lang='lat' dir='ltr'><strong>tot</strong></span> <span class='ocrx_word' id='word_1_713' title='bbox 334 4893 465 4960; x_wconf 88' lang='lat' dir='ltr'><strong>tempora</strong></span> <span class='ocrx_word' id='word_1_714' title='bbox 478 4894 539 4944; x_wconf 90' lang='lat' dir='ltr'><strong>erat</strong></span> <span class='ocrx_word' id='word_1_715' title='bbox 553 4897 724 4948; x_wconf 89' lang='lat' dir='ltr'><strong>commotus.</strong></span> <span class='ocrx_word' id='word_1_716' title='bbox 745 4891 798 4947; x_wconf 90' lang='lat' dir='ltr'><strong>Sed</strong></span> <span class='ocrx_word' id='word_1_717' title='bbox 813 4892 888 4947; x_wconf 87' lang='lat' dir='ltr'><strong>Deos</strong></span> <span class='ocrx_word' id='word_1_718' title='bbox 903 4908 999 4948; x_wconf 90' lang='lat' dir='ltr'><strong>rorem</strong></span> <span class='ocrx_word' id='word_1_719' title='bbox 1055 4903 1132 4943; x_wconf 91' lang='lat' dir='ltr'><strong>mam</strong></span> <span class='ocrx_word' id='word_1_720' title='bbox 1147 4888 1209 4960; x_wconf 85' lang='lat' dir='ltr'><strong>ejus</strong></span> <span class='ocrx_word' id='word_1_721' title='bbox 1224 4890 1412 4956; x_wconf 86' lang='lat' dir='ltr'><strong>custodiente,</strong></span> <span class='ocrx_word' id='word_1_722' title='bbox 1427 4895 1545 4956; x_wconf 81' lang='lat' dir='ltr'><strong>tangere</strong></span> <span class='ocrx_word' id='word_1_723' title='bbox 1565 4906 1630 4943; x_wconf 87' lang='lat' dir='ltr'><strong>eum</strong></span> <span class='ocrx_word' id='word_1_724' title='bbox 1642 4904 1699 4942; x_wconf 92' lang='lat' dir='ltr'><strong>non</strong></span> <span class='ocrx_word' id='word_1_725' title='bbox 1714 4886 1817 4958; x_wconf 89' lang='lat' dir='ltr'><strong>potuit,</strong></span> <span class='ocrx_word' id='word_1_726' title='bbox 1833 4885 1902 4957; x_wconf 89' lang='lat' dir='ltr'><strong>quia</strong></span> 
     </span>
     <span class='ocr_line' id='line_1_55' title="bbox 147 4975 1903 5052; baseline -0.001 -22"><span class='ocrx_word' id='word_1_727' title='bbox 147 4975 301 5031; x_wconf 86' lang='lat' dir='ltr'><strong>suavitatis</strong></span> <span class='ocrx_word' id='word_1_728' title='bbox 319 4993 378 5032; x_wconf 84' lang='lat' dir='ltr'><strong>sure</strong></span> <span class='ocrx_word' id='word_1_729' title='bbox 406 4993 492 5049; x_wconf 90' lang='lat' dir='ltr'><strong>super</strong></span> <span class='ocrx_word' id='word_1_730' title='bbox 515 4995 567 5034; x_wconf 91' lang='lat' dir='ltr'><strong>nos</strong></span> <span class='ocrx_word' id='word_1_731' title='bbox 589 4980 674 5051; x_wconf 88' lang='lat' dir='ltr'><strong>pluit,</strong></span> <span class='ocrx_word' id='word_1_732' title='bbox 697 4985 726 5036; x_wconf 91' lang='lat' dir='ltr'><strong>et</strong></span> <span class='ocrx_word' id='word_1_733' title='bbox 749 4981 856 5052; x_wconf 90' lang='lat' dir='ltr'><strong>absque</strong></span> <span class='ocrx_word' id='word_1_734' title='bbox 877 4982 996 5038; x_wconf 89' lang='lat' dir='ltr'><strong>horrore</strong></span> <span class='ocrx_word' id='word_1_735' title='bbox 1053 4977 1107 5032; x_wconf 81' lang='lat' dir='ltr'><strong>iob</strong></span> <span class='ocrx_word' id='word_1_736' title='bbox 1123 4979 1214 5033; x_wconf 87' lang='lat' dir='ltr'><strong>Deum</strong></span> <span class='ocrx_word' id='word_1_737' title='bbox 1233 4978 1263 5032; x_wconf 92' lang='lat' dir='ltr'><strong>in</strong></span> <span class='ocrx_word' id='word_1_738' title='bbox 1283 4978 1340 5033; x_wconf 85' lang='lat' dir='ltr'><strong>fide</strong></span> <span class='ocrx_word' id='word_1_739' title='bbox 1356 4994 1414 5034; x_wconf 90' lang='lat' dir='ltr'><strong>uon</strong></span> <span class='ocrx_word' id='word_1_740' title='bbox 1429 4978 1595 5050; x_wconf 90' lang='lat' dir='ltr'><strong>dereliquit,</strong></span> <span class='ocrx_word' id='word_1_741' title='bbox 1619 4977 1695 5032; x_wconf 89' lang='lat' dir='ltr'><strong>unde</strong></span> <span class='ocrx_word' id='word_1_742' title='bbox 1716 4981 1746 5031; x_wconf 90' lang='lat' dir='ltr'><strong>ei</strong></span> <span class='ocrx_word' id='word_1_743' title='bbox 1767 4975 1903 5030; x_wconf 88' lang='lat' dir='ltr'><strong>conlusus</strong></span> 
     </span>
     <span class='ocr_line' id='line_1_56' title="bbox 146 5064 1902 5139; baseline 0 -21"><span class='ocrx_word' id='word_1_744' title='bbox 146 5069 180 5118; x_wconf 86' lang='lat' dir='ltr'><strong>et</strong></span> <span class='ocrx_word' id='word_1_745' title='bbox 206 5068 333 5119; x_wconf 91' lang='lat' dir='ltr'><strong>tremore</strong></span> <span class='ocrx_word' id='word_1_746' title='bbox 358 5064 388 5119; x_wconf 87' lang='lat' dir='ltr'><strong>in</strong></span> <span class='ocrx_word' id='word_1_747' title='bbox 410 5065 573 5121; x_wconf 87' lang='lat' dir='ltr'><strong>habitacula</strong></span> <span class='ocrx_word' id='word_1_748' title='bbox 598 5081 729 5122; x_wconf 89' lang='lat' dir='ltr'><strong>sororum</strong></span> <span class='ocrx_word' id='word_1_749' title='bbox 749 5066 857 5138; x_wconf 86' lang='lat' dir='ltr'><strong>absque</strong></span> <span class='ocrx_word' id='word_1_750' title='bbox 881 5069 1001 5139; x_wconf 87' lang='lat' dir='ltr'><strong>adjuto·</strong></span> <span class='ocrx_word' id='word_1_751' title='bbox 1053 5065 1138 5121; x_wconf 88' lang='lat' dir='ltr'><strong>abeo</strong></span> <span class='ocrx_word' id='word_1_752' title='bbox 1158 5067 1295 5134; x_wconf 88' lang='lat' dir='ltr'><strong>discessit,</strong></span> <span class='ocrx_word' id='word_1_753' title='bbox 1320 5067 1390 5139; x_wconf 88' lang='lat' dir='ltr'><strong>quia</strong></span> <span class='ocrx_word' id='word_1_754' title='bbox 1404 5069 1479 5123; x_wconf 89' lang='lat' dir='ltr'><strong>lleus</strong></span> <span class='ocrx_word' id='word_1_755' title='bbox 1492 5084 1545 5138; x_wconf 88' lang='lat' dir='ltr'><strong>per</strong></span> <span class='ocrx_word' id='word_1_756' title='bbox 1559 5066 1655 5137; x_wconf 87' lang='lat' dir='ltr'><strong>ipsum</strong></span> <span class='ocrx_word' id='word_1_757' title='bbox 1678 5066 1762 5121; x_wconf 89' lang='lat' dir='ltr'><strong>Satan</strong></span> <span class='ocrx_word' id='word_1_758' title='bbox 1786 5079 1902 5135; x_wconf 88' lang='lat' dir='ltr'><strong>snpera-</strong></span> 
     </span>
    </p>
   </div>
   <div class='ocr_carea' id='block_1_3' title="bbox 145 5201 1902 5490">
    <p class='ocr_par' dir='ltr' id='par_1_3' title="bbox 145 5201 1902 5421">
     <span class='ocr_line' id='line_1_57' title="bbox 186 5201 1902 5279; baseline 0.002 -23"><span class='ocrx_word' id='word_1_759' title='bbox 186 5201 244 5272; x_wconf 77' lang='lat'><strong>(³2)</strong></span> <span class='ocrx_word' id='word_1_760' title='bbox 268 5203 416 5258; x_wconf 86' lang='lat' dir='ltr'><strong>Novatiani</strong></span> <span class='ocrx_word' id='word_1_761' title='bbox 437 5203 574 5273; x_wconf 78' lang='lat' dir='ltr'><strong>boerelici,</strong></span> <span class='ocrx_word' id='word_1_762' title='bbox 597 5205 648 5278; x_wconf 92' lang='lat' dir='ltr'><strong>qui</strong></span> <span class='ocrx_word' id='word_1_763' title='bbox 663 5206 718 5261; x_wconf 91' lang='lat' dir='ltr'><strong>orti</strong></span> <span class='ocrx_word' id='word_1_764' title='bbox 740 5212 807 5261; x_wconf 88' lang='lat' dir='ltr'><strong>sant</strong></span> <span class='ocrx_word' id='word_1_765' title='bbox 826 5208 931 5262; x_wconf 73' lang='lat' dir='ltr'><strong>seculo</strong></span> <span class='ocrx_word' id='word_1_766' title='bbox 955 5225 998 5279; x_wconf 90' lang='lat' dir='ltr'><strong>m,</strong></span> <span class='ocrx_word' id='word_1_767' title='bbox 1053 5212 1194 5278; x_wconf 86' lang='lat' dir='ltr'><strong>repetam,</strong></span> <span class='ocrx_word' id='word_1_768' title='bbox 1222 5207 1314 5263; x_wconf 86' lang='lat' dir='ltr'><strong>videri</strong></span> <span class='ocrx_word' id='word_1_769' title='bbox 1343 5214 1463 5274; x_wconf 86' lang='lat' dir='ltr'><strong>possunt</strong></span> <span class='ocrx_word' id='word_1_770' title='bbox 1493 5224 1528 5262; x_wconf 88' lang='lat' dir='ltr'><strong>ea</strong></span> <span class='ocrx_word' id='word_1_771' title='bbox 1549 5223 1614 5279; x_wconf 72' lang='lat' dir='ltr'><strong>quoe</strong></span> <span class='ocrx_word' id='word_1_772' title='bbox 1639 5207 1674 5262; x_wconf 89' lang='lat' dir='ltr'><strong>de</strong></span> <span class='ocrx_word' id='word_1_773' title='bbox 1698 5206 1830 5263; x_wconf 89' lang='lat' dir='ltr'><strong>Catharis</strong></span> <span class='ocrx_word' id='word_1_774' title='bbox 1851 5209 1902 5261; x_wconf 77' lang='lat' dir='ltr'><strong>sre-</strong></span> 
     </span>
     <span class='ocr_line' id='line_1_58' title="bbox 147 5275 1902 5348; baseline 0.002 -20"><span class='ocrx_word' id='word_1_775' title='bbox 147 5290 179 5328; x_wconf 89' lang='lat' dir='ltr'><strong>se</strong></span> <span class='ocrx_word' id='word_1_776' title='bbox 206 5275 304 5328; x_wconf 80' lang='lat' dir='ltr'><strong>Graeco</strong></span> <span class='ocrx_word' id='word_1_777' title='bbox 332 5276 449 5330; x_wconf 87' lang='lat' dir='ltr'><strong>nomine</strong></span> <span class='ocrx_word' id='word_1_778' title='bbox 479 5277 617 5332; x_wconf 85' lang='lat' dir='ltr'><strong>Cutharos</strong></span> <span class='ocrx_word' id='word_1_779' title='bbox 644 5276 703 5332; x_wconf 87' lang='lat' dir='ltr'><strong>sive</strong></span> <span class='ocrx_word' id='word_1_780' title='bbox 729 5293 818 5346; x_wconf 85' lang='lat' dir='ltr'><strong>puros</strong></span> <span class='ocrx_word' id='word_1_781' title='bbox 844 5278 995 5335; x_wconf 85' lang='lat' dir='ltr'><strong>dixerunt.</strong></span> <span class='ocrx_word' id='word_1_782' title='bbox 1052 5278 1109 5332; x_wconf 89' lang='lat' dir='ltr'><strong>culi</strong></span> <span class='ocrx_word' id='word_1_783' title='bbox 1124 5296 1161 5333; x_wconf 79' lang='lat' dir='ltr'><strong>nn</strong></span> <span class='ocrx_word' id='word_1_784' title='bbox 1176 5284 1204 5333; x_wconf 91' lang='lat' dir='ltr'><strong>et</strong></span> <span class='ocrx_word' id='word_1_785' title='bbox 1218 5295 1267 5336; x_wconf 83' lang='lat' dir='ltr'><strong>rui</strong></span> <span class='ocrx_word' id='word_1_786' title='bbox 1282 5278 1441 5335; x_wconf 84' lang='lat' dir='ltr'><strong>observavit</strong></span> <span class='ocrx_word' id='word_1_787' title='bbox 1457 5279 1651 5334; x_wconf 79' lang='lat' dir='ltr'><strong>llenschenius</strong></span> <span class='ocrx_word' id='word_1_788' title='bbox 1667 5285 1736 5334; x_wconf 89' lang='lat' dir='ltr'><strong>tom.</strong></span> <span class='ocrx_word' id='word_1_789' title='bbox 1756 5279 1804 5344; x_wconf 89' lang='lat' dir='ltr'><strong>lll,</strong></span> <span class='ocrx_word' id='word_1_790' title='bbox 1820 5276 1902 5348; x_wconf 77' lang='lat' dir='ltr'><strong>Apri·</strong></span> 
     </span>
     <span class='ocr_line' id='line_1_59' title="bbox 145 5344 1260 5421; baseline 0.003 -21"><span class='ocrx_word' id='word_1_791' title='bbox 145 5351 185 5400; x_wconf 79' lang='lat' dir='ltr'><strong>At</strong></span> <span class='ocrx_word' id='word_1_792' title='bbox 216 5344 247 5398; x_wconf 90' lang='lat' dir='ltr'><strong>bi</strong></span> <span class='ocrx_word' id='word_1_793' title='bbox 277 5347 391 5400; x_wconf 81' lang='lat' dir='ltr'><strong>Cathuri</strong></span> <span class='ocrx_word' id='word_1_794' title='bbox 420 5346 468 5416; x_wconf 88' lang='lat' dir='ltr'><strong>qui</strong></span> <span class='ocrx_word' id='word_1_795' title='bbox 504 5350 609 5402; x_wconf 79' lang='lat' dir='ltr'><strong>emersio</strong></span> <span class='ocrx_word' id='word_1_796' title='bbox 638 5365 675 5402; x_wconf 89' lang='lat' dir='ltr'><strong>xu</strong></span> <span class='ocrx_word' id='word_1_797' title='bbox 706 5348 824 5404; x_wconf 83' lang='lat' dir='ltr'><strong>inerunt</strong></span> <span class='ocrx_word' id='word_1_798' title='bbox 852 5349 879 5404; x_wconf 90' lang='lat' dir='ltr'><strong>in</strong></span> <span class='ocrx_word' id='word_1_799' title='bbox 914 5351 998 5404; x_wconf 87' lang='lat' dir='ltr'><strong>variis</strong></span> <span class='ocrx_word' id='word_1_800' title='bbox 1053 5351 1097 5417; x_wconf 72' lang='lat' dir='ltr'><strong>lis,</strong></span> <span class='ocrx_word' id='word_1_801' title='bbox 1114 5367 1180 5421; x_wconf 91' lang='lat' dir='ltr'><strong>pag.</strong></span> <span class='ocrx_word' id='word_1_802' title='bbox 1197 5354 1260 5405; x_wconf 78' lang='lat' dir='ltr'><strong>ola.</strong></span> 
     </span>
    </p>

    <p class='ocr_par' dir='ltr' id='par_1_4' title="bbox 147 5417 999 5490">
     <span class='ocr_line' id='line_1_60' title="bbox 147 5417 999 5490; baseline 0.007 -19"><span class='ocrx_word' id='word_1_803' title='bbox 147 5417 274 5487; x_wconf 80' lang='lat' dir='ltr'><strong>Europes</strong></span> <span class='ocrx_word' id='word_1_804' title='bbox 301 5417 467 5487; x_wconf 84' lang='lat' dir='ltr'><strong>provinciis,</strong></span> <span class='ocrx_word' id='word_1_805' title='bbox 494 5420 579 5490; x_wconf 91' lang='lat' dir='ltr'><strong>longe</strong></span> <span class='ocrx_word' id='word_1_806' title='bbox 609 5425 675 5474; x_wconf 85' lang='lat' dir='ltr'><strong>sunt</strong></span> <span class='ocrx_word' id='word_1_807' title='bbox 702 5421 816 5474; x_wconf 81' lang='lat' dir='ltr'><strong>diversi.</strong></span> <span class='ocrx_word' id='word_1_808' title='bbox 847 5421 886 5476; x_wconf 87' lang='lat' dir='ltr'><strong>Ne</strong></span> <span class='ocrx_word' id='word_1_809' title='bbox 923 5421 999 5478; x_wconf 86' lang='lat' dir='ltr'><strong>diets</strong></span> 
     </span>
    </p>
   </div>
   <div class='ocr_carea' id='block_1_4' title="bbox 0 0 1996 6034">
    <p class='ocr_par' dir='ltr' id='par_1_5' title="bbox 0 0 1996 6034">
     <span class='ocr_line' id='line_1_61' title="bbox 0 0 1996 6034; baseline 0 4"><span class='ocrx_word' id='word_1_810' title='bbox 0 0 1996 6034; x_wconf 95' lang='lat' dir='ltr'><strong> </strong></span> 
     </span>
    </p>
   </div>
  </div>
 </body>
</html>
