3984 6034
127 162 180 217 ω
871 151 899 206 S.
920 146 1156 209 ltttnatttvtnts
1828 150 1883 210 264

128 296 219 353 libera
238 295 273 350 ah
299 309 334 348 eo
356 295 415 358 cst;
444 289 587 346 sicetiam
602 288 760 344 monachus
776 305 793 342 a
809 288 917 344 mundo
935 305 978 342 re·
995 290 1019 342 a
1034 286 1205 343 temeritatis
1220 292 1321 360 agunt,
1340 287 1376 344 de
1390 287 1517 360 praelatis
1540 290 1598 345 suis
1613 291 1653 347 sic
1668 290 1809 347 dicentes:
1825 292 1881 358 oui
1982 327 1983 348 r

127 385 222 449 lictus,
249 383 293 438 illi
321 381 491 453 subjugatos
518 395 577 435 non
603 378 648 446 sit,
678 378 727 433 sed
755 377 828 432 liber
857 379 894 432 ab
922 377 973 432 illo
1029 376 1441 449 sunt,etquidsuntisti?Et
1457 377 1526 450 quid
1543 379 1660 448 luimus,
1682 381 1880 452 autquidsn-

127 478 254 529 mancat.
292 470 446 542 Virginitas
480 483 597 539 quoque
625 467 715 521 solem
743 465 896 538 significat,
923 466 975 538 qui
1028 467 1177 521 musnos‘l
1196 466 1230 521 Et
1255 465 1394 538 quoniam
1420 466 1461 521 sic
1489 472 1589 538 agunt,
1606 469 1879 541 pseudo-prophetis

126 565 220 618 totum
239 560 382 615 mundum
409 557 564 624 illuminat,
589 556 659 627 qnia
686 556 761 610 havis
779 555 974 625 virginitatem
1028 552 1136 610 similes
1152 559 1228 620 suut,
1247 554 1360 626 etquis
1385 569 1442 610 non
1456 559 1532 610 recte
1547 555 1713 626 dijudicant,
1731 559 1880 629 montorio

127 650 182 705 sibi
201 648 342 722 adjunxit,
358 662 424 718 quae
439 645 501 701 viro
528 644 628 700 relicto
656 643 865 714 illumganuit,
887 659 973 714 quem
1031 642 1104 697 licus
1126 643 1269 714 populum
1286 657 1370 698 soum
1390 643 1547 700 constituit.
1564 645 1618 699 Vos
1633 660 1704 716 crgo
1718 646 1769 717 qni
1787 647 1877 701 llevrm

126 738 226 794 radius
240 736 397 792 divinitatis
416 733 554 805 pertudit,
575 733 627 804 qui
641 737 670 787 et
696 732 795 787 omnia
812 732 897 802 regit.
916 732 974 787 llcx
1028 730 1146 798 timetis,
1162 731 1260 787 audite
1285 731 1424 803 Spiritum
1453 732 1566 789 llomini
1581 733 1616 788 ad
1648 749 1697 788 vos
1715 733 1876 790 dicentem:

128 843 255 899 namque
272 825 322 898 qui
337 829 440 879 cuncta
453 822 538 893 regit,
563 823 637 877 Deus
651 826 708 887 est;
723 826 752 876 et
763 820 811 874 illa
826 821 975 891 virginitas
1029 820 1092 874 llaec
1109 820 1273 892 supradicta
1287 821 1363 875 mala
1381 821 1491 876 avobis
1515 820 1633 886 auferte,
1649 827 1677 876 et
1689 823 1879 895 vosmetipsos

130 916 350 986 conjunctum,
367 913 483 985 quarmc
497 913 572 966 Daras
591 915 621 965 et
638 910 727 965 homo
743 907 780 962 de
794 906 912 977 Virgine
925 920 975 959 na-
1028 913 1094 964 antc
1110 908 1172 963 dies
1194 908 1415 964 tribulationum
1443 909 1558 964 illarum
1587 915 1718 982 purgate,
1744 927 1809 966 cum
1825 912 1879 966 ini·

126 1010 174 1061 tus
188 1009 240 1060 est.
266 1003 312 1058 Sic
326 1001 421 1057 nstitit
443 1003 543 1073 rapina
556 1015 575 1054 c
589 997 702 1054 destris
727 996 791 1066 ejus
816 993 849 1050 in
870 991 974 1050 cecidet
1028 997 1097 1052 mici
1110 997 1161 1052 llei
1174 1002 1203 1053 et
1216 998 1308 1053 nostri
1333 1014 1383 1053 ros
1396 997 1548 1070 lugebunt,
1564 1003 1592 1053 et
1610 999 1639 1053 in
1655 1005 1765 1055 rectum
1780 1000 1874 1055 locum

19 1077 22 1085 ¹
127 1095 277 1160 deaurato,
289 1087 619 1146 chcnmdmcccrielnle
629 1087 725 1159 (Pani.
736 1085 823 1154 amu),
834 1082 974 1156 quoniam
1027 1084 1199 1141 humilitatis
1224 1089 1253 1142 ct
1270 1086 1450 1158 paupertatis
1465 1103 1515 1142 vos
1530 1091 1707 1155 convertant,
1724 1103 1760 1143 ne
1775 1089 1878 1144 amodo

127 1181 242 1238 diabolo
264 1195 429 1251 repugnans
453 1177 543 1233 astitit
568 1175 719 1247 virginitas
745 1173 845 1228 virtuti
873 1170 975 1227 divini·
1028 1173 1059 1228 in
1085 1178 1164 1230 tanta
1190 1174 1344 1230 latitudine
1371 1175 1576 1246 permancatis,
1602 1179 1711 1247 quanta
1740 1176 1879 1232 hactenus

127 1271 195 1326 tatis
214 1270 244 1324 in
260 1284 348 1340 opere
361 1268 499 1338 fulgente,
517 1266 624 1336 ubique
650 1262 857 1334 comprehensa
875 1259 973 1316 multi·
1028 1261 1134 1330 fuistis,
1149 1262 1395 1333 quemadmodum
1411 1263 1498 1316 etiam
1519 1268 1646 1318 veterem
1660 1262 1755 1335 legem
1771 1264 1846 1320 Deus
1861 1281 1879 1319 a

127 1360 228 1415 tudine
247 1360 424 1413 diuersarum
454 1356 604 1410 virtutum.
630 1352 768 1408 Divinitas
796 1350 904 1422 quippe
921 1349 976 1403 vir·
1028 1350 1238 1407 consuetudine
1264 1367 1315 1406 aaa
1343 1351 1552 1423 inspiritalem
1580 1352 1668 1406 vitam
1688 1355 1819 1421 mutavit,
1849 1359 1880 1408 et

127 1447 277 1518 giuitmmn
308 1443 364 1498 sihi
395 1441 592 1512 desponsavit,
620 1455 687 1494 cum
713 1439 825 1510 primns
854 1436 974 1508 angelus
1029 1443 1062 1494 ut
1075 1455 1313 1511 unamquamque
1325 1439 1454 1512 priorem
1478 1439 1689 1496 institutionem
1703 1441 1737 1496 ad
1759 1442 1878 1497 utiliora
1982 1483 1983 1512 p

127 1536 162 1591 ad
179 1535 326 1589 sinistram
352 1536 466 1604 partem
485 1529 597 1597 cecidit,
612 1534 643 1583 et
670 1533 739 1582 tunc
767 1527 855 1580 ctiam
886 1540 975 1596 popu·
1030 1528 1172 1599 purgavit.
1200 1529 1231 1582 ln
1247 1528 1342 1599 primo
1368 1528 1444 1583 euim
1473 1533 1538 1583 ortu
1556 1529 1637 1584 -lleus
1659 1529 1879 1584 Adseroncessit

127 1625 187 1678 lum
201 1621 368 1678 salvationis
393 1621 424 1676 in
438 1619 531 1674 Adam
558 1616 612 1672 sibi
645 1615 741 1687 elegit,
768 1629 855 1687 quem
883 1615 976 1668 dexte-
995 1593 1135 1671 ssterram
1152 1617 1256 1684 colare,
1287 1617 1356 1671 llbel
1385 1615 1554 1684 sacrificare,
1583 1617 1643 1672 Noe
1669 1617 1821 1686 seditiosae,
1850 1623 1879 1673 ct

126 1728 188 1767 ram
217 1727 299 1766 suam
317 1709 489 1775 nominavit,
506 1709 541 1763 de
569 1722 627 1778 quo
653 1706 762 1776 populo
782 1702 975 1773 virginitatem
1028 1703 1084 1758 hcc
1103 1721 1194 1776 usqne
1208 1704 1243 1759 ad
1267 1719 1413 1760 summum
1432 1705 1619 1771 sacerdotum,
1637 1705 1713 1777 quod
1728 1706 1758 1760 in
1773 1706 1879 1762 Christi

126 1801 182 1855 sibi
196 1799 338 1870 adjunxit,
354 1813 419 1870 quea
432 1796 590 1851 maximnm
610 1793 830 1865 opus-protolit;
847 1791 927 1863 quia,
943 1794 976 1844 ut
1029 1793 1229 1848 lucarnaticne
1248 1797 1377 1848 exoniam
1392 1797 1444 1860 est,
1474 1793 1551 1864 quod
1568 1793 1648 1865 prius
1667 1794 1811 1849 Abraham
1827 1810 1879 1866 pet·

127 1887 402 1959 lleusperllerbum
433 1899 519 1939 suum
533 1882 634 1938 omnia
647 1881 765 1946 creavit,
780 1881 821 1935 ita
834 1885 863 1934 et
890 1879 976 1951 virgi·
1029 1881 1285 1950 circumcisionem,
1315 1883 1422 1954 ldoyses
1447 1897 1500 1952 per
1513 1882 1726 1952 legislationem
1746 1883 1879 1955 praellgu·

126 1976 201 2031 nitas
238 1992 292 2046 per
321 1975 446 2030 calorem
480 1977 584 2028 sanctae
612 1969 769 2026 divinitatis
786 1970 890 2024 Filiam
923 1967 975 2024 uei
1029 1971 1120 2025 rebat.
1148 1970 1203 2026 Sed
1228 1969 1290 2025 brae
1315 1971 1412 2025 omnia
1426 1969 1504 2025 idem
1538 1971 1626 2026 Filius
1655 1970 1704 2026 llei
1734 1977 1833 2043 postea
1847 1972 1879 2026 in

127 2064 237 2136 genmt
257 2063 302 2118 Sic
317 2061 469 2133 virginitas
496 2060 604 2131 absque
629 2058 805 2114 fecunditata
833 2072 893 2111 non
921 2060 973 2125 est,
1028 2059 1208 2115 humanitate
1218 2075 1270 2114 sua
1289 2058 1418 2130 perfecit,
1437 2059 1513 2114 unde
1528 2064 1557 2114 et
1575 2059 1611 2115 ad
1638 2059 1771 2115 homines
1796 2060 1880 2116 intel·

128 2152 265 2224 quoniam
286 2150 372 2222 Virgo
388 2149 478 2204 neum
492 2152 519 2202 et
533 2147 693 2212 hominem,
708 2162 760 2218 per
775 2161 863 2218 quem
877 2144 976 2200 omnia
1029 2148 1146 2219 liganda
1160 2153 1237 2202 sunt.
1254 2149 1319 2204 Post
1344 2147 1667 2215 intermanentes,
1683 2149 1878 2205 becstamin

128 2240 202 2296 meta
230 2241 307 2305 snut,
333 2237 441 2310 genuit.
471 2236 526 2292 Sed
557 2235 656 2290 ethoc
679 2235 766 2290 modo
793 2250 894 2289 omnes
917 2233 973 2289 vir·
1028 2235 1195 2292 hominibus
1210 2251 1297 2308 quam
1312 2235 1343 2290 in
1354 2235 1465 2307 angelis
1480 2236 1693 2292 ordinationem
1704 2253 1786 2292 suem
1801 2243 1878 2294 recte

127 2333 201 2384 tates
244 2327 350 2383 veteris
375 2331 404 2380 et
440 2324 505 2380 novi
530 2324 714 2390 testamenti,
740 2339 812 2394 quas
843 2324 918 2378 usus
944 2323 974 2377 in
1029 2325 1226 2396 presignavit.
1262 2326 1450 2396 Nequaquam
1478 2330 1574 2380 antem
1597 2325 1710 2382 deceret
1730 2332 1762 2382 nt
1786 2343 1876 2383 sacer·
1948 2315 1954 2322 ’

127 2417 232 2474 sanctis
261 2415 321 2470 suis
336 2417 473 2487 operatus
498 2417 551 2480 est,
576 2412 655 2466 velut
672 2412 877 2468 vestimentum
903 2427 974 2466 auro
1029 2413 1082 2468 dos
1094 2412 1189 2468 cilicia
1215 2412 1361 2484 agricolas,
1381 2413 1540 2484 discipulus
1555 2413 1647 2470 officia
1664 2415 1795 2487 magistri
1808 2417 1879 2470 ocle-

126 2507 303 2571 decorntnm,
332 2504 476 2559 deauratae
503 2505 581 2567 sunt,
606 2504 634 2554 et
663 2499 715 2554 has
742 2499 823 2570 virgo
842 2499 878 2554 ad
894 2515 924 2554 se
938 2501 974 2554 li·
1027 2505 1081 2570 ret,
1097 2517 1162 2556 cum
1179 2502 1305 2573 agricola
1317 2501 1506 2571 sacerdotem,
1522 2502 1680 2575 discipulus
1704 2504 1877 2576 magistrum

126 2595 195 2650 bere
219 2593 346 2664 colliget,
375 2590 512 2663 qnoniam
538 2588 807 2660 ligaturaviricam
831 2604 890 2643 non
904 2603 973 2643 con·
1028 2589 1059 2644 in
1083 2590 1188 2644 timore
1212 2595 1241 2645 et
1255 2589 1357 2646 humili
1373 2590 1511 2662 patientia
1525 2591 1633 2647 imitari
1647 2592 1757 2648 debeat.
1781 2593 1879 2649 Omni·

127 2682 256 2753 stringet.
270 2683 342 2737 llota
351 2663 469 2752 quoque
489 2694 576 2750 quam
585 2677 717 2734 Ezechiel
732 2677 804 2732 vidit
815 2676 930 2748 (Erech.
943 2689 972 2746 ι).
1027 2683 1130 2749 potans
1140 2679 1217 2733 enirn
1235 2679 1346 2734 Derasin
1355 2678 1492 2750 operibus
1502 2679 1561 2733 suis
1573 2681 1764 2751 cognoscitur,
1776 2697 1877 2753 quem·

126 2770 322 2842 virginitatem
355 2767 553 2840 presignavit,
587 2766 657 2838 quia
697 2765 798 2820 eadem
822 2764 974 2836 virginitas
1029 2767 1188 2822 admodum
1216 2766 1245 2822 in
1272 2767 1364 2822 Adam
1394 2767 1508 2839 operari
1535 2767 1662 2840 incoepit,
1695 2770 1741 2824 cui
1768 2774 1875 2825 terram

126 2864 193 2913 ante
220 2857 452 2914 incarnationem
472 2854 536 2912 Filii
560 2855 611 2910 uei
639 2855 671 2909 in
697 2853 761 2925 lage
787 2852 973 2924 praetigurata
993 2855 1121 2933 ccolcre
1155 2861 1183 2910 et
1214 2855 1349 2911 homines
1373 2871 1528 2928 procurare
1557 2857 1645 2920 dedit,
1664 2859 1732 2929 quia
1757 2861 1784 2914 ct
1815 2859 1877 2930 ipse

127 2949 263 3002 est..l³cst
279 2945 507 3001 lacernationem
521 2949 619 2999 autem
638 2942 700 3013 ejus
727 2941 776 2998 illa
803 2939 976 2995 mirabiliter
1030 2944 1105 2998 Deus
1119 2943 1217 2999 omnia
1242 2944 1358 3011 creavit,
1374 2950 1403 3000 et
1435 2949 1466 2999 ut
1480 2937 1533 3017 per
1547 2945 1717 3001 sacrificium
1740 2945 1810 3003 Abel
1836 2948 1877 3002 li·
1982 3013 1983 3018 η

127 3036 254 3107 plurima
293 3034 430 3088 miracula
469 3037 615 3104 operatur,
646 3030 784 3102 qnoniam
818 3029 892 3084 liene
924 3044 976 3099 per
1029 3033 1101 3086 lium
1127 3048 1210 3088 sunm
1237 3047 1290 3104 pro
1314 3033 1512 3105 redemptione
1538 3035 1638 3106 populi
1657 3035 1875 3091 sacrificandum

127 3125 220 3196 ipsam
244 3123 342 3178 omnia
370 3121 483 3194 piacula
513 3120 657 3193 purgtvih
686 3124 716 3174 οἱ
738 3132 975 3189 unamquamque
1029 3120 1225 3192 presignavit,
1247 3125 1276 3175 et
1290 3121 1363 3176 sicut
1386 3137 1438 3193 per
1464 3122 1534 3192 Noa,
1552 3122 1602 3194 qui
1616 3139 1711 3178 arcam
1725 3123 1878 3179 aedificavit

127 3212 340 3268 institutionem
371 3215 448 3265 recte
475 3208 628 3274 ordinavit,
668 3206 824 3277 Virginitas
866 3204 975 3277 quippe
1029 3201 1109 3279 (den.
1137 3210 1186 3280 vr),
1213 3210 1288 3281 quod
1314 3211 1346 3265 in
1360 3210 1483 3280 spiritali
1497 3211 1604 3282 populo
1632 3212 1761 3284 magistri
1778 3212 1878 3267 consti·

126 3306 222 3356 vetera
250 3299 360 3364 suffert,
393 3303 423 3353 at
437 3313 512 3352 nova
539 3297 670 3364 sustinet,
699 3300 728 3350 at
756 3294 821 3366 ipsa
848 3294 928 3349 radix
946 3299 976 3350 ct
1028 3298 1130 3353 tuendi
1151 3303 1255 3367 essent,
1286 3298 1491 3370 praeliguravit.
1521 3299 1602 3355 Nune
1621 3317 1669 3355 vos
1689 3300 1818 3372 magistri
1833 3319 1877 3355 su-

126 3390 348 3446 lnndamentum
375 3391 420 3442 est
438 3385 569 3443 omnium
599 3385 754 3453 bonorum,
779 3383 848 3456 quia
861 3398 976 3454 semper
1028 3386 1173 3457 predictos
1204 3385 1347 3449 homines,
1382 3387 1490 3442 scilicet
1519 3403 1681 3456 conversos,
1718 3389 1748 3443 in
1774 3388 1875 3444 ordine

126 3483 155 3532 et
172 3493 288 3549 semper
315 3491 382 3531 cum
407 3475 457 3531 illo
486 3474 550 3543 luit,
581 3473 717 3546 quisine
745 3472 829 3528 initio
856 3477 885 3527 at
913 3472 974 3526 sine
1027 3478 1122 3530 vestro
1158 3475 1294 3546 corripite
1330 3480 1359 3530 et
1381 3475 1527 3546 corrigite,
1565 3477 1634 3548 quia
1657 3475 1783 3549 plurima
1809 3493 1876 3548 pars

126 3565 185 3620 line
218 3571 270 3620 est.
310 3566 382 3620 Nam
411 3569 516 3618 natura
550 3562 677 3618 hominis
703 3566 823 3634 propter
860 3566 975 3632 paccata
1028 3578 1129 3619 eorum
1145 3579 1197 3619 nec
1210 3565 1240 3619 in
1255 3563 1313 3631 die,
1332 3579 1385 3619 nec
1409 3564 1440 3619 in
1459 3568 1542 3620 nocte
1566 3571 1711 3636 operatur,
1738 3566 1875 3638 qnoniam

125 3654 240 3726 perdita
267 3653 332 3720 luit,
361 3653 507 3724 perillam
536 3652 566 3707 in
594 3651 753 3706 salvatione
781 3649 892 3715 revisit,
907 3664 974 3704 cum
1028 3668 1065 3708 ne
1082 3653 1150 3719 lieo,
1174 3669 1228 3708 nec
1245 3653 1350 3708 sermo
1376 3653 1411 3708 ad
1438 3653 1597 3724 perlectum
1613 3655 1750 3721 serviunt,
1770 3659 1799 3709 et
1826 3670 1875 3709 eos
1982 3645 1983 3686 ³

125 3759 178 3816 par
221 3743 346 3798 alienam
387 3746 520 3796 naturam
552 3744 670 3812 paccata
710 3738 877 3795 hominibus
909 3738 973 3794 ahs·
1028 3741 1065 3797 ab
1097 3741 1260 3812 ignorantia
1284 3741 1340 3797 ista
1364 3741 1496 3808 excitate,
1521 3743 1597 3797 velut
1611 3742 1704 3797 honus
1718 3743 1874 3815 pigmenta·

126 3831 222 3888 traxit.
1028 3830 1089 3885 rius
1105 3830 1221 3885 hortum
1237 3846 1322 3885 soum
1348 3829 1384 3885 ab
1400 3830 1553 3885 inutilibus
1580 3830 1676 3885 herbis
1694 3835 1816 3903 purgat,
1843 3833 1874 3886 in

162 3920 337 3976 Secundum·
353 3923 450 3974 autem
477 3918 584 3974 animal
614 3916 707 3972 simile
727 3916 827 3986 vitulo,
851 3916 975 3972 incleri·
1028 3918 1242 3989 vobismetipsis
1270 3923 1367 3974 autem
1396 3919 1553 3974 secundum
1583 3919 1714 3975 ordinem
1748 3925 1874 3975 vestrum

125 4009 180 4065 cali
212 4008 314 4064 habitu
343 4007 442 4063 divino
470 4005 610 4064 meriticio
641 4005 806 4062 insistentes
835 4003 972 4072 ostendit,
1028 4007 1231 4080 praevidentes,
1261 4010 1290 4062 et
1304 4007 1383 4078 juste
1412 4006 1607 4078 intelligentes
1620 4023 1657 4063 ne
1683 4009 1876 4080 injustajudi·

124 4096 334 4166 hcsvidelicet,
362 4095 548 4168 quiriacam
575 4093 689 4150 llomini
714 4094 839 4150 Sabaoth
854 4093 974 4150 circnm-
1028 4096 1107 4151 cetis.
1138 4095 1343 4152 lnconvcuiens
1367 4095 1464 4168 itaque
1495 4101 1578 4158 esset.
1608 4100 1640 4152 ut
1666 4096 1721 4164 leo,
1757 4097 1873 4164 vitulus,

124 4184 248 4254 fodiunt,
264 4189 293 4240 et
317 4200 419 4256 agrum
436 4189 646 4255 praeceptorum
675 4183 724 4240 liei
743 4184 852 4238 arando
866 4182 974 4255 ubique
992 4158 1014 4213 Β
1029 4184 1117 4239 homo
1144 4188 1173 4238 et
1191 4182 1297 4254 aquila,
1321 4181 1352 4237 in
1377 4182 1636 4253 significationibus
1656 4183 1715 4238 suis
1729 4184 1783 4240 sihi
1796 4185 1874 4239 invi-

126 4276 268 4341 evcrtunt‚
297 4278 327 4329 ct
352 4274 407 4328 hos
425 4271 512 4328 etiam
540 4271 590 4344 qui
619 4271 714 4344 angeli
742 4270 856 4328 bomini
871 4287 975 4327 exerci-
1028 4286 1091 4326 cem
1114 4271 1347 4339 adversarentur;
1361 4272 1411 4328 sad
1437 4272 1667 4344 unumquodque
1690 4273 1811 4336 istorum
1835 4273 1874 4328 al·

125 4368 208 4418 tunm
233 4361 433 4431 nominantur,
458 4360 509 4432 qui
536 4360 572 4416 ab
598 4360 654 4416 hoc
667 4375 784 4432 quoque
797 4359 914 4431 cingulo
928 4376 973 4415 ca·
1027 4359 1083 4414 teri
1107 4357 1250 4430 justitiam
1276 4360 1307 4414 in
1322 4359 1416 4432 ligura
1428 4360 1564 4427 hominis,
1580 4360 1808 4417 adcurationem
1822 4361 1873 4417 hc·

126 4446 231 4504 stitatis
245 4465 275 4504 se
289 4448 405 4520 cingere
420 4448 536 4517 debent,
553 4463 590 4503 nc
615 4447 647 4504 in
662 4448 788 4504 vanitate
810 4446 972 4504 carnatium
1027 4448 1141 4504 minum
1167 4447 1273 4520 signati
1289 4452 1366 4517 snut,
1382 4464 1493 4519 sanare,
1513 4464 1633 4520 ungere,
1650 4454 1679 4505 et
1696 4449 1873 4522 baptismum

125 4539 306 4609 voluptatem
338 4537 454 4607 vadant,
496 4539 545 4592 sed
583 4542 617 4592 ut
646 4552 751 4608 agrum
783 4551 849 4591 cum
876 4542 972 4592 aratm
1026 4536 1202 4592 sanctificare
1227 4553 1292 4592 cnm
1320 4535 1424 4593 humili
1452 4537 1618 4594 obedientia
1645 4543 1776 4610 possunt.
1801 4539 1873 4595 Nam

125 4631 242 4682 strenvm
273 4630 412 4681 evertant.
439 4623 691 4681 circumcisionem
721 4639 838 4697 quoqne
866 4624 973 4681 sobrie·
1026 4625 1121 4680 omnis
1144 4625 1276 4682 sacerdos
1301 4611 1393 4698 qni‘e
1421 4627 1478 4682 Deo
1497 4631 1602 4682 unctus
1621 4632 1649 4682 et
1668 4628 1799 4684 sacerdos
1826 4644 1874 4683 no.

125 4714 192 4770 tatis
204 4713 362 4782 habebunt,
391 4713 529 4785 qnoniam
554 4728 608 4784 per
634 4713 712 4784 ipsos
738 4718 854 4785 peccata
881 4713 973 4769 homi·
1026 4713 1153 4770 minatus
1183 4719 1237 4780 est,
1264 4714 1384 4770 vulnera
1410 4720 1592 4785 peccatorum
1621 4719 1650 4772 et
1678 4731 1779 4772 curare
1805 4733 1872 4772 cum

126 4818 197 4858 num
210 4802 379 4869 abluuntur,
411 4804 439 4856 et
466 4800 521 4856 hcc
546 4799 576 4856 in
601 4799 799 4856 misericordia
824 4799 884 4866 flat,
904 4801 973 4873 quia
1022 4802 1170 4874 judicante
1196 4802 1309 4873 justitia
1331 4803 1448 4874 poterit,
1476 4803 1615 4876 quoniam
1645 4802 1773 4860 cilicium
1788 4805 1873 4861 hoca

21 4899 26 4908 ·
125 4891 156 4947 in
182 4889 343 4962 semetipsis
370 4894 487 4961 peccata
513 4887 649 4944 sentiunt.
677 4890 742 4944 llaec
777 4888 873 4962 itaque
899 4905 972 4962 pre-
1027 4893 1084 4948 lico
1101 4890 1203 4959 habet;
1217 4894 1245 4946 et
1264 4890 1329 4946 idco
1352 4889 1425 4947 illnd
1452 4890 1573 4964 implere
1600 4908 1660 4948 non
1687 4893 1823 4965 negligat.
1839 4893 1875 4948 Et

125 4981 202 5036 clara
224 4994 343 5050 genera,
366 4976 498 5033 videlicet
515 4976 668 5033 hominum
692 4976 819 5045 illorum,
842 4977 893 5048 qui
919 4991 971 5048 per
1024 4994 1079 5050 ego
1094 4978 1269 5051 paupercula
1290 4983 1319 5034 ct
1333 4977 1450 5035 indocta
1462 4979 1587 5036 leminea
1601 4981 1704 5050 torma,
1717 4983 1873 5053 quamdam

125 5069 238 5124 leonem
255 5072 284 5123 et
302 5067 424 5123 vitulum
438 5063 579 5138 designati
606 5071 690 5131 errat,
719 5065 795 5122 aliud
823 5064 970 5137 quoddam
1025 5067 1147 5124 bestiam
1175 5066 1243 5134 vidi,
1274 5067 1356 5139 ocius
1371 5067 1458 5124 iacies
1486 5073 1515 5124 et
1529 5069 1687 5125 namnetes
1705 5069 1794 5140 pedes
1812 5072 1873 5141 ejus

126 5172 218 5228 genus
242 5156 396 5213 hominum
424 5155 511 5210 adse
536 5154 666 5225 trahunt,
681 5171 755 5226 quos
768 5154 823 5226 ipsi
850 5169 970 5210 conver·
1025 5155 1133 5212 similes
1161 5161 1333 5225 ursoerant,
1349 5161 1379 5213 et
1408 5157 1490 5230 enjus
1504 5156 1650 5230 reliquum
1674 5173 1780 5231 corpus
1795 5157 1873 5214 eimi-

124 5250 297 5314 scsvocant,
316 5258 443 5317 quorem
457 5243 575 5317 plnrirm
590 5259 620 5298 se
635 5244 672 5299 ad
686 5244 778 5299 Deum
792 5242 823 5298 in
841 5242 970 5300 moribus
1023 5243 1175 5302 titudinem
1200 5245 1280 5302 bovis
1307 5245 1499 5314 ostendebat,
1533 5250 1651 5318 excepta
1676 5246 1753 5318 quod
1778 5251 1873 5320 poste·

125 5334 184 5389 suis
212 5349 273 5390 non
301 5338 481 5402 convertunt,
512 5332 582 5404 quie
608 5331 842 5389 contrarietatem
871 5331 971 5402 potius
1024 5332 1115 5388 riores
1138 5333 1226 5404 pedes
1253 5334 1315 5406 ejas
1328 5333 1548 5392 similitudinem
1574 5334 1680 5407 pedum
1701 5335 1773 5391 mini
1788 5335 1874 5392 habe·

125 5437 212 5497 qoam
227 5421 429 5478 rectitudinem
448 5422 582 5494 diligunt,
599 5426 628 5477 ct
649 5437 736 5493 opera
751 5435 803 5477 sus
817 5436 883 5476 cum
897 5435 969 5476 sono
1024 5421 1102 5492 bant,
1114 5427 1144 5476 et
1158 5421 1237 5495 quod
1251 5422 1343 5479 cauda
1357 5423 1481 5481 carebat.
1504 5423 1569 5480 'lria
1588 5427 1687 5480 antem
1715 5439 1825 5481 cornua
1840 5424 1870 5482 iu
