3984 6034
177 238 232 296 ιιι
902 240 933 296 S.
953 241 1189 298 altunenums
1870 244 1921 300 tit

178 367 316 426 ubertatis
342 372 372 424 et
395 369 491 426 odoris
513 367 664 441 magnifice
694 368 834 425 radiabat.
867 371 902 425 Et
922 369 1021 426 andivi
1038 374 1062 428 A
1077 371 1159 442 quasi
1180 371 1211 428 in
1239 377 1384 446 precepto
1407 387 1551 446 quaereus,
1575 373 1643 446 quia
1668 372 1869 430 discretionem
1891 374 1923 428 in

178 471 215 513 ex
229 460 350 529 pretato
369 459 483 514 visente
496 457 564 530 igne
582 474 680 515 rocem
705 459 778 514 mihi
802 458 942 514 dicentem
958 476 965 514 :
981 461 1021 514 Tu
1077 461 1270 517 rationalitate
1284 462 1382 529 habet,
1400 463 1479 518 Unde
1494 462 1581 518 etiam
1600 463 1688 518 bomo
1702 461 1921 519 similitudinem

177 561 244 617 quar
265 563 295 602 ee
309 546 419 618 fragilis
431 554 508 602 terra
523 550 551 601 et
565 547 597 601 in
617 547 736 602 nomine
759 548 884 603 femineo
906 548 1024 603 indocta
1076 549 1138 604 coeli
1154 555 1181 604 et
1203 554 1288 629 terre
1310 551 1342 605 in
1357 567 1387 606 se
1411 552 1546 606 ιοιιιιιιιι.
1565 551 1736 616 Quomodo?
1756 553 1819 634 lpse
1834 552 1922 608 hahet

177 634 209 688 in
238 636 319 693 omni
341 636 472 692 doctrina
495 635 653 692 carnalium
675 637 888 708 magistrorum,
914 637 1023 693 scilicet
1075 637 1214 692 circulum
1228 638 1259 692 in
1274 654 1331 709 quo
1346 644 1473 709 apparet
1488 639 1686 710 perspicuitas,
1703 639 1877 710 spiraculum
1893 645 1922 694 et

177 722 273 792 legere
286 722 396 778 litteras
412 724 570 777 secundum
583 722 804 794 intelligentiam
819 723 1020 792 litteratorum,
1074 725 1265 794 rationalitas,
1282 727 1360 782 relat
1382 726 1411 782 in
1430 727 1501 782 coslo
1523 732 1661 782 notantur
1682 727 1852 795 luminaria;
1869 730 1919 783 ha-

177 809 229 864 sed
247 815 359 865 tautum
379 816 454 866 tacte
467 811 577 866 lumine
593 827 657 866 meo
679 812 756 883 quod
779 813 872 883 tangit
896 817 924 867 te
946 813 1021 868 inte·
1075 813 1124 868 bet
1138 814 1271 885 spiritum
1286 831 1467 887 peromnem
1482 831 1597 872 sensum
1621 821 1649 870 et
1664 823 1774 872 motum
1789 817 1920 872 celeriter

176 897 238 951 rins
256 913 322 952 cum
349 898 480 954 incendio
505 905 536 954 nt
550 900 592 954 sol
613 900 728 968 ardeus,
753 901 845 956 clame
867 906 896 956 et
919 917 1022 956 enarm
1074 909 1231 970 meantem,
1247 907 1280 958 ut
1302 919 1353 958 aer
1374 904 1502 958 volatilia
1526 905 1612 959 etiam
1633 905 1765 960 humoris
1787 909 1919 976 recepta-

176 1001 209 1041 ac
230 986 322 1042 scribo
345 988 407 1043 baso
425 988 560 1060 mysteria
574 1004 638 1043 mea
652 1005 717 1061 quie
738 989 816 1044 vides
830 994 860 1045 et
884 991 967 1046 audis
989 991 1021 1046 in
1074 991 1171 1045 culum
1187 991 1216 1046 in
1233 1007 1290 1063 quo
1307 997 1423 1047 notatur
1441 992 1605 1060 humiditas,
1630 999 1751 1064 apparet
1771 994 1920 1065 germina-

175 1074 297 1146 mystioa
310 1076 430 1132 risione.
452 1077 514 1132 Noli
539 1093 608 1149 ergo
632 1094 693 1132 esse
714 1076 827 1143 timida,
850 1079 898 1134 sed
923 1079 969 1134 dic
987 1095 1022 1134 ea
1074 1078 1115 1133 tio
1137 1095 1170 1133 ac
1193 1079 1358 1151 parturitio,
1381 1081 1454 1136 sicut
1483 1081 1514 1135 in
1546 1084 1624 1136 terra
1645 1081 1777 1148 virentia,
1799 1081 1920 1137 tructili-

176 1179 241 1236 qum
255 1162 394 1236 intelligis
416 1166 447 1219 in
471 1165 574 1237 spiritu
595 1166 839 1238 quemadmodum
863 1183 895 1222 ec
916 1167 1021 1238 loquor
1074 1167 1168 1223 cantia
1192 1173 1222 1222 ct
1246 1168 1393 1223 animalia.
1423 1167 1497 1233 Quid
1520 1169 1592 1224 hoc?
1618 1168 1640 1224 0
1665 1169 1764 1236 homo,
1788 1173 1819 1223 tu
1843 1174 1921 1224 totus

176 1256 282 1324 perte,
303 1259 444 1325 quatenus
467 1254 510 1309 illi
530 1255 699 1309 verecundia
721 1261 874 1310 teneantur
896 1256 947 1328 qni
971 1273 1020 1328 po·
1074 1271 1104 1310 es
1129 1255 1159 1310 in
1184 1256 1420 1312 omni‘creatura
1444 1261 1473 1312 et
1494 1257 1670 1312 oblivisceris
1694 1256 1836 1312 Crantoris
1860 1257 1919 1324 tui;

175 1342 246 1412 polo
259 1357 325 1397 meo
344 1342 481 1398 deberent
493 1342 570 1398 nana
592 1343 770 1399 rectitudinis
793 1346 954 1414 ostendere,
970 1346 1021 1401 sed
1074 1349 1103 1399 et
1116 1345 1243 1416 subjecta
1260 1344 1314 1400 tibi
1339 1349 1470 1400 ereatura
1490 1344 1589 1400 obedit
1613 1345 1640 1400 ei
1661 1345 1735 1400 sicut
1753 1344 1795 1400 illi
1815 1345 1922 1401 ιοιιιιι-

176 1446 210 1485 ιι
225 1431 412 1500 ριιιιιιιιιιε
429 1447 541 1486 morum
560 1449 678 1488 suerum
704 1437 837 1488 recusant
859 1439 957 1506 operte
975 1436 1022 1506 jn·
1074 1436 1169 1487 totum
1184 1438 1237 1501 ast,
1254 1438 1282 1488 et
1297 1437 1328 1488 tu
1343 1439 1485 1504 praecepta
1500 1433 1577 1488 illius
1590 1432 1808 1504 transgrederis.

176 1516 282 1573 stitiam
298 1535 386 1590 quam
401 1526 542 1576 noverunt
567 1520 672 1588 dicere,
698 1525 830 1577 uolentes
846 1522 1023 1578 abstineres
1110 1521 1164 1578 Sed
1177 1522 1256 1577 vides
1280 1521 1354 1594 qood
1370 1522 1447 1576 idem
1473 1521 1549 1592 ignis
1570 1521 1601 1576 in
1624 1537 1653 1576 se
1676 1521 1823 1578 llammam
1845 1521 1921 1576 aerei

175 1607 260 1661 malis
281 1608 431 1664 desideriis
452 1608 511 1665 sois
540 1625 605 1682 que
625 1610 682 1666 illis
705 1610 745 1665 ita
768 1610 916 1666 adherent
939 1612 1021 1683 quasi
1075 1610 1177 1666 coloris
1188 1611 1284 1678 babet,
1294 1627 1360 1682 quos
1369 1611 1428 1666 leni
1436 1611 1505 1666 lietu
1517 1611 1649 1665 ardenter
1657 1609 1761 1682 llagrat
1770 1616 1796 1664 et
1807 1626 1875 1682 quas
1886 1610 1923 1664 ei·

174 1695 244 1768 ipsis
258 1696 453 1766 dominentur,
469 1696 602 1752 facientia
615 1712 665 1752 eos
678 1699 779 1769 ingere
796 1698 891 1754 slacio
905 1700 1020 1754 Domini
1040 1671 1060 1725 B
1076 1699 1142 1754 dem
1156 1699 1251 1755 lucido
1263 1699 1324 1771 igni
1335 1699 1374 1754 ita
1386 1699 1699 1771 inseparabiliterinest
1715 1704 1747 1753 ot
1759 1699 1789 1753 in
1803 1699 1922 1754 homine

174 1788 203 1839 ot
216 1784 471 1858 erubescereloqui
484 1786 644 1842 veritatem.
660 1787 752 1857 Unde,
766 1788 909 1857 opnsilla,
921 1789 1019 1845 animo
1075 1790 1142 1842 snut
1159 1787 1275 1854 viscera,
1291 1787 1370 1860 quod
1396 1792 1438 1843 est
1461 1787 1491 1842 in
1516 1787 1675 1842 eternitate
1700 1792 1766 1842 ante
1791 1791 1922 1858 tempora

174 1874 513 1948 quainterinsesdocta
534 1876 654 1947 mystica
676 1875 864 1947 inspiratione
889 1879 1020 1948 quamvis
1074 1875 1236 1930 constitutas
1251 1881 1389 1930 creature
1412 1874 1559 1930 inlinitum
1582 1875 1715 1938 Verbum,
1731 1875 1810 1947 qood
1832 1877 1862 1930 iu
1879 1891 1920 1929 ur-

174 1979 328 2036 suppressa
341 1964 379 2018 ιιι
394 1963 570 2036 pervirilem
594 1964 716 2020 formam
740 1969 859 2037 propter
881 1967 1018 2036 puerari-
1074 1962 1305 2019 donocharitatis
1326 1962 1378 2017 sub
1401 1963 1553 2018 decursum
1578 1962 1737 2018 labentium
1754 1967 1919 2033 temporum

173 2051 281 2108 fiunem
306 2054 384 2120 Ειιις
414 2052 459 2108 dic
489 2057 586 2106 tamen
609 2052 728 2123 igneum
758 2068 832 2122 opus
853 2053 930 2124 qnod
966 2052 1020 2109 tihi
1074 2051 1246 2107 mirabiliter
1269 2051 1330 2106 sine
1361 2052 1445 2107 sorde
1475 2057 1504 2106 at
1535 2051 1702 2124 gravamine
1736 2053 1847 2123 peccati
1871 2068 1921 2124 par

175 2141 390 2196 demonstratur
403 2140 562 2195 certissima
581 2140 700 2197 risione.
716 2139 819 2196 Vivens
843 2139 921 2195 enirn
945 2142 1021 2196 Dens
1073 2141 1208 2195 virtutem
1223 2140 1373 2196 suavitatis
1388 2139 1510 2212 Spiritus
1534 2139 1625 2194 sanmi
1647 2139 1677 2194 in
1703 2156 1808 2195 aurora
1831 2140 1918 2195 beatas

174 2228 225 2301 qui
246 2236 348 2284 cuneta
370 2245 424 2300 per
451 2229 576 2284 Verbum
605 2245 690 2284 snum
720 2230 837 2296 creavit,
861 2245 913 2302 por
941 2229 1020 2284 idem
1073 2230 1245 2301 virginitatis
1268 2233 1329 2284 erat
1351 2229 1570 2290 incarnandum,
1595 2229 1635 2282 ita
1667 2233 1765 2283 tamen
1794 2233 1826 2283 ot
1849 2229 1921 2283 siout

174 2317 297 2372 Verbum
321 2317 502 2372 incarnatum
530 2317 665 2373 miseram
679 2317 836 2373 humanam
859 2323 1019 2373 creaturam
1074 2327 1138 2375 ante
1162 2324 1324 2389 susceptam
1344 2333 1458 2374 carnem
1480 2317 1694 2373 indivisibiliter
1708 2317 1764 2372 fuit
1778 2316 1808 2372 iu
1824 2317 1917 2384 Patre,

174 2422 240 2478 quar
260 2421 291 2461 se
312 2406 456 2462 demersat
473 2406 504 2461 in
527 2407 672 2475 tenebras,
691 2407 725 2462 od
746 2405 860 2462 fidelem
884 2407 1019 2463 salvatio-
1073 2407 1113 2463 sio
1134 2408 1220 2462 etiam
1245 2413 1310 2478 post
1334 2412 1511 2478 assumptam
1539 2406 1748 2462 humanitatem
1772 2407 1917 2478 insepara-

174 2509 241 2549 nem
255 2494 379 2549 reduxit.
396 2494 469 2560 Quid
485 2493 562 2550 boc?
577 2497 647 2551 Nam
662 2495 711 2550 ille
728 2495 920 2551 lucidissimus
942 2495 1020 2566 ignis
1072 2495 1169 2551 biliter
1182 2496 1211 2550 in
1225 2511 1259 2550 co
1275 2498 1413 2563 manaret,
1429 2495 1565 2566 quoniam
1580 2502 1613 2549 ut
1626 2496 1713 2550 homo
1727 2510 1785 2549 nou
1799 2499 1843 2550 est
1862 2494 1920 2549 abs

174 2596 260 2653 quern
286 2581 375 2650 videi,
404 2582 536 2654 designat
567 2582 795 2654 omnipotentem
823 2589 851 2638 et
871 2584 1016 2639 viventem
1073 2601 1130 2656 que
1152 2583 1230 2640 vitali
1253 2589 1330 2639 tactu
1354 2583 1450 2638 invia
1477 2584 1714 2656 precordiornm,
1734 2582 1775 2638 sic
1798 2599 1814 2637 a
1840 2585 1919 2638 Patre

175 2671 265 2725 Deum
280 2671 330 2742 qui
343 2671 374 2725 in
387 2671 545 2726 clarissima
559 2672 714 2727 serenitate
728 2689 780 2726 soa
795 2688 944 2744 nunquam
960 2673 1019 2726 ulla
1074 2690 1132 2730 non
1155 2678 1216 2728 erat
1239 2672 1356 2728 omnino
1375 2676 1568 2743 separandum
1588 2675 1649 2744 ejus
1673 2659 1759 2728 vitale
1782 2672 1917 2727 Verbum.

173 2757 325 2830 iniquitate
359 2759 513 2815 offuscatur
544 2758 846 2831 incomprehensibilis
887 2771 1017 2823 manens,
1075 2765 1107 2819 Et
1126 2779 1214 2836 quare
1235 2762 1340 2817 dicitur
1364 2760 1594 2826 verbnmtouia
1617 2766 1648 2815 nt
1668 2776 1721 2831 per
1744 2760 1836 2816 locale
1860 2776 1919 2814 ver-

173 2847 242 2919 qnia
255 2848 335 2903 nulls
349 2849 492 2904 divisione
507 2848 595 2904 dividi
610 2852 712 2919 petest,
730 2854 779 2903 aut
800 2847 882 2902 initio
895 2851 945 2900 aut
961 2845 1018 2901 linc
1072 2851 1141 2906 bum
1156 2849 1232 2922 quod
1247 2849 1276 2902 in
1297 2853 1412 2904 terreno
1432 2848 1549 2919 pulvere
1575 2847 1701 2903 hominis
1718 2847 1915 2904 transitorium

173 2940 223 2989 eut
238 2935 300 2990 ulla·
310 2935 431 2992 scintille
446 2938 573 2992 scientiae
587 2942 726 2992 creaturos
750 2953 809 2991 suaa
831 2936 1018 3007 comprehen·
1037 2946 1124 3021 Cest,
1157 2939 1315 3010 prudenter
1338 2937 1541 3009 intelliguntur
1568 2937 1647 3008 jussa
1675 2937 1860 3009 praeceptoris
1881 2936 1915 2991 ab

169 3023 200 3077 di
214 3023 297 3079 sicuti
309 3029 353 3079 est
364 3029 392 3079 et
411 3024 622 3096 exstinguibilis
637 3025 786 3092 exsistens,
802 3024 938 3096 quoniam
955 3024 1017 3095 ipse
1071 3028 1108 3084 iis
1120 3027 1170 3100 qui
1187 3027 1281 3082 sciunt
1297 3031 1325 3082 et
1342 3025 1501 3099 praevident
1520 3026 1679 3098 jussionem
1706 3025 1916 3096 praecipientis;

170 3117 214 3168 est
228 3112 278 3167 illa
293 3111 441 3184 plenitudo
462 3129 549 3185 quarn
573 3128 722 3185 nonquam
745 3113 821 3168 ullus
841 3113 908 3168 finis
923 3113 1017 3184 tetigit
1072 3117 1111 3170 ita
1134 3116 1222 3171 otiam
1243 3131 1294 3187 ριι
1308 3115 1420 3171 illocale
1435 3114 1553 3170 verbum
1567 3113 1643 3186 qood
1656 3129 1709 3184 per
1727 3113 1916 3185 inexstingui-

169 3216 203 3256 ac
221 3204 298 3255 totus
320 3202 427 3270 virens,
444 3202 513 3274 quis
535 3202 617 3257 nulla
632 3202 751 3256 omnino
766 3218 813 3256 res
827 3202 882 3272 ipsi
900 3201 1018 3256 abscon-
1071 3205 1160 3260 bilem
1178 3205 1265 3259 vitam
1285 3221 1350 3276 qne
1368 3203 1438 3258 visit
1459 3203 1490 3256 in
1508 3201 1667 3258 eternitate
1688 3201 1916 3256 intransitorium

170 3305 202 3344 sa
229 3294 272 3344 est
295 3304 383 3361 qnam
405 3291 522 3357 nesciat,
549 3295 683 3363 totusque
708 3288 765 3345 vita
788 3290 922 3359 existens,
947 3305 1017 3362 qno·
1071 3299 1123 3359 est,
1147 3309 1213 3348 vere
1231 3293 1413 3365 cognoscitur
1435 3291 1477 3346 ris
1500 3291 1588 3362 patris
1613 3307 1628 3346 a
1651 3289 1917 3346 dirersiscreatnris

169 3377 248 3432 niam
264 3394 349 3432 omne
361 3379 439 3451 quod
453 3379 521 3434 vivit
536 3379 572 3434 ab
590 3378 654 3450 ipso
675 3379 770 3433 virere
792 3369 891 3447 sumit,
914 3394 1018 3434 secun-
1072 3383 1174 3438 mundi
1192 3382 1286 3453 ipsum
1304 3381 1494 3438 sentientibus
1509 3384 1536 3435 et
1551 3379 1777 3450 intelligentibus
1799 3380 1830 3434 in
1854 3385 1916 3432 orto

170 3466 239 3521 dom
254 3466 329 3539 quod
344 3467 396 3522 Job
416 3481 469 3539 per
487 3483 533 3522 me
558 3466 715 3539 inspiratus
739 3465 873 3534 ostendit,
896 3467 1017 3522 diceus:
1072 3487 1129 3545 quo
1145 3474 1340 3538 creauerunt,
1357 3475 1445 3542 atque
1467 3473 1565 3540 ut‘per
1583 3467 1704 3522 officiale
1725 3467 1845 3523 verbum
1868 3483 1917 3537 po-

169 3553 237 3621 Qnr's
250 3553 451 3628 ignoratquod
468 3555 635 3611 omninltac
652 3571 758 3610 monus
778 3553 896 3610 Domini
906 3554 1016 3622 jecerit
1072 3563 1159 3614 testas
1176 3563 1204 3612 et
1217 3557 1310 3612 honor
1327 3557 1414 3613 scitur
1439 3555 1581 3622 hominis;
1600 3555 1641 3609 sic
1660 3555 1746 3609 etiam
1769 3571 1824 3626 per
1844 3553 1915 3610 diri-

167 3641 290 3711 incatur
298 3647 438 3699 manaret
447 3643 548 3700 animo
557 3643 814 3700 omnisoioents'set
825 3642 1018 3715 spirit-rorant·
1071 3664 1142 3702 num
1165 3646 1288 3702 Verbum
1305 3646 1438 3701 sanctitas
1452 3647 1482 3700 et
1499 3646 1613 3702 bonitas
1632 3644 1796 3716 resplendet
1815 3644 1914 3700 Patris.

168 3745 257 3788 nerra
278 3735 377 3787 cumb
398 3731 523 3788 donninir
547 3732 623 3803 (ιιι.
651 3733 710 3804 rn).
735 3731 810 3797 Quid
833 3731 906 3787 hor?
935 3731 1018 3786 Nulla
1107 3736 1189 3801 Quod
1200 3741 1296 3791 autem
1310 3733 1388 3790 rides
1404 3734 1548 3806 quomodo
1564 3732 1682 3788 flamma
1696 3733 1745 3787 illa
1760 3732 1916 3788 fulminans

168 3824 299 3874 creatura
313 3819 475 3876 tamhebes
498 3820 594 3876 estin
617 3825 721 3874 natura
747 3835 798 3875 sua
824 3834 889 3891 quse
905 3818 1035 3874 vicissi·'
1071 3824 1207 3880 incandet
1223 3840 1229 3878 ε
1243 3824 1354 3880 hocest
1367 3823 1443 3894 quod
1460 3823 1583 3878 Verbum
1608 3822 1656 3876 liei
1677 3821 1812 3876 virtutem
1837 3835 1914 3876 suam

169 3907 299 3963 tudinem
314 3908 502 3979 plenitudinis
525 3924 585 3964 ³1¹oe
600 3909 632 3964 in
655 3909 712 3962 illis
726 3908 820 3963 &⁰⁵5⁸
836 3908 962 3976 infloret,
986 3908 1019 3963 in
1072 3913 1155 3987 quasi
1176 3913 1361 3968 exardescens
1384 3911 1517 3979 ostendit,
1540 3927 1606 3967 curm
1628 3926 1680 3982 per
1703 3909 1798 3981 ipsum
1824 3909 1916 3964 omnis

171 3996 276 4063 suibus
290 3997 435 4051 fructuosa
453 3998 591 4052 consistit·
613 3997 784 4062 anomaeos
798 3997 907 4052 celum
932 3997 1019 4053 habet
1072 4006 1200 4058 creatura
1215 4002 1331 4056 condito
1346 4006 1399 4068 est,
1415 4005 1443 4054 st
1457 4000 1538 4072 quasi
1553 3999 1712 4067 incanduit,
1728 4013 1793 4054 cum
1815 3999 1845 4054 in
1869 4013 1916 4053 au-

170 4084 276 4152 lncom,
292 4086 339 4139 lux
356 4100 461 4154 aerem,
486 4101 536 4140 aer
559 4085 685 4141 volatilia
708 4091 737 4140 et
759 4090 837 4140 terra
861 4085 954 4140 nubit
973 4085 1019 4140 vi·
1072 4107 1139 4146 rora
1159 4097 1189 4146 et
1213 4090 1336 4146 candore
1359 4088 1532 4161 virginitatis
1553 4090 1733 4144 incarnatum
1756 4091 1808 4155 est,
1834 4092 1862 4142 et
1883 4101 1915 4142 er

171 4175 277 4242 tentia,
305 4176 428 4230 virentia
457 4175 591 4241 fructum,
628 4175 739 4230 tructus
771 4174 923 4242 animalia3
953 4191 1019 4246 quse
1074 4195 1108 4235 eo
1130 4179 1306 4234 stillaverant
1329 4193 1427 4232 omnes
1452 4177 1568 4233 virtutos
1597 4177 1628 4231 in
1654 4174 1802 4248 agnitione
1835 4175 1913 4230 liei:

172 4261 423 4318 omnietestantor
446 4265 524 4335 qnod
547 4280 579 4319 ea
605 4265 703 4336 posuit
724 4264 881 4320 fortissima
904 4279 1017 4332 manus,
1037 4261 1137 4324 licum
1153 4268 1241 4324 homo
1265 4266 1368 4322 revixit
1383 4266 1414 4321 in
1434 4265 1597 4321 animarum
1618 4264 1786 4320 salvatione.
1811 4263 1865 4320 Sed
1889 4266 1917 4316 et

170 4349 201 4405 id
234 4356 276 4406 est
305 4353 430 4407 maxima
459 4354 587 4423 potentia
615 4351 807 4409 Dominatoris
836 4359 1016 4421 cunctorum,
1073 4357 1210 4412 obscurus
1239 4370 1288 4408 aer
1315 4359 1344 4410 et
1364 4355 1504 4410 rotundus
1529 4354 1683 4426 multaque
1707 4351 1915 4425 magnitudinis

171 4441 220 4507 qui
236 4440 334 4496 omnia
349 4441 379 4495 in
394 4441 583 4513 possibilitate
603 4442 717 4498 virtutis
739 4457 798 4496 suas
820 4442 861 4495 ita
881 4442 1018 4510 operatos
1072 4449 1191 4518 repente
1213 4449 1328 4498 exortus
1352 4447 1403 4508 est,
1429 4443 1479 4515 qui
1502 4449 1546 4498 est
1568 4443 1789 4497 instrumentum
1816 4455 1915 4497 eorum

172 4531 306 4601 estquod
321 4530 363 4585 eis
379 4530 452 4585 nihil
467 4530 545 4585 deest
562 4531 591 4585 iu
615 4530 714 4585 usibus
729 4529 798 4597 suis,
819 4534 848 4583 οι
867 4528 898 4583 in
922 4528 1019 4583 omui·
1070 4535 1102 4590 in
1115 4531 1285 4588 obscuritate
1307 4531 1541 4604 imperfectionis,
1567 4531 1675 4586 scilieet
1698 4531 1828 4586 nondum
1850 4530 1914 4584 illu·

172 4616 302 4687 potentia
323 4617 451 4688 ejrrsdem
473 4617 650 4673 fabricatoris
673 4622 716 4672 ιιι
738 4617 827 4672 ιιιοιιο
849 4622 1018 4673 cunctorum
1073 4625 1193 4678 suatum
1210 4620 1389 4694 plenitudiue
1413 4625 1620 4686 creaturarum,
1646 4625 1675 4676 et
1694 4620 1849 4675 rotundum
1863 4620 1914 4682 est,

171 4704 330 4760 virentium
343 4711 371 4760 et
386 4707 574 4775 terrestrium,
590 4711 623 4761 ut
637 4721 775 4778 pecorum
791 4714 895 4762 terram
909 4706 940 4760 in
958 4710 1017 4760 tor·
1072 4711 1141 4782 quia
1155 4711 1208 4766 sub
1225 4709 1509 4779 incomprehensibili
1528 4709 1658 4780 potentia
1679 4709 1730 4764 liei
1745 4715 1796 4776 est,
1813 4705 1915 4764 divini-

172 4793 251 4848 renis
273 4795 466 4866 querentium
488 4811 541 4850 nec
565 4793 786 4851 rationalitatem
807 4793 942 4866 spiraculi
968 4794 1018 4850 liei
1072 4802 1131 4852 tate
1151 4812 1294 4868 nusquam
1316 4797 1453 4862 ahsente,
1481 4800 1577 4869 ipsum
1605 4802 1703 4852 tamen
1733 4797 1764 4852 in
1794 4794 1916 4851 maxima

93 4887 101 4896 ‘
172 4879 203 4935 in
219 4897 249 4936 se
263 4882 443 4951 habentium,
458 4889 488 4939 et
509 4884 642 4940 excitatio
665 4884 818 4954 spirituum
842 4883 891 4955 qoi
913 4882 1016 4938 homa·
1071 4891 1211 4958 potestate
1228 4887 1277 4940 liei
1293 4901 1413 4958 surgens
1428 4887 1511 4958 quasi
1534 4887 1565 4940 in
1590 4887 1648 4942 ictu
1669 4885 1744 4941 oculi
1769 4887 1799 4941 in
1821 4895 1916 4955 soper-

171 4985 240 5024 ucm
254 4987 371 5026 carnem
390 4972 562 5041 inhabitant,
587 4972 617 5027 in
635 4972 739 5044 quibus
763 4977 806 5026 est
828 4972 1017 5039 rauonstitus,
1072 4991 1109 5031 na
1124 4976 1270 5030 voluntate
1284 4975 1435 5043 elevatum,
1452 4989 1539 5045 super
1551 4975 1627 5047 qnod
1644 4975 1708 5046 ipsa
1723 4973 1838 5030 llammu
1861 4969 1915 5026 ael·

169 5056 304 5115 ἆῑθιιθῑῑθ
324 5065 352 5114 θῑ
378 5060 529 5132 mittentia·
553 5060 722 5126 0⁰⁰m⁰d0‘?
738 5059 839 5114 Anima
861 5059 963 5113 circuit
986 5058 1018 5113 in
1072 5069 1105 5119 ut
1125 5063 1205 5119 labar
1228 5063 1368 5136 quosdam
1393 5064 1466 5118 ictus
1489 5061 1569 5118 dedit
1591 5063 1675 5118 toties
1698 5063 1734 5118 ab
1757 5077 1791 5116 eo
1815 5057 1916 5115 scintil-

169 5148 293 5202 terrenis
321 5150 413 5204 oensis
434 5149 569 5205 laborans
592 5149 623 5203 in
643 5147 743 5202 multis
767 5145 951 5202 sanctatihus
972 5162 1017 5202 se-
1072 5154 1129 5208 lsm'
1143 5153 1276 5216 educens,
1303 5151 1393 5206 donec
1414 5151 1491 5206 idem
1517 5167 1568 5206 aer
1587 5152 1623 5207 ad
1648 5151 1808 5223 perlectum
1829 5147 1915 5203 dedu·

169 5235 297 5292 cundum
313 5238 393 5309 quod
415 5239 543 5293 carnales
564 5251 659 5292 mores
681 5234 874 5306 expostulant.
894 5233 1017 5305 Spiritus
1072 5243 1197 5310 ctusest,
1213 5239 1281 5312 quie
1300 5241 1402 5294 coslum
1423 5245 1452 5294 et
1475 5245 1553 5294 terra
1575 5240 1813 5312 resplenduerunt
1833 5237 1914 5309 plene

170 5339 238 5378 veru
252 5326 339 5397 erigit
350 5343 381 5380 se
398 5327 429 5381 in
450 5327 563 5382 duobus
584 5324 686 5392 modis,
702 5323 835 5380 videlicet
847 5323 1016 5395 suspirium,
1071 5327 1259 5392 institutione,
1271 5327 1387 5399 quaudo
1403 5327 1452 5382 ille
1468 5327 1516 5400 qui
1533 5329 1644 5383 excellit
1658 5327 1821 5384 universam
1843 5337 1915 5379 orca·

170 5412 309 5483 gemitum
329 5415 547 5471 atdesiderium
571 5415 606 5470 ad
632 5416 721 5469 Deum
743 5410 864 5477 hahens,
890 5417 940 5467 aot
960 5413 1017 5469 lio·
1070 5419 1165 5474 tnram
1196 5431 1354 5488 supernum
1390 5417 1513 5472 Verbum
1546 5417 1577 5471 in
1609 5416 1753 5472 cresimus
1776 5417 1912 5471 creatora·

170 5501 283 5557 minnm
301 5506 331 5558 at
352 5504 494 5575 regimem
514 5509 544 5561 ot
563 5504 710 5576 optionem
733 5500 766 5557 in
788 5499 908 5556 diversis
930 5502 1017 5559 rebus
1070 5519 1135 5560 rum
1149 5505 1314 5560 servitutem
1328 5505 1489 5561 munatium
1504 5505 1639 5561 virtutem
1658 5503 1834 5562 tortitudinis
1854 5513 1911 5556 suas
