3984 6034
106 204 157 259 lt?
724 205 867 264 scillas.
883 235 918 248 -
932 203 999 263 lde.
1021 205 1055 275 ll,
1077 205 1168 264 visto
1189 207 1219 261 V.
1804 209 1854 266 lt8

104 333 240 405 superins
269 332 365 407 typico
383 333 580 391 demonstrata
593 336 647 406 ast,
674 335 757 408 qnasi
781 334 811 392 in
838 336 953 410 sphaera
969 343 994 397 Α
1008 353 1096 410 quam
1127 337 1276 412 crystallus
1315 339 1492 411 perlucidus,
1517 339 1663 398 avertice
1695 355 1788 414 usque
1820 339 1853 396 ad

104 422 136 477 in
150 422 221 496 ipsis
244 423 436 479 velaminibus
455 424 534 479 velut
556 425 669 497 scsrlpta
692 425 837 498 apperuit,
867 431 897 482 et
923 426 954 482 in
1008 431 1108 498 guttur
1143 428 1206 500 ejus
1247 427 1463 498 circumlulget3
1498 429 1565 501 quia
1610 428 1759 484 ecclesiam
1782 429 1853 486 lide-

105 512 250 568 irontibns
277 512 406 585 ipsorum
432 515 529 583 lignus
551 513 619 581 ilei3
649 514 725 570 acin
748 515 824 571 collo
852 530 954 571 aarum
1008 515 1081 572 lium
1117 516 1314 587 incorruptam
1349 531 1484 588 sponsam
1522 516 1585 572 iiiii
1614 517 1665 573 ilci
1696 517 1856 574 circumdat

106 601 216 673 species
240 600 376 670 hominis,
402 606 431 656 et
447 602 477 656 iu
501 602 682 659 dextraeure
708 603 847 660 cherubin
866 608 896 659 et
923 604 955 660 in
1009 604 1165 674 apostolica
1204 603 1344 674 doctrina,
1382 621 1447 678 que
1490 605 1721 661 candidissimam
1762 605 1854 662 incer·

107 689 224 744 sinistra
248 689 305 744 alia
330 690 596 773 speeieseugelica:
615 691 656 747 ila
684 691 805 764 qnodct
829 695 865 749 do
892 691 955 765 ipsa
1010 692 1156 749 nationem
1204 693 1281 749 illios
1320 693 1510 762 annuntiavit,
1550 693 1600 766 qui
1631 694 1666 750 dc
1707 695 1778 750 coelc
1824 694 1855 750 in

106 779 296 834 similitudine
312 779 412 850 gloriae
436 795 568 851 superne
583 780 731 836 Trinitatis
750 782 786 837 ad
812 783 863 838 bas
889 798 955 854 spe·
1009 786 1124 837 uterum
1158 781 1278 854 virginis
1316 782 1472 851 descondit,
1509 788 1537 838 at
1572 783 1622 855 qui
1665 783 1855 839 fortissimum

106 868 165 922 cies
184 869 267 940 quasi
293 885 398 924 aurens
428 869 525 924 radius
554 886 584 924 sa
602 871 776 926 extenderet.
797 871 852 927 Sed
879 870 956 927 inter
1008 886 1042 926 ec
1074 870 1283 927 lucidissimum
1318 871 1468 942 speculum
1505 871 1637 928 omnium
1676 871 1855 928 credentium

107 957 161 1011 hos
176 955 295 1027 quidam
311 955 360 1013 alii
374 962 575 1028 apparuerunt
601 959 651 1030 qni
668 959 773 1015 iniules
799 961 830 1016 in
853 959 954 1032 capiti·
1009 963 1066 1015 est:
1096 961 1137 1015 ita
1172 960 1249 1032 quod
1286 960 1418 1016 eamdem
1446 960 1601 1016 Ecclesiam
1638 960 1700 1032 ipsa
1727 960 1858 1016 doctrine

108 1044 560 1117 bussuisetpalliaepiseopalis
596 1047 685 1103 oflicii
718 1049 793 1104 circa
820 1049 956 1105 humeros
1010 1047 1045 1104 ab
1063 1047 1117 1104 hcc
1139 1047 1221 1105 initio
1245 1065 1311 1104 curu
1336 1050 1464 1121 primum
1484 1049 1618 1105 ediilcari
1642 1048 1737 1120 erepit,
1765 1063 1856 1119 usque

106 1133 261 1190 habebant.
294 1135 327 1189 iit
353 1134 459 1190 iterum
483 1134 694 1192 audivivocem
722 1154 756 1192 ex
772 1138 830 1194 alto
856 1137 953 1193 dicen·
1008 1137 1045 1192 ad
1079 1142 1192 1209 tempus
1219 1153 1284 1194 cum
1319 1139 1415 1194 cibum
1453 1138 1519 1194 rite
1561 1138 1671 1194 iurtiter
1712 1136 1856 1208 deglutire

107 1225 181 1277 tem:
202 1223 264 1277 istae
287 1227 355 1277 sunt
380 1221 448 1277 illice
480 1223 559 1291 Sion,
575 1228 684 1279 etcum
700 1225 741 1280 eis
755 1226 955 1281 suntcitbaroe
1010 1223 1106 1292 reicit,
1139 1225 1367 1298 splendidissimo
1396 1243 1461 1282 eam
1502 1225 1724 1298 circumfulgens
1763 1223 1855 1280 tideli-

106 1309 342 1380 citlsaroedorum‚
372 1317 401 1367 et
418 1327 612 1383 omncgenus
639 1312 824 1381 musicorum,
851 1327 955 1369 aaron
1009 1315 1053 1367 ter
1082 1313 1278 1369 circumdedit.
1316 1315 1487 1380 Quomodo?
1528 1314 1690 1386 sipostolice
1725 1311 1857 1368 doctrina

106 1399 196 1454 totius
221 1399 373 1456 letiticeot
396 1401 534 1472 gaudium
550 1401 730 1473 gaudiorum.
760 1402 815 1459 Sed
830 1401 884 1458 sub
907 1419 955 1457 eo·
1009 1399 1196 1457 circumfulsit
1236 1401 1387 1458 Ecclesiam
1419 1403 1450 1457 in
1490 1403 1595 1474 capite,
1627 1417 1691 1456 com
1733 1401 1857 1473 apostoli

106 1487 173 1542 dem
193 1489 347 1560 splendore
373 1489 423 1544 ubi
437 1491 499 1562 ipse
513 1491 591 1544 reiut
606 1506 711 1546 eurora
724 1490 880 1547 rutilabat:
898 1491 954 1545 vidi
1009 1489 1136 1562 primum
1151 1491 1229 1546 illam
1247 1505 1298 1546 sua
1318 1489 1521 1563 predicatione
1541 1494 1689 1562 coeperunt
1704 1489 1856 1557 edificare,

105 1575 183 1631 inter
207 1578 310 1634 coelum
337 1581 365 1634 et
388 1583 494 1633 terram
508 1578 693 1636 densissimas
716 1580 851 1636 tenebras
863 1596 953 1651 appo·
1010 1579 1117 1634 scilicet
1141 1594 1207 1634 cum
1222 1593 1274 1652 per
1301 1578 1411 1636 diverse
1430 1579 1494 1635 loca
1520 1579 1713 1635 discurrentes
1738 1576 1857 1649 collige·
1954 1654 1957 1658 ¹

107 1679 182 1734 rere,
213 1681 278 1738 quse
297 1666 368 1722 tanti
394 1666 520 1722 horroris
547 1673 629 1723 erant
644 1671 675 1724 ut
699 1667 828 1724 haerena
855 1668 955 1741 lingua
973 1623 994 1678 Β
1009 1671 1075 1724 rent
1094 1667 1242 1740 operarios
1266 1668 1316 1740 qui
1335 1668 1415 1724 illam
1439 1668 1469 1723 in
1490 1667 1631 1724 catholica
1654 1667 1712 1722 ilde
1740 1667 1857 1722 robora·

107 1753 189 1809 ctiori
203 1770 264 1810 non
276 1757 378 1826 possit.
396 1757 428 1811 Et
450 1771 565 1811 rursum
580 1757 678 1812 audiri
707 1773 804 1813 vocem
819 1757 854 1814 de
882 1758 954 1814 caelo
1009 1763 1083 1826 rent,
1104 1762 1132 1812 et
1155 1756 1206 1830 qui
1228 1757 1283 1828 ipsi
1305 1756 1489 1830 presbyteros
1511 1761 1540 1812 et
1560 1756 1710 1829 episcopos
1733 1771 1766 1811 ac
1792 1770 1858 1810 om-

108 1842 269 1899 dicentem:
286 1845 315 1900 Si
331 1845 418 1900 iilius
437 1845 487 1900 liei
514 1845 545 1902 in
571 1863 770 1918 crucepnssns
791 1864 850 1903 non
869 1854 952 1916 esset,
1011 1831 1076 1900 nem
1108 1845 1331 1900 ecclesiasticum
1372 1845 1505 1900 ordinem
1537 1845 1731 1917 providerent,
1772 1847 1858 1915 atque

107 1931 170 1986 istas
187 1932 313 1988 tenebrae
328 1933 409 1988 nirtlo
434 1934 521 1989 modo
534 1933 734 2004 permitterent
747 1935 898 1991 hominem
918 1936 954 1991 ad
1005 1935 1073 2007 jura
1092 1934 1219 1989 virorum
1243 1951 1275 1989 ac
1302 1933 1458 1990 mulierum
1477 1933 1528 2006 qui
1547 1933 1600 1989 sub
1628 1932 1763 2004 coniugio
1779 1935 1857 2000 sunt,

106 2035 262 2091 supernam
294 2021 453 2077 claritatem
476 2023 639 2094 pervenire.
667 2024 721 2080 Ubi
748 2030 845 2080 autom
877 2025 954 2080 idem
1009 2024 1173 2096 etreliqua
1202 2022 1272 2078 talia
1297 2023 1421 2078 tideliter
1449 2023 1646 2078 constitueret.
1676 2023 1859 2092 Quapropter

106 2108 244 2180 splendor
256 2109 338 2181 quasi
354 2125 483 2182 perpura
498 2110 652 2182 hyacintho
679 2111 840 2168 intermista
862 2113 955 2186 lutge-
1009 2113 1140 2168 eumdem
1168 2111 1328 2168 doctricem
1352 2111 1568 2185 subsequuntur
1597 2109 1782 2184 pigmentarii
1806 2109 1857 2164 ise·

105 2199 165 2266 bat,
183 2197 295 2253 lortiter
319 2200 485 2271 predictam
502 2200 674 2256 muliebrem
697 2201 856 2274 imaginem
884 2217 955 2257 con·
1008 2203 1107 2260 beatas
1122 2203 1342 2258 similitudinem
1357 2203 1541 2258 sacerdotum
1562 2200 1662 2274 legalis
1683 2198 1852 2266 testimonii,

105 2289 251 2359 stringens
274 2289 404 2344 ardebat.
431 2289 485 2345 Sed
513 2290 586 2346 alius
613 2289 750 2362 splendor
776 2295 810 2346 ut
835 2291 956 2346 candida
1009 2292 1060 2363 qui
1079 2291 1132 2346 sub
1157 2293 1219 2364 lege
1249 2290 1474 2346 circumcisionis
1498 2290 1586 2364 positi
1617 2295 1700 2346 eraut
1726 2286 1859 2343 interiori

106 2378 200 2432 nrrbes
233 2377 365 2432 eamdem
397 2378 554 2451 imaginem
581 2379 616 2434 ab
643 2379 778 2434 umbilico
807 2379 953 2449 deorsum,
1009 2380 1072 2436 cibo
1088 2380 1215 2435 enutrire
1239 2379 1371 2453 populos,
1393 2380 1468 2435 undo
1490 2379 1576 2434 etiem
1598 2377 1722 2452 apostoli
1744 2375 1859 2432 ordines

106 2467 184 2520 ultra
213 2470 310 2521 tamen
339 2467 467 2522 nondum
495 2483 660 2523 excrescens
687 2469 807 2524 honesta
829 2468 956 2524 circam·
1009 2468 1073 2525 illos
1097 2468 1243 2539 eligebant
1265 2483 1329 2523 cum
1355 2467 1461 2540 quibus
1483 2468 1634 2524 ecclesiam
1663 2481 1789 2538 superna
1812 2465 1856 2520 in·

108 2553 236 2609 dederat.
249 2554 283 2609 Et
298 2553 325 2610 lsi
342 2559 400 2610 tres
413 2556 578 2627 splendores
593 2555 667 2611 circa
680 2556 774 2628 ipsam
797 2557 955 2628 imaginem
1010 2557 1164 2630 spiratione
1197 2557 1384 2612 exornabant.
1410 2557 1484 2623 Quid
1508 2557 1585 2614 hoc?
1616 2556 1687 2612 Nam
1720 2569 1856 2626 sequaces

108 2659 138 2697 se
154 2643 210 2698 lata
239 2642 442 2713 diffundentes,
469 2644 610 2717 plurimos
636 2647 742 2718 gradus
756 2651 786 2702 et
814 2647 904 2702 scales
925 2647 956 2702 in
1009 2661 1110 2703 eurum
1133 2645 1164 2701 in
1187 2645 1246 2700 rica
1271 2645 1399 2718 ipsorum
1414 2645 1602 2700 saluberrime
1620 2644 1769 2716 pigmenta
1790 2657 1856 2714 ges·

109 2748 142 2786 ea
168 2733 242 2788 bene
274 2737 303 2788 et
329 2733 464 2788 decenter
494 2733 641 2788 ordinatas
668 2733 869 2790 ostendebant.
900 2735 956 2792 Sed
1010 2736 1117 2789 tentes:
1144 2733 1267 2789 fideliter
1303 2734 1412 2807 plateas
1449 2739 1477 2789 at
1500 2733 1580 2790 uillas
1601 2738 1630 2789 et
1656 2732 1784 2788 civitates
1813 2733 1856 2785 at-

109 2838 175 2876 rurn
191 2821 405 2889 perviderem,
435 2837 471 2878 ex
490 2820 580 2878 nimio
596 2828 720 2879 tremore
747 2822 798 2896 qui
825 2839 872 2879 me
901 2840 956 2896 ap·
1010 2837 1067 2894 que
1090 2822 1146 2877 alia
1171 2826 1230 2880 loce
1253 2824 1406 2895 regionum
1428 2829 1458 2879 et
1481 2827 1624 2880 terrarum
1644 2823 1855 2893 pertranseunt,

109 2910 303 2982 prebenderat
335 2909 366 2966 in
393 2916 501 2966 terram
531 2910 676 2967 dissolutis
704 2911 812 2968 viribus
847 2912 954 2980 corrui,
975 2915 1039 2978 cat
1066 2911 1174 2984 populo
1199 2911 1327 2967 divinam
1356 2913 1450 2984 legem
1478 2911 1661 2966 annuntient.
1685 2909 1742 2982 lpsi
1776 2907 1855 2964 euim

110 3015 163 3053 nec
177 2998 264 3054 alicui
291 3015 461 3071 responsum
476 3000 543 3055 dara
571 2999 658 3056 valui.
688 3001 798 3057 Eteccc
812 3001 957 3057 maximus
1010 3005 1077 3056 srrnt
1107 3000 1242 3074 exquisiti
1275 3005 1370 3073 patras
1398 3007 1426 3057 at
1454 3001 1666 3074 dispensatores
1697 2999 1732 3056 ad
1769 2997 1858 3054 eccle-

110 3088 249 3159 splendor
276 3089 355 3144 relrrt
383 3103 486 3144 manus
510 3089 606 3160 tetigit
638 3105 684 3144 me
714 3089 790 3146 unde
822 3089 897 3146 vires
929 3095 958 3146 et
1010 3087 1152 3144 siasticam
1176 3082 1358 3161 disciplinam
1379 3090 1459 3146 omni
1478 3087 1631 3162 populoiu
1650 3087 1782 3144 doctrina
1804 3101 1857 3142 sue

110 3193 211 3232 rocem
224 3177 330 3250 recepi.
356 3179 388 3233 lit
402 3177 506 3233 ilerum
523 3177 618 3233 audivi
641 3195 740 3234 rocem
764 3195 797 3235 cx
811 3181 862 3235 illo
885 3179 955 3236 mibi
1011 3177 1222 3248 proterendam,
1250 3183 1277 3234 et
1300 3179 1335 3234 ad
1358 3179 1453 3236 cibum
1478 3179 1543 3235 ritae
1566 3178 1593 3234 ci
1621 3175 1855 3250 dispensandum,

110 3267 269 3323 dicentem:
300 3268 402 3339 idegna
430 3267 567 3340 mysteria
592 3273 661 3323 sunt
686 3268 761 3324 brec:
803 3269 958 3326 Considera
1011 3265 1108 3338 itaquo
1142 3268 1230 3323 ctiam
1257 3283 1287 3322 se
1309 3270 1380 3324 tales
1404 3269 1434 3324 in
1466 3267 1524 3325 rita
1556 3283 1608 3323 sua
1632 3267 1795 3332 exhibeant,
1821 3279 1857 3320 ne

111 3355 189 3411 enim
204 3357 294 3411 solem
313 3357 452 3412 etlunam
483 3356 629 3412 etstellas.
652 3357 709 3429 Ego
731 3357 851 3414 formeri
867 3360 956 3414 solem
1011 3369 1077 3410 oves
1099 3373 1172 3412 meas
1195 3357 1225 3412 in
1249 3357 1385 3428 operibus
1408 3373 1508 3413 eorum
1533 3357 1727 3425 offendentur,
1751 3353 1801 3410 sed
1826 3358 1858 3410 ut

111 3449 143 3500 ut
158 3447 251 3501 luccat
264 3445 294 3500 in
321 3445 422 3511 die,et
447 3445 592 3502 lunamet
618 3445 714 3501 stelles
741 3446 904 3502 utluceaut
926 3447 956 3502 in
1011 3449 1086 3500 recte
1115 3449 1180 3517 post
1207 3447 1283 3518 ipsos
1310 3447 1489 3518 gradientur,
1524 3446 1593 3518 quia
1622 3443 1678 3518 ipsi
1702 3443 1757 3500 hoc
1790 3443 1857 3498 cili-

111 3539 205 3589 nocte.
235 3533 282 3589 Sol
301 3537 399 3589 autem
424 3533 567 3606 significat
596 3535 700 3591 Filium
717 3551 825 3605 meum,
856 3536 957 3608 quida
1011 3535 1087 3590 cium
1109 3534 1216 3591 babent
1235 3541 1266 3590 ut
1286 3539 1385 3608 operte
1407 3535 1504 3591 cibum
1525 3535 1590 3590 vitm
1614 3533 1722 3607 populo
1747 3532 1857 3588 submi·

110 3623 196 3678 eorde
211 3639 276 3678 meo
295 3622 382 3678 exirit
396 3623 580 3679 aimundum
594 3622 769 3680 illuminarit
783 3641 848 3680 cum
873 3629 958 3680 natus
1011 3624 1144 3692 nistrent,
1177 3630 1206 3678 et
1237 3630 1268 3678 ut
1299 3623 1455 3696 unicuique
1485 3623 1582 3679 tidelia
1612 3623 1707 3678 cilicia
1736 3621 1858 3676 discrete

110 3716 153 3766 est
171 3728 204 3767 ex
221 3712 329 3784 virgine
344 3712 375 3767 in
403 3713 651 3786 linetemporum,
679 3714 753 3769 sicut
770 3718 798 3770 at
812 3714 855 3770 sol
875 3730 956 3787 egre·
1012 3713 1157 3782 ordinent,
1182 3711 1350 3784 semetipsos
1373 3714 1460 3768 etiam
1483 3713 1523 3768 ita
1553 3711 1794 3781 constringentes,
1822 3724 1858 3763 ns

110 3799 192 3856 diens
214 3802 356 3857 mnndum
386 3801 524 3870 illustrat;
549 3818 615 3858 cum
644 3801 735 3858 oritur
764 3803 839 3858 circe
868 3804 957 3859 linem
1011 3801 1155 3857 carnalem
1185 3801 1317 3872 copulam
1336 3806 1483 3873 appetent,
1518 3799 1655 3870 quoniam
1679 3797 1858 3870 spiritualem

111 3889 211 3945 noetis.
242 3891 295 3946 Sed
321 3891 392 3946 lune
418 3891 572 3947 Ecclesiam
597 3891 691 3947 eidem
730 3891 800 3947 Filio
827 3907 892 3946 meo
925 3890 958 3946 io
1011 3907 1106 3947 escam
1135 3890 1316 3946 credentibus
1343 3890 1471 3962 praehere
1494 3888 1755 3945 stimmaculatum
1771 3885 1858 3940 sacri-

109 3995 177 4035 rera
205 3984 235 4035 et
262 3996 387 4052 superne
415 3979 635 4050 desponsatione
663 3981 867 4053 desponsatam
903 3979 957 4035 de·
1011 3979 1109 4036 iicium
1142 3981 1199 4035 ileo
1225 3979 1326 4035 offerre
1356 3979 1461 4035 debent
1491 3983 1524 4034 ut
1544 3977 1575 4033 in
1611 3977 1764 4033 innocente
1787 3973 1858 4030 Abel

111 4068 215 4141 signat.
240 4070 402 4124 Etutlona
424 4068 957 4141 semperincrementumetdeiectum
1011 4069 1262 4143 praefigurabatur,
1295 4069 1538 4140 quemadmodum
1565 4066 1601 4122 dc
1628 4067 1690 4139 ipso
1722 4065 1859 4137 scriptum

111 4156 142 4212 in
157 4174 209 4212 sua
235 4156 548 4227 constitutiouehabet,
563 4159 612 4214 sed
638 4174 698 4214 ase
728 4159 860 4230 ipsanon
877 4159 958 4213 ardet
1013 4157 1278 4230 eslzddelquoque
1297 4159 1398 4216 obtulit
1413 4158 1449 4212 de
1466 4154 1668 4230 primogenitis
1693 4153 1789 4228 crepis
1802 4152 1857 4220 sui,

111 4246 168 4302 nisi
184 4238 288 4317 quoda
315 4246 425 4302 lumine
453 4247 521 4302 solis
546 4245 720 4315 incenditur,
740 4246 780 4302 sic
794 4253 822 4302 el
836 4246 959 4303 Ecclesia
976 4222 1244 4318 ”ardentioribus
1266 4262 1368 4302 eorum
1388 4245 1470 4318 (Gen.
1489 4247 1535 4316 rr).
1552 4245 1626 4311 Quid
1651 4244 1727 4300 hoc?
1742 4243 1775 4299 ln
1793 4246 1860 4296 ortu

111 4337 142 4390 in
155 4334 324 4391 circuitione
350 4335 486 4391 motionis
501 4340 553 4406 est,
569 4335 609 4391 ito
624 4337 699 4408 quod
727 4335 781 4391 lilii
794 4337 856 4407 ejus
884 4352 958 4408 serpe
1014 4335 1157 4405 surgentis
1183 4335 1280 4390 saeculi
1315 4335 1504 4390 sanctificatio
1545 4333 1650 4404 regalis
1690 4329 1860 4388 ostensionis

111 4424 268 4497 proliciunt
295 4424 324 4479 in
349 4425 529 4481 incremento
554 4425 705 4493 virtutum,
733 4431 762 4480 at
789 4423 866 4498 quod
881 4442 958 4497 saepe
1013 4423 1107 4479 inille
1138 4423 1187 4496 qui
1210 4423 1345 4480 innocens
1369 4423 1400 4478 in
1421 4424 1478 4478 vita
1501 4439 1552 4478 sua
1568 4427 1630 4478 erat
1644 4421 1765 4488 eiirslsit3
1782 4419 1860 4492 quod

111 4513 250 4568 deliciunt
265 4513 294 4568 in
308 4513 472 4569 diversitate
487 4530 612 4583 morum,
632 4519 718 4587 etqua
737 4513 769 4569 in
782 4513 959 4586 dispersione
1014 4511 1132 4569 domum
1165 4512 1369 4585 omnipotentis
1398 4512 1458 4579 Dei,
1484 4527 1542 4567 non
1566 4515 1672 4566 terram
1694 4509 1860 4565 sedcoelum

111 4602 331 4671 adversitatum
357 4603 398 4658 ita
424 4603 501 4676 quod
533 4618 732 4676 sepenumero
759 4603 791 4659 in
816 4604 960 4676 mysteriis
1014 4601 1125 4658 fortiter
1154 4601 1257 4674 tetigit.
1270 4603 1441 4668 Quomodo?
1459 4601 1531 4666 Quia
1558 4599 1628 4656 Abel
1655 4599 1686 4653 in
1712 4613 1762 4652 sue
1789 4597 1861 4652 inte-

110 4692 171 4748 suis
184 4707 236 4764 per
252 4690 450 4764 rapacissimos
475 4691 560 4764 lupos
582 4691 771 4764 impugnatur
798 4690 960 4764 tidelispcr
1014 4689 1117 4762 gritstc
1141 4689 1244 4746 obtulit
1266 4691 1323 4746 lieo
1355 4691 1544 4746 intentionem
1572 4686 1725 4745 voluntatis
1749 4702 1807 4741 suoe
1832 4688 1861 4741 et

110 4780 254 4852 malignos
282 4781 415 4836 homines
442 4785 502 4836 tam
533 4781 710 4837 Christianos
730 4797 817 4853 quam
844 4782 959 4837 iudaeos
1014 4779 1133 4852 plemrm
1163 4777 1291 4835 ollicium
1325 4779 1454 4850 ejusdem
1482 4776 1652 4834 uoluntatis:
1683 4789 1748 4830 cum
1779 4772 1860 4845 cogi-

109 4875 139 4925 et
168 4870 240 4926 alios
267 4869 408 4939 infideles,
437 4873 466 4925 et
492 4869 523 4925 in
550 4870 605 4925 boc
633 4870 894 4942 persemetipsum
923 4869 959 4926 ad
1015 4868 1084 4922 tevit
1102 4868 1134 4923 in
1154 4867 1241 4923 eorde
1265 4867 1632 4939 scoillioiierreprimum
1649 4852 1860 4936 germenquod

109 4959 293 5015 tolerantiam
321 4974 382 5014 non
399 4958 578 5027 accenditur;
595 4958 645 5014 sed
671 4959 702 5013 in
726 4956 958 5030 maperi'ilium
1015 4956 1045 5013 in
1074 4955 1233 5013 substantio
1250 4973 1302 5012 sua
1324 4955 1473 5026 nabulum
1495 4971 1561 5012 cum
1580 4953 1651 5010 illud
1675 4952 1762 5008 etiem
1794 4965 1860 5023 per·

109 5065 210 5105 meum
239 5052 271 5102 ut
297 5047 327 5103 in
354 5048 431 5104 bono
459 5051 623 5120 perseveret
650 5046 840 5103 illuminatur.
865 5047 960 5103 Stellae
1015 5045 1087 5101 lecto
1111 5061 1198 5118 opere
1219 5046 1382 5118 complevit,
1405 5047 1446 5101 ite
1467 5051 1495 5101 et
1520 5045 1614 5100 tidelis
1638 5058 1784 5099 summum
1807 5059 1860 5114 pa·
1922 5053 1929 5072 ·

109 5143 209 5194 autem
238 5154 306 5192 ase
338 5137 502 5193 differentes
528 5137 559 5192 iu
596 5136 723 5193 claritate
751 5137 872 5209 fulgoris
903 5135 960 5208 sui,
1014 5139 1087 5191 trem
1114 5135 1260 5190 honorans
1287 5136 1371 5208 eique
1404 5134 1530 5190 debitam
1559 5133 1749 5189 reverentiem
1777 5130 1860 5187 exhi·

109 5225 276 5298 significant
297 5227 421 5300 populos
449 5225 553 5283 diversi
568 5225 678 5283 ordinis
693 5226 890 5283 ecclesiastice
917 5241 960 5283 re-
1014 5223 1094 5280 bens.
1114 5223 1192 5280 Unde
1213 5224 1299 5280 otiam
1322 5224 1394 5279 sicut
1417 5223 1488 5278 Abel
1511 5221 1592 5295 gregi
1613 5237 1665 5278 suo
1689 5219 1816 5293 praefuit,
1832 5223 1862 5275 at

109 5314 238 5388 ligionis.
1015 5317 1123 5368 uteum
1136 5318 1264 5385 pasceret
1285 5312 1435 5368 custodivit
1461 5317 1490 5367 et
1504 5316 1537 5367 ut
1564 5311 1650 5366 etiam
1670 5307 1859 5381 simplici-de·

149 5403 231 5460 Unde
260 5401 347 5458 etiarn
374 5401 453 5459 rides
481 5405 558 5478 qnod
595 5403 747 5476 prerisam
788 5402 960 5459 muliebrem
1014 5402 1201 5458 votioneDeo
1231 5401 1335 5458 obtulit
1364 5399 1518 5474 deprimis
1549 5398 1750 5456 emissionibus
1786 5399 1859 5469 ejus,

109 5493 272 5565 imaginem
297 5491 416 5565 qnidam
441 5494 576 5566 splendor
602 5493 684 5549 albus
707 5498 741 5549 ut
765 5492 824 5560 nir,
838 5495 867 5548 et
893 5497 958 5548 tan·
1014 5491 1093 5547 aede
1109 5492 1265 5564 pinguibus
1279 5490 1465 5547 nutrimentis
1479 5487 1873 5553 earnmdomemissionnm3·
