3984 6034
31 126 139 181 ¹249
628 135 787 194 eatstan.
803 170 838 181 -
854 138 917 196 ΗΒ.
938 140 982 197 tv,
1003 142 1049 198 ltu
1068 142 1265 201 tantaleas.
1758 158 1826 211 lato

17 272 123 313 non
152 264 324 326 nascuntur,
339 261 391 317 'sed
411 262 446 318 dc
465 262 530 319 aliis
545 265 718 337 quibusdam
731 271 762 322 el
775 267 925 325 inutilibus
942 272 1049 331 Adam
1070 273 1109 345 (ll
1131 274 1182 346 qui
1203 275 1233 331 in
1258 275 1321 347 ipso
1344 282 1405 333 erat
1427 278 1458 334 ln
1482 281 1540 336 lleo
1560 281 1699 355 lulgabat,
1720 290 1828 356 putans

17 346 158 403 trebns
181 348 328 419 oriuntur,
350 356 379 405 et
401 367 453 423 per
478 368 551 423 quos
574 353 650 409 bona
673 361 702 409 et
724 357 799 411 mala
821 373 856 413 ex
875 374 925 413 na·
978 361 1056 432 quod
1085 362 1146 433 ipsa
1173 364 1295 435 aequalia
1323 370 1351 419 el
1376 366 1461 437 plura
1487 370 1546 424 llee
1572 376 1677 442 posset,
1707 378 1736 427 ct
1762 374 1825 432 ideo

17 438 132 490 itura
159 452 276 506 eornm,
305 440 496 509 permissione
522 441 582 509 lleI,
610 443 673 497 lieri
696 451 826 515 possunt.
852 446 922 501 llam
978 448 1114 520 splendor
1137 448 1198 521 ejus
1213 451 1356 507 extinctus
1375 458 1427 511 est.
1443 454 1496 511 Sed
1512 457 1673 513 sicullleus
1688 460 1778 514 lldanr
1795 461 1826 515 iu

17 522 142 581 rDans
159 525 291 597 primum
306 530 443 599 angelum
457 531 540 601 qnasi
555 532 689 603 pretiosis
710 534 853 605 lapidibus
871 536 923 591 de·
977 537 1126 592 meliorem
1153 552 1265 609 partem
1287 542 1478 611 recuperavit,
1504 544 1544 599 sic
1565 544 1640 601 Deus
1664 563 1716 602 nec
1738 524 1824 603 deco-

17 618 228 680 rcoraverat,
253 632 324 687 qnos
346 616 424 673 idem
450 618 561 674 aniler
580 620 609 674 ln
629 622 744 693 speculo
761 623 922 679 lliriuitalis
976 640 1037 679 rem
1070 642 1123 681 nec
1154 627 1289 682 virtutem
1324 630 1515 700 pretiosorum
1546 632 1675 703 lapidum
1701 636 1822 693 istorum

31 699 225 767 splendere
246 702 357 772 sidens,
381 710 410 759 et
437 704 505 761 inde
526 707 675 763 scientiam
698 709 817 782 accepit,
839 717 868 766 ct
891 712 921 767 in
976 712 1070 785 perire
1093 715 1212 785 dimisit,
1237 716 1287 771 sed
1311 718 1402 773 voluit
1423 722 1457 773 ul
1476 718 1598 775 interra
1617 722 1752 778 assentio
1767 723 1820 779 ho·

34 787 99 841 eis
123 789 269 859 cognorit
286 791 363 862 quod
385 793 462 847 Dens
484 794 574 850 mulla
595 796 738 853 mirabilia
757 798 850 855 lacere
870 816 920 856 ro·
976 818 1043 857 nore
1058 804 1308 876 etbanedictione,
1324 811 1352 863 et
1367 807 1403 862 ad
1419 806 1600 864 medicinam.

33 873 115 929 luit
142 881 218 931 ωηο
240 895 322 934 mens
346 882 408 952 ejus
431 882 539 937 elevata
564 890 617 951 est,
641 886 709 957 quia
733 886 820 943 decor
847 889 920 960 lapi·

767 1138 1113 1219 CAPITULA.

38 1365 244 1447 smaragdus
611 1376 622 1430 I
666 1376 780 1430 Prasias
1187 1376 1220 1429 lll
1261 1374 1411 1445 Margarita
1760 1382 1814 1437 llll
1904 1376 1910 1389 ³

36 1438 209 1493 Jacmctus
598 1446 623 1499 II
664 1445 852 1501 calcedonius
1172 1445 1219 1499 llll
1262 1446 1363 1501 barlen
1746 1452 1815 1507 XXII

40 1507 224 1589 Onicbinns
585 1516 622 1571 lll
664 1516 844 1588 crisopassus
1157 1515 1218 1572 llll
1261 1516 1414 1572 cornelion
1732 1523 1815 1577 lllllll

41 1578 187 1634 Berrllns
587 1588 621 1642 lv
663 1588 860 1643 Carbunculus
1162 1586 1219 1640 lIIV
1260 1587 1439 1642 alabastrum
1737 1593 1815 1647 ,lxlv

40 1648 209 1730 Cerdonis
223 1651 286 1722 (sic)
601 1660 620 1709 ll
660 1659 817 1714 ametistus
1127 1682 1132 1692 ¹
1173 1658 1217 1712 xv
1259 1656 1326 1713 Celx
1409 1690 1413 1697 ·
1749 1664 1814 1717 llllll

40 1719 202 1800 Sapbrrns
586 1729 620 1781 vl
660 1731 781 1784 Achates
1126 1728 1217 1805 ‚llll
1260 1729 1299 1783 lle
1319 1728 1430 1783 caeleris
1450 1728 1602 1800 lapidibus,
1626 1735 1659 1786 ut
1676 1732 1812 1801 marmor,

42 1790 180 1845 Sardrus
571 1798 618 1852 Vll
661 1800 785 1855 Adamas
1148 1797 1217 1852 xvtt
1292 1802 1468 1868 praestatem,
1494 1801 1636 1868 culpatam,
1661 1802 1812 1870 docmata,

40 1861 203 1931 Topaqus
558 1868 619 1923 vttl
662 1871 776 1941 linguas
1134 1868 1217 1923 lIVllI
1292 1870 1410 1938 wacken,
1427 1878 1455 1925 et
1467 1870 1502 1925 de
1518 1871 1659 1926 similibus
1724 1872 1811 1931 lllllll.

43 1932 210 1987 Crisolitns
587 1940 620 1993 Ill
661 1940 794 2011 Ligurius
1161 1939 1217 1993 lllll

42 2002 152 2072 Iaspis
598 2010 619 2065 X
660 2011 808 2066 cristallus
1169 2009 1216 2065 llll

516 2274 761 2390 INCIPIT
801 2275 995 2389 LIBER
1037 2275 1351 2405 QUARTUS.

285 2687 358 2743 Car.
374 2686 397 2741 l.
412 2714 447 2729 -
463 2685 503 2740 lla
519 2684 683 2741 Sunscno.
927 2682 1047 2739 Batiam
1069 2699 1122 2755 per
1146 2699 1251 2739 novem
1273 2688 1424 2756 sequentes
1445 2685 1508 2741 dies
1530 2684 1562 2740 in
1585 2701 1669 2741 mane
1688 2686 1748 2743 diei
1767 2689 1808 2744 la·

91 2777 266 2849 smaragdus
293 2774 323 2830 in
350 2790 434 2829 mane
458 2773 515 2829 diei
539 2772 639 2828 crescit
661 2777 690 2827 at
715 2772 746 2827 in
771 2776 836 2828 ortu
862 2788 906 2827 so·
960 2771 1026 2841 ciat,
1046 2777 1074 2826 al
1092 2772 1248 2827 curabitur.
1272 2772 1371 2828 Sedet
1394 2773 1528 2828 eumdem
1551 2774 1676 2846 lapidem
1694 2792 1808 2849 semper

48 2865 101 2934 lis,
125 2881 191 2920 cunr
212 2864 256 2920 sol
274 2864 306 2919 in
323 2864 431 2919 circulo
450 2879 503 2918 suo
521 2866 655 2933 potenter
672 2861 784 2933 positus
805 2864 847 2915 asl
864 2860 904 2934 (t)
959 2859 1035 2929 apud
1057 2876 1087 2915 se
1107 2859 1221 2929 habeat,
1241 2866 1269 2916 et
1283 2877 1350 2915 anm
1363 2862 1480 2917 cottidie
1497 2862 1528 2917 iu
1543 2878 1627 2918 mana
1642 2863 1699 2920 diei
1714 2864 1807 2937 iaspi-

50 2953 92 3009 ad
113 2954 312 3025 peragendum
336 2952 392 3007 iter
412 2968 509 3013 snum,
531 2957 560 3005 at
579 2956 648 3006 tunc
670 2948 799 3005 viriditas
820 2956 905 3005 terrae
958 2948 1024 3017 ciat,
1049 2954 1077 3003 al
1096 2948 1225 3015 interim,
1245 2950 1314 3005 dum
1330 2966 1397 3005 enm
1413 2950 1537 3023 Inspicit,
1560 2952 1697 3022 praedIcta
1721 2953 1807 3009 rerba

50 3049 86 3097 et
108 3043 241 3113 gramina
266 3043 391 3097 maalme
420 3040 528 3112 vigent,
556 3041 625 3111 qnia
648 3056 697 3094 aar
719 3045 789 3094 tuuc
811 3038 905 3095 adbuc
957 3035 1043 3105 dicat,
1069 3042 1097 3092 et
1119 3038 1277 3093 sanabitur.
1307 3040 1340 3094 El
1362 3038 1412 3112 qui
1436 3040 1467 3093 iu
1494 3039 1588 3111 capite
1613 3040 1695 3096 valde
1717 3041 1804 3111 dolet,

49 3126 178 3196 frigidus
192 3130 236 3181 est
253 3130 282 3180 el
297 3127 339 3179 sol
350 3126 410 3195 jam
426 3126 550 3192 calidus;
564 3131 594 3179 et
608 3129 677 3180 tunc
691 3123 787 3179 herbae
803 3123 903 3179 vlridi-
957 3141 1025 3179 eum
1040 3126 1074 3180 ad
1089 3142 1120 3179 os
1141 3142 1226 3182 suum
1243 3131 1340 3182 teneat
1362 3134 1391 3182 et
1404 3128 1561 3199 spiramine
1579 3145 1632 3183 suo
1648 3128 1803 3199 calefaciat,

51 3221 144 3272 talem
167 3219 226 3269 tam
247 3213 359 3268 lorlitar
378 3220 497 3284 sugunt,
519 3218 551 3268 ut
572 3230 663 3284 agnus
681 3213 732 3285 qui
754 3214 797 3268 lac
814 3214 901 3285 sugit,
956 3214 998 3268 ita
1020 3219 1053 3269 ut
1070 3214 1105 3271 da
1124 3216 1225 3270 eodem
1247 3216 1403 3287 spIramine
1418 3217 1551 3273 madidus
1566 3217 1626 3284 liat,
1647 3221 1675 3273 et
1688 3219 1728 3273 sic
1742 3234 1803 3274 ma·

51 3306 96 3358 ita
111 3303 186 3375 quod
201 3307 288 3357 aestus
305 3300 363 3357 dici
378 3302 425 3356 vix
440 3302 545 3357 adhoc
560 3302 666 3358 suflicit
684 3308 714 3357 ut
728 3303 901 3357 viriditatem
957 3302 1025 3357 dido
1047 3307 1188 3375 tympora,
1211 3308 1239 3358 at
1258 3304 1383 3360 frontem
1399 3322 1484 3360 suum
1498 3305 1590 3371 liniat,
1607 3310 1636 3360 el
1648 3306 1752 3361 deinde
1773 3308 1804 3363 in

54 3392 114 3448 diei
135 3392 211 3447 illius
239 3395 344 3462 coquat
367 3396 395 3446 et
422 3390 532 3445 nutriat
554 3396 697 3461 qnatenus
720 3391 830 3446 fertiles
852 3392 903 3445 liat
956 3408 989 3446 os
1012 3407 1097 3445 suum
1120 3398 1218 3464 ponat,
1244 3398 1273 3447 et
1294 3393 1333 3447 ita
1357 3409 1424 3448 eum
1446 3409 1498 3464 per
1521 3394 1635 3449 brevem
1654 3394 1755 3450 horam
1774 3396 1804 3451 iu

55 3482 94 3536 ad
123 3479 340 3551 producendum
369 3478 489 3534 fructus.
512 3478 547 3533 Et
571 3478 634 3534 ideo
655 3478 822 3549 smaragdos
842 3478 901 3534 lor·
956 3496 1006 3535 ora
1030 3484 1127 3534 teneat
1151 3485 1179 3534 at
1204 3479 1306 3535 melius
1329 3480 1454 3536 habebit.
1477 3482 1514 3537 Et
1535 3481 1585 3553 qni
1609 3482 1695 3537 etiam
1715 3483 1804 3555 plori-

55 3570 95 3625 tis
128 3575 169 3624 est
203 3575 305 3625 contra
341 3584 443 3623 omnes
477 3567 639 3623 debilitates
666 3572 695 3623 cl
720 3568 902 3623 infirmitates
955 3583 1036 3624 mum
1061 3567 1163 3623 flecma
1184 3574 1213 3623 et
1233 3567 1389 3640 plurimam
1413 3569 1575 3623 salivamin
1591 3586 1621 3624 se
1641 3569 1735 3638 habet,
1751 3571 1802 3627 bo·

57 3656 191 3726 hominis,
211 3656 285 3730 ‘quia
302 3656 346 3712 sol
360 3674 427 3712 enm
447 3663 528 3728 parat
543 3663 571 3712 et
585 3657 653 3729 qnia
667 3658 761 3713 omnis
782 3657 902 3713 materia
955 3674 1027 3713 nuru
1063 3657 1162 3711 vinum
1191 3657 1347 3724 calelacial,
1382 3663 1411 3713 el
1443 3664 1510 3711 tunc
1536 3657 1645 3712 lineum
1674 3674 1801 3729 pannum

58 3744 173 3816 ejusde
195 3745 339 3800 viriditate
361 3745 507 3801 acrisest.
528 3746 902 3817 Undcquiincorde,aut
955 3762 1043 3817 snper
1072 3748 1219 3801 vasculum
1250 3746 1366 3817 aliquod
1391 3752 1489 3817 ponat.
1513 3751 1541 3801 at
1563 3763 1650 3817 snper
1673 3762 1801 3817 pannum

58 3834 90 3888 in
110 3835 264 3901 stomacho,
286 3840 337 3889 ant
358 3834 388 3889 in
409 3835 496 3889 latera
517 3835 605 3903 dolet,
620 3834 804 3904 smaragdum
823 3835 900 3905 apud
954 3835 1037 3890 illum
1057 3835 1252 3905 smaragdum,
1269 3839 1297 3889 et
1311 3834 1409 3889 riuum
1425 3835 1465 3889 ita
1480 3835 1604 3889 calidum
1627 3851 1713 3907 super
1733 3850 1802 3891 eun·

17 3987 18 3990 Ἴ
60 3939 89 3976 sa
111 3922 221 3989 babeat,
244 3929 276 3977 ut
296 3940 364 3978 caro
386 3923 515 3995 corporis
534 3923 579 3977 sui
602 3923 638 3978 ab
662 3923 712 3978 illo
735 3922 898 3992 incalescat,
954 3924 1025 3979 dem
1041 3924 1167 3996 lapidem
1185 3924 1297 3991 fundat,
1323 3928 1355 3978 nt
1374 3924 1469 3995 ipsum
1488 3923 1586 3978 riuum
1604 3940 1802 3996 perpennam

60 4017 87 4064 el
110 4010 209 4066 mallus
225 4011 352 4067 habebit.
367 4012 420 4067 Sed
442 4012 466 4067 si
481 4018 575 4083 pestes
590 4012 741 4067 illseiueo
756 4012 795 4066 ita
810 4014 895 4068 inun-
955 4017 1092 4080 transeat,
1107 4011 1586 4079 etbociterumctiterumlaciat,
1602 4012 1801 4084 velutillaqui
1889 4028 1898 4045 ⁸

17 4085 18 4132 l
60 4098 125 4153 dent
141 4100 214 4171 quod
236 4117 253 4155 a
273 4101 398 4173 procella
418 4118 470 4157 sua
483 4118 512 4155 sa
528 4101 675 4157 continere
690 4118 750 4157 ηοη
764 4107 894 4172 possunt,
956 4100 1082 4156 linirIam
1102 4105 1196 4173 parat,
1217 4106 1245 4156 at
1265 4107 1334 4156 tunc
1351 4117 1417 4156 cnm
1435 4101 1485 4155 illo
1506 4101 1572 4156 vino
1588 4105 1616 4155 ct
1630 4117 1695 4156 cum
1709 4100 1802 4156 farina

61 4194 125 4243 ωηο
146 4189 230 4245 bomo
254 4191 302 4245 ille
322 4190 507 4262 smaragdum
528 4207 594 4246 mox
613 4190 643 4244 in
657 4208 688 4245 os
701 4206 786 4245 snum
797 4196 896 4262 ponat,
955 4189 1099 4259 labarum,
1117 4195 1145 4244 et
1163 4206 1227 4245 eam
1246 4206 1323 4261 sape
1343 4191 1486 4256 comedat,
1506 4196 1590 4261 alque
1609 4190 1688 4245 idam
1703 4190 1802 4245 viuum

61 4281 92 4331 nt
107 4278 139 4332 da
161 4280 247 4333 salira
265 4281 328 4350 ejus
351 4281 483 4335 madidus
505 4280 557 4335 liat
576 4285 605 4334 et
619 4278 669 4347 ita,
685 4284 717 4335 ut
732 4279 825 4350 Ipsam
833 4279 897 4333 sali·
951 4278 992 4331 sic
1016 4282 1149 4349 paratum
1161 4294 1249 4349 supe
1267 4277 1357 4346 bibat,
1377 4283 1404 4331 cl
1419 4277 1569 4332 cerebrum
1593 4278 1669 4332 illius
1683 4283 1799 4349 purgat,

61 4382 120 4420 vam
134 4366 166 4421 de
183 4367 279 4439 lapide
294 4369 343 4424 illo
365 4369 540 4432 calefactam,
558 4374 587 4424 cl
603 4386 706 4441 corpus
721 4384 805 4423 suum
820 4384 897 4438 saepo
951 4371 980 4420 et
993 4366 1095 4421 llecma
1119 4370 1147 4420 et
1165 4368 1285 4421 salivam
1308 4366 1338 4419 in
1357 4381 1390 4420 οο
1413 4365 1525 4419 urinuil.
1542 4366 1614 4420 Etsi
1629 4381 1717 4437 quam
1733 4381 1799 4420 rer-

61 4455 168 4510 inducat
191 4463 221 4511 ct
243 4457 367 4524 emittat,
390 4462 420 4512 et
440 4457 599 4529 repentium
622 4458 825 4512 inundationes
847 4473 896 4527 pe·
950 4468 1011 4508 mes
1032 4452 1197 4519 comedunt,
1222 4468 1309 4524 super
1328 4453 1409 4506 ulcus
1428 4452 1535 4507 lineum
1557 4470 1684 4523 psaranum
1700 4458 1797 4525 ponat,

63 4544 141 4599 stium
154 4545 266 4600 illarum
285 4546 392 4618 absque
407 4546 497 4602 dublo
515 4546 676 4601 cessabunt.
692 4545 765 4600 Etsi
780 4544 895 4617 quiade
949 4547 978 4595 et
1003 4540 1127 4612 desuper
1152 4541 1336 4611 smaragdum
1367 4546 1396 4594 et
1422 4557 1508 4612 saper
1531 4538 1602 4596 alios
1629 4542 1798 4613 panniculos

62 4632 158 4687 caduco
185 4633 286 4689 morbo
314 4634 451 4706 fatigatus
474 4634 559 4703 cadit,
583 4649 649 4689 cum
673 4634 714 4688 ita
735 4638 896 4704 prostratus
950 4628 1028 4697 liget,
1051 4628 1130 4683 velut
1153 4626 1201 4681 ille
1228 4628 1278 4699 qui
1301 4634 1445 4683 cocturam
1472 4632 1580 4699 operat,
1604 4634 1633 4683 et
1652 4629 1707 4683 hoc
1730 4645 1797 4700 pro-

60 4722 154 4792 jaoeal‚
172 4722 355 4792 smaragdum
376 4722 408 4777 in
427 4724 636 4795 osejnspoue,
659 4722 895 4794 etspIritusejus
950 4728 1049 4787 pterea
1079 4715 1174 4783 faciat,
1202 4723 1234 4771 ut
1256 4716 1333 4771 idem
1358 4716 1431 4787 lapis
1452 4716 1492 4771 ita
1517 4717 1679 4786 incalescat,
1705 4723 1734 4773 et
1757 4720 1797 4773 sic

63 4808 204 4875 reviviscil;
230 4815 258 4863 at
279 4818 431 4881 postquam
452 4811 501 4865 ille
520 4811 675 4867 sarrexerit
697 4816 727 4865 et
740 4816 894 4881 postquam
948 4822 1002 4877 per
1017 4805 1147 4859 tresdies
1160 4804 1254 4872 lacial,
1271 4812 1300 4859 et
1313 4820 1425 4859 verines
1441 4804 1608 4859 morientur.

63 4896 182 4951 eumdem
197 4897 324 4967 lapidem
338 4914 371 4952 ex
390 4914 440 4953 ore
460 4915 512 4953 suo
529 4899 686 4961 abstulerit,
705 4915 772 4953 eum
787 4904 894 4953 attente
1184 4893 1249 4949 Cae.
1265 4893 1302 4948 ll.
1319 4924 1353 4933 —
1371 4894 1409 4949 lla
1427 4894 1564 4949 taonem.

64 4984 167 5055 aspiciat
187 4990 215 5040 et
231 4985 307 5040 dicat
325 5002 367 5040 :a
390 4985 469 5042 Sicut
491 4988 609 5059 spIrilus
635 4987 749 5042 llomini
772 4987 894 5059 replevit
981 4982 1125 5038 iacinctus
1148 4982 1178 5037 iu
1193 4982 1287 5053 prima
1300 4982 1371 5037 hora
1390 4982 1446 5037 dlei
1464 4982 1499 5036 ab
1513 4982 1579 5053 igne
1603 4982 1705 5048 oritur,
1730 4999 1795 5038 cum

64 5075 151 5129 orbam
170 5078 322 5143 terrarum,
342 5076 383 5130 alc
404 5077 523 5130 domum
542 5077 671 5147 corporis
691 5076 893 5148 meisnagra-
947 5087 996 5125 aer
1020 5072 1104 5127 mites
1133 5071 1198 5125 illos
1220 5072 1328 5126 calores
1358 5071 1460 5140 hebet;
1488 5076 1517 5125 el
1539 5072 1605 5142 plus
1628 5086 1728 5126 aereus
1753 5077 1796 5127 est

64 5163 100 5219 tia
118 5164 219 5235 repleat
239 5178 277 5220 ne
298 5179 332 5219 ea
355 5180 486 5237 unquam
508 5164 617 5221 moseri
640 5166 750 5237 possit;
771 5186 786 5216 »
805 5172 835 5220 at
852 5165 893 5221 sia
947 5176 1036 5233 quarn
1056 5159 1174 5231 ignitus,
1196 5164 1226 5215 ct
1245 5160 1308 5215 ideo
1328 5160 1416 5215 eliam
1439 5174 1535 5214 aerem
1558 5160 1644 5215 sentit
1667 5165 1696 5216 ct
1718 5162 1794 5216 calo-

94 5305 253 5447 pgplgaffixiffa,
272 5310 398 5434 'iiiam
418 5377 491 5435 Plio.
512 5380 584 5436 illst.
598 5383 656 5435 aot.
680 5393 784 5445 xxxvii,
798 5381 824 5445 5,
845 5383 875 5433 at
892 5378 1017 5436 llarbod.
1032 5378 1134 5449 Lepid.
1149 5379 1209 5433 lat.
