3984 6034
150 190 202 244 trs
877 185 905 242 S.
927 183 1171 243 attestatius.
1848 186 1900 242 lii

187 319 242 377 Sed
256 324 293 374 et
305 318 347 374 illi
373 317 506 373 homines
529 318 580 391 qni
600 317 632 373 in
655 317 824 374 infidelitate
840 335 892 373 sna
905 319 997 373 Deum
1015 324 1039 376 Α
1054 317 1132 374 Unde
1161 319 1234 372 Deus
1258 318 1322 372 illos
1345 332 1478 373 coercens
1503 317 1627 389 adjuvat,
1651 324 1680 372 et
1701 318 1735 374 ad
1758 318 1833 374 viam
1856 337 1900 374 sa-

150 410 328 480 abjeeerunt,
352 407 496 479 sculptilia
520 406 575 462 sibi
598 407 734 462 facientes
757 407 788 461 in
809 407 914 479 quibus
935 407 997 463 dia·
1052 407 1119 461 lutis
1135 408 1213 462 ducit
1235 407 1480 478 quemadmodum
1509 409 1647 477 scriptum
1669 413 1713 462 est
1728 423 1735 462 τ
1751 406 1903 479 Ερυοετί·
1988 407 1989 434 ¹

149 498 233 553 bolus
261 497 408 567 ingressus
434 495 498 549 illos
523 495 623 563 illusit,
644 496 672 549 in
696 495 807 550 insania
831 494 999 567 hujusmodi
1051 495 1129 564 dom,
1144 500 1173 550 et
1186 511 1237 568 epo
1251 495 1341 551 meere
1355 495 1477 568 sacicm;
1492 494 1653 568 percutiam
1671 499 1699 550 el
1710 513 1762 568 epo
1779 498 1900 562 sonabo,

150 585 283 641 vanitatis
297 590 482 640 surrexerunt
495 591 648 656 postquam
664 601 754 655 genus
767 585 919 639 hominum
935 599 999 656 ρετ-
1052 588 1079 639 ef
1092 589 1200 640 nonest
1209 584 1260 657 qai
1273 585 1308 640 de
1318 601 1406 640 mortu
1415 583 1579 656 meopcesit
1592 601 1691 640 cratere
1703 587 1786 656 (Due.
1802 587 1901 648 xrxrrl.

151 673 264 730 transiit
287 673 393 745 quibus
413 673 503 728 Adam
525 678 555 727 et
574 673 630 728 Eva
658 673 790 728 dixerant
813 674 958 745 quomodo
982 692 995 723 a
1053 672 1134 738 Quod
1151 674 1276 729 dicitur:
1295 675 1351 745 Ego
1374 673 1424 746 qui
1444 689 1519 740 suin,
1543 689 1595 729 nec
1615 673 1729 729 initium
1746 689 1799 730 uec
1813 674 1902 729 finem

152 764 210 819 fleo
245 761 311 816 facti
343 768 438 816 essent
456 768 484 816 et
504 762 651 833 quomodo
675 763 711 817 de
733 762 865 833 paradiso
887 764 999 834 expulsi
1052 761 1171 828 habens,
1187 761 1344 832 flagitiosos
1357 761 1489 816 homines
1503 761 1533 816 in
1547 761 1656 817 actibus
1670 761 1728 818 suis
1750 761 1901 829 interimo;

150 849 282 905 fuissent.
298 849 375 915 Quos
396 850 446 906 alii
465 851 496 904 in
517 851 618 905 eadem
641 850 827 921 perversitate
847 851 1000 923 insequen-
1054 850 1104 922 qui
1122 866 1175 920 per
1197 851 1348 921 spurcitias
1370 849 1479 906 diaboli
1502 851 1532 906 in
1555 851 1633 906 vitiis
1660 856 1852 920 macerantur,
1873 854 1904 906 et

72 950 76 956 “
150 943 205 1005 tes,
226 944 386 994 creaturam
409 938 461 994 llei
495 939 587 1010 magis
613 955 700 1009 quam
720 940 817 1010 ipsum
839 946 997 994 creatorem
1053 939 1103 1010 qni
1129 938 1160 992 in
1191 940 1321 1010 partibas
1350 937 1472 994 infelicis
1496 939 1644 994 seminarii
1667 955 1719 1010 per
1744 939 1904 995 diabolicas

152 1043 235 1084 saum
252 1028 413 1094 coluerunt,
430 1034 459 1082 et
473 1043 507 1082 ea
529 1044 594 1100 quae
613 1044 672 1082 non
687 1027 787 1083 vivunt
805 1029 893 1084 vitam
917 1045 997 1084 snam
1053 1027 1203 1098 speluncas
1227 1026 1419 1098 decipiantur.
1441 1028 1463 1084 0
1487 1043 1574 1100 qnam
1599 1035 1714 1084 versuta
1728 1033 1772 1084 est
1785 1029 1904 1100 viperea

152 1115 303 1187 disponere
318 1121 500 1188 putaverunt.
519 1116 598 1172 Unde
617 1122 645 1171 ct
674 1117 694 1171 ii
709 1118 761 1189 qui
775 1118 870 1172 adbuc
892 1117 922 1173 in
936 1118 1000 1189 ipss
1054 1116 1901 1188 maxillaqueeositninflat,utmorsinipsossubintret;
1988 1149 1989 1182 ρ

151 1204 320 1260 infidelitate
344 1203 470 1270 sordent,
492 1203 645 1260 stultitiam
671 1221 753 1261 suam
772 1205 906 1262 deserant
920 1212 950 1262 et
964 1207 999 1263 ad
1054 1204 1129 1261 uude
1151 1204 1186 1260 nb
1206 1204 1248 1260 eis
1273 1205 1492 1277 prosperitatem
1522 1205 1609 1277 hujus
1626 1205 1723 1261 saeculi
1745 1206 1825 1272 tollo,
1851 1205 1905 1262 ubi
1988 1197 1989 1230 ³

152 1309 219 1349 eum
248 1294 298 1366 qui
323 1293 428 1349 diaboli
443 1293 560 1365 laqueos
586 1295 722 1350 contrivit
740 1295 863 1351 fideliter
880 1312 998 1352 conver·
1054 1293 1093 1348 ita
1117 1310 1169 1366 per
1191 1294 1330 1366 plurimas
1360 1310 1503 1349 aerumnas
1531 1294 1700 1350 occiduntur
1721 1310 1793 1367 quas
1820 1310 1906 1365 supe·

153 1389 250 1439 tantur
263 1389 446 1450 ,vetustatem
470 1383 641 1454 ignorantiae
660 1383 848 1456 deponentes,
868 1391 897 1438 et
918 1384 999 1439 noai—
1055 1399 1118 1438 rere
1133 1399 1192 1436 non
1215 1386 1347 1454 possunt,
1363 1382 1410 1437 sed
1426 1383 1547 1454 quassis
1564 1385 1642 1454 justo
1658 1383 1768 1455 judicio
1789 1398 1906 1454 semper

152 1477 240 1528 tatem
262 1473 325 1527 vitre
349 1473 563 1544 amplectentes,
589 1478 621 1527 ut
648 1489 747 1528 servus
767 1489 849 1528 mens
872 1473 999 1528 Ezechiel
1054 1471 1169 1524 adsunt.
1197 1471 1250 1526 Sed
1279 1487 1333 1542 ego
1366 1471 1415 1542 qni
1442 1471 1521 1526 nulla
1546 1473 1655 1526 malitia
1680 1472 1807 1543 dejicior,
1833 1473 1906 1526 istos

151 1559 294 1627 hortator,
318 1560 436 1616 dicens:
460 1560 595 1630 Projies'fe
614 1578 633 1616 υ
650 1560 729 1617 ochis
760 1576 861 1618 omnes
890 1578 999 1634 preco·
1055 1560 1141 1615 eliam
1156 1559 1187 1614 in
1202 1561 1259 1616 elie
1278 1566 1359 1632 parte
1380 1559 1475 1614 virere
1490 1560 1691 1615 miserabiliter
1710 1577 1785 1632 saepe
1807 1561 1903 1616 facio:
1988 1573 1989 1576 ’

78 1701 81 1705 ,
151 1648 306 1706 ricctioeee
319 1653 433 1705 oestrus
449 1648 597 1721 inquitas
624 1651 806 1722 prevaricati
828 1649 999 1716 estisetsu·
1020 1622 1104 1704 Bubi
1130 1648 1160 1702 in
1180 1648 1251 1720 ipsis
1281 1651 1380 1704 vivens
1403 1649 1578 1720 spiraculum
1601 1665 1702 1704 eorum
1729 1665 1842 1705 sursum
1868 1649 1905 1704 de

150 1736 207 1793 cite
229 1738 307 1794 mbr‘e
330 1755 380 1794 eor
405 1755 509 1794 eneam
534 1742 562 1794 et
592 1737 729 1811 spiritum
750 1755 854 1794 nouam
881 1739 999 1808 (Erech.
1055 1737 1176 1792 terrenis
1191 1737 1273 1792 traho
1298 1753 1334 1792 ue
1358 1737 1388 1792 in
1402 1737 1474 1809 ipsis
1489 1743 1596 1810 pereat,
1611 1739 1775 1795 illosetiam
1790 1754 1906 1811 percus-

152 1827 237 1898 xvur).
263 1826 343 1891 Quod
366 1828 488 1882 dicitnr:
512 1827 600 1883 Ovos
623 1827 674 1898 qui
696 1827 726 1882 in
741 1827 913 1883 rectitudine
935 1843 1001 1897 per·
1055 1825 1183 1881 sionibus
1206 1827 1402 1898 permultam
1426 1826 1623 1883 infirmitatem
1644 1829 1747 1883 laboris
1763 1829 1829 1884 vitre
1844 1843 1904 1882 suae
1988 1885 1989 1906 ρ

152 1931 283 1971 severare
303 1915 387 1971 vultis
414 1917 443 1970 in
467 1917 528 1971 sole
547 1916 667 1986 justitiae
692 1917 773 1986 cujus
788 1916 893 1970 itinera
910 1915 1001 1970 beate
1055 1914 1200 1969 interdum
1216 1914 1330 1986 alfli303
1349 1916 1400 1988 qui
1423 1931 1475 1986 per
1489 1916 1653 1988 superbiam
1672 1921 1797 1972 mentem
1821 1931 1905 1972 suam

153 2021 219 2059 oves
243 2009 372 2073 currunt,
397 2004 529 2076 projicite
557 2022 571 2059 e
595 2005 770 2060 conscientia
795 2004 888 2059 cordis
915 2005 1002 2059 vestri
1056 2004 1108 2058 sibi
1135 2003 1264 2058 nocivam
1282 2004 1462 2059 altitudinem
1492 2005 1783 2078 ascenderecupiunt,
1800 2011 1905 2078 putan-

153 2093 373 2149 sciseitetionem
404 2094 520 2148 illorum
555 2094 733 2148 occultorum
767 2107 831 2164 quae
853 2092 883 2146 iu
906 2107 1002 2146 neces·
1056 2094 1092 2148 do
1107 2092 1311 2164 quodanullc
1326 2093 1411 2164 dejici
1428 2094 1550 2161 valeant,
1563 2110 1613 2148 eos
1625 2094 1710 2148 etiarn
1729 2095 1780 2166 qui
1795 2095 1906 2166 ubique

153 2181 228 2236 saria
247 2186 277 2236 et
304 2179 421 2236 salutari
445 2179 574 2236 doctrina
610 2181 688 2236 vobis
723 2180 837 2235 inutilia
865 2184 941 2244 suut,
970 2179 1002 2234 in
1055 2197 1180 2255 praesens
1206 2197 1269 2236 scm
1293 2181 1333 2236 ite
1357 2182 1501 2237 interdum
1529 2197 1643 2236 sursum
1658 2182 1693 2237 ad
1713 2199 1809 2238 veram
1827 2184 1906 2237 saui-

154 2271 260 2342 quibus
280 2286 383 2325 vanam
412 2269 612 2325 celsitudinem
646 2271 741 2324 rotare
768 2269 910 2336 soluistis;
935 2283 1001 2322 cnm
1055 2275 1142 2325 tatem
1159 2270 1284 2341 erigens,
1303 2285 1338 2324 ne
1352 2270 1381 2324 in
1396 2269 1545 2326 fallacibus
1566 2271 1700 2343 periculis
1721 2287 1772 2344 per
1790 2272 1906 2327 fallaces

155 2359 184 2414 iu
207 2357 385 2430 precipitem
409 2359 502 2413 lacurn
534 2358 657 2414 demersi
680 2358 748 2412 estis
769 2358 798 2412 in
823 2374 881 2430 quo
904 2357 1002 2412 nullus
1055 2357 1195 2414 vanitates
1212 2364 1427 2414 consumantur.
1453 2359 1509 2415 Sed
1525 2359 1554 2414 in
1576 2359 1621 2415 bis
1636 2360 1842 2414 omnibnsnou
1859 2363 1908 2414 est

154 2447 225 2504 ordo
239 2447 360 2513 habitet,
375 2446 426 2502 sed
444 2447 495 2501 illa
515 2446 662 2510 horribilis
678 2442 807 2501 confusio
823 2461 889 2518 quse
912 2446 1002 2500 Deum
1056 2447 1142 2503 homo
1154 2462 1215 2502 nec
1237 2448 1294 2502 elie
1310 2454 1441 2502 creatura
1462 2464 1526 2521 qum
1553 2448 1716 2520 hujusmodi
1730 2465 1817 2520 opera
1838 2464 1906 2503 mee

155 2535 277 2608 ignorat,
293 2538 326 2592 Et
343 2553 408 2591 cnm
428 2536 481 2592 boo
495 2535 629 2597 feceritis,
645 2535 720 2590 viam
739 2535 866 2590 veritatis
891 2534 1003 2606 pergite
1056 2551 1108 2590 suo
1133 2540 1195 2590 astn
1220 2541 1270 2592 aut
1296 2542 1432 2608 proterve
1458 2541 1598 2608 potestate
1629 2537 1721 2608 possit
1758 2543 1905 2609 avertere;

154 2641 208 2698 pro
232 2627 324 2680 salute
346 2632 449 2692 restra,
475 2625 525 2679 obi
551 2625 696 2688 rutilantis
721 2624 785 2679 coeli
800 2623 955 2679 novitatem
972 2624 1002 2678 in
1058 2624 1238 2696 quianullus
1261 2623 1369 2697 estqui
1391 2626 1530 2682 voluntati
1550 2627 1709 2696 etjustitiee
1725 2626 1909 2682 meseraleat
1988 2663 1989 2684 l

154 2715 241 2771 corde
260 2720 355 2770 restro
378 2713 530 2769 invenietis
551 2717 581 2768 et
604 2718 636 2768 ut
652 2713 774 2768 vivifice
788 2712 952 2785 spirationis
971 2712 1002 2768 in
1057 2712 1199 2768 resistere.

154 2808 250 2859 vestre
267 2803 371 2875 spiritu
388 2801 576 2873 possidebitis.
1093 2800 1174 2872 Saepe
1189 2816 1304 2873 quoque
1319 2805 1352 2857 ut
1366 2801 1444 2858 vidos
1458 2802 1487 2857 iu
1501 2802 1645 2858 oblivione
1662 2819 1723 2858 mea
1739 2808 1768 2859 et
1790 2803 1820 2860 in
1836 2804 1905 2859 irri-

192 2893 274 2948 Vides
295 2894 382 2948 etiam
399 2893 519 2947 interra
537 2890 670 2947 homiues
684 2891 714 2946 in
730 2890 865 2946 fictilibus
880 2892 922 2946 lac
936 2905 1002 2962 por·
1022 2890 1136 2975 celone
1155 2889 1262 2945 diaboli
1276 2890 1439 2946 commistio
1455 2891 1540 2944 maris
1556 2895 1586 2946 et
1598 2891 1712 2947 femine
1723 2897 1908 2965 perpetretur

154 2986 249 3037 tantas
261 2987 291 3036 et
303 2982 370 3036 inde
385 2996 482 3035 caseos
498 2980 703 3034 conficientes:
719 2978 750 3033 hi
768 2979 878 3033 suntin
894 2980 1002 3033 mundo
1058 2978 1098 3034 ibi
1113 2989 1142 3033 et
1153 2979 1308 3034 contractio
1330 2979 1506 3034 nascentium
1527 2979 1678 3036 hominum
1694 2981 1856 3037 insanitur:
1872 2985 1909 3037 ut
1988 3009 1989 3012 ¹

155 3072 296 3139 homiues,
312 3075 371 3125 tem
385 3070 440 3124 riri
455 3085 541 3142 qoem
557 3068 701 3136 mulieres,
718 3068 748 3123 in
763 3069 931 3139 corporibus
944 3068 1003 3124 suis
1058 3067 1195 3139 quoniam
1209 3072 1343 3137 parentes
1367 3066 1481 3122 illorum
1496 3075 1639 3141 praecepta
1654 3085 1717 3125 mea
1735 3069 1909 3143 transgressi

155 3161 314 3216 hamanum
337 3174 435 3213 seman
461 3158 609 3224 babentes,
634 3158 670 3213 da
694 3173 752 3230 quo
767 3173 859 3230 genus
880 3157 1004 3213 direrso-
1058 3158 1135 3222 sunt,
1150 3155 1180 3208 iu
1196 3153 1264 3226 ipsis
1288 3153 1355 3208 filiis
1377 3153 1436 3208 sois
1448 3155 1566 3210 cruciati
1583 3155 1618 3211 ed
1632 3173 1677 3212 me
1691 3157 1721 3210 iu
1738 3158 1909 3230 paenitemia

157 3265 221 3304 rum
258 3248 433 3320 populorum
462 3252 639 3317 procreatur,
671 3248 753 3317 cajus
783 3246 914 3319 quiedam
937 3263 1003 3318 pers
1058 3247 1247 3307 revertantur,
1281 3258 1355 3314 saepe
1384 3242 1470 3298 etiam
1492 3244 1567 3299 benc
1602 3245 1764 3302 mirabilem
1784 3246 1907 3302 creatio-

156 3337 247 3408 spissa
269 3341 312 3390 est
333 3335 410 3390 rrnde
432 3335 591 3390 formantes
611 3335 686 3389 casei
705 3334 798 3402 fiunt3
815 3333 883 3406 quia
905 3349 1004 3390 seman
1059 3348 1125 3388 nem
1146 3347 1199 3404 pro
1216 3332 1309 3404 gloria
1331 3347 1395 3388 mes
1417 3338 1445 3386 et
1468 3337 1631 3389 sanctorum
1656 3350 1787 3391 meorum
1803 3336 1831 3390 in
1857 3336 1910 3390 bo·

157 3425 227 3480 illud
253 3423 281 3479 iu
301 3422 468 3478 fortitudine
487 3437 539 3478 sna
566 3421 674 3477 utiliter
693 3428 721 3477 et
744 3421 819 3476 bene
843 3426 954 3477 coctum
976 3427 1006 3478 et
1060 3421 1185 3476 minibus
1209 3421 1272 3476 fieri
1296 3422 1441 3493 permitto,
1464 3427 1503 3486 ut,
1522 3421 1592 3476 dum
1616 3422 1659 3478 illi
1683 3424 1732 3495 qui
1749 3425 1803 3479 hoc
1819 3425 1906 3482 modo

156 3517 348 3584 temperatum
362 3516 495 3566 strenuos
504 3510 638 3565 homines
646 3510 788 3581 producit,
798 3509 903 3582 quibus
918 3511 1004 3566 etiam
1058 3508 1168 3564 distorti
1183 3514 1252 3564 sunt
1272 3522 1323 3579 per
1348 3507 1566 3564 subventionem
1592 3511 1749 3567 electorum
1773 3528 1908 3569 meorum

157 3616 262 3673 magna
288 3600 403 3655 claritas
430 3605 489 3654 tam
517 3597 713 3670 spiritualium
737 3614 825 3670 quam
844 3601 1005 3654 carnalium
1060 3597 1176 3653 sanitati
1199 3597 1401 3666 restituuntur,
1433 3613 1541 3654 nemen
1564 3615 1662 3655 meum
1697 3616 1730 3656 ex
1753 3601 1806 3656 hoc
1826 3605 1908 3658 tanto

156 3692 298 3747 donorum
312 3691 341 3744 in
357 3691 470 3759 magnis
485 3689 614 3760 patribus
629 3695 658 3742 et
669 3688 699 3742 in
716 3687 780 3744 altis
801 3689 931 3758 personis
954 3689 1004 3742 tri·
1060 3685 1206 3741 ardentius
1233 3685 1268 3740 ab
1291 3685 1457 3741 bominibus
1470 3687 1656 3758 glorificetur.
1673 3688 1726 3754 Oui
1740 3693 1838 3744 eutem
1855 3691 1909 3744 hac

156 3780 278 3837 buitur:
305 3779 345 3833 ita
362 3780 440 3849 qaod
461 3778 489 3832 in
510 3776 689 3832 assecutione
709 3776 881 3847 prudentie,
901 3776 1006 3832 discre-
1060 3774 1123 3847 lage
1151 3774 1403 3846 secoustringunt,
1420 3775 1459 3830 ila
1474 3776 1550 3847 quod
1566 3775 1738 3848 virginitatis
1759 3777 1845 3833 decus
1858 3791 1909 3848 ep-

155 3870 243 3926 tionis
261 3873 290 3923 et
312 3867 445 3922 utilitatis
475 3865 591 3921 vitreio
623 3864 759 3936 operibus
777 3866 837 3920 suis
860 3870 889 3921 et
909 3881 1005 3920 coram
1061 3869 1178 3935 petunl;
1195 3867 1390 3918 velutnurora
1410 3865 1443 3918 ad
1461 3865 1584 3920 coelestia
1607 3871 1716 3920 secreta
1738 3866 1907 3932 ascendunt,

159 3961 217 4014 lleo
230 3963 260 4013 ct
273 3971 371 4012 coram
385 3954 550 4010 hominibus
564 3954 716 4026 perspicue
735 3953 850 4022 florent,
869 3954 1005 4026 qnoniam
1061 3954 1129 4024 quia
1151 3958 1270 4024 propter
1289 3967 1416 4008 emerem
1437 3952 1501 4008 filii
1517 3954 1574 4010 mei
1589 3953 1791 4010 delectationes
1810 3970 1910 4027 corpo-

158 4045 289 4101 diabolus
309 4045 341 4099 in
374 4044 415 4097 eis
441 4047 534 4098 locum
552 4059 638 4098 suom
658 4059 717 4097 non
739 4041 859 4109 invenit,
885 4048 915 4097 et
938 4059 1006 4114 pars
1061 4041 1100 4096 ris
1114 4041 1236 4097 suiase
1260 4041 1440 4096 abscindunt.
1464 4041 1518 4098 Sed
1544 4043 1623 4116 quod
1649 4043 1728 4099 vides
1743 4044 1826 4116 quasi
1841 4061 1906 4100 mu·

158 4134 289 4207 quedam
311 4130 406 4187 tenuis
429 4132 465 4186 de
490 4147 548 4204 qua
572 4131 680 4187 debiles
706 4130 780 4185 cessi
799 4131 1003 4202 coagulantur:
1061 4129 1162 4186 fierem
1172 4131 1250 4185 telut
1261 4130 1404 4202 integram
1423 4130 1546 4187 formam
1562 4132 1688 4188 hominis
1703 4132 1733 4187 iu
1749 4138 1830 4188 utero
1855 4149 1908 4188 soo

158 4222 295 4295 quoniam
322 4220 376 4274 boc
390 4235 489 4274 τευτευ
503 4219 534 4273 in
554 4218 750 4274 teneritudine
766 4234 818 4273 sua
838 4219 1004 4290 imperfecte
1023 4219 1235 4279 Dhebentcm:
1258 4217 1314 4274 hoc
1339 4225 1381 4274 est
1412 4220 1481 4292 quia
1503 4226 1656 4293 postquem
1678 4222 1787 4277 femina
1809 4223 1911 4277 hama-

158 4316 269 4367 coctum
289 4314 317 4364 et
342 4313 545 4381 temperatam,
571 4312 684 4363 teneros
696 4307 830 4362 homines
845 4306 940 4362 educit
954 4306 1005 4379 qni
1059 4325 1129 4364 num
1145 4323 1242 4363 semea
1270 4308 1411 4380 concepit,
1427 4308 1566 4364 infensio
1588 4310 1753 4381 integritate
1769 4312 1910 4368 membro·

158 4404 191 4455 ut
202 4398 361 4471 plurimum
376 4398 454 4452 stulti
468 4397 558 4467 tepidi
572 4403 601 4452 et
609 4396 735 4463 inutiles,
752 4402 810 4450 tarn
825 4395 904 4467 apud
914 4396 1005 4451 heom
1060 4411 1124 4451 rum
1139 4411 1257 4451 suorum
1277 4395 1307 4450 in
1330 4395 1425 4452 abdito
1446 4397 1578 4453 cubiculo
1601 4399 1709 4454 ventris
1735 4400 1824 4472 ipsios
1848 4401 1910 4455 for·

158 4503 246 4561 quern
261 4489 337 4560 apud
348 4484 748 4557 seculum,iuoperibussais
765 4484 962 4550 inveniantur,
977 4488 1007 4539 et
1059 4490 1165 4540 matur.
1189 4484 1223 4539 lit
1244 4500 1309 4540 ecce
1332 4501 1385 4557 per
1408 4493 1547 4542 secretam
1560 4486 1777 4558 dispositionem
1793 4489 1910 4562 superni

159 4577 209 4651 qui
227 4579 318 4632 [teum
342 4581 457 4631 strenue
478 4589 536 4630 non
555 4580 699 4646 quaerunt.
721 4573 775 4629 Sed
800 4579 908 4645 etpers
922 4588 1006 4645 quse-
1060 4573 1231 4638 conditoris,
1258 4573 1358 4629 eadem
1391 4574 1484 4630 forme
1511 4580 1621 4631 motum
1647 4577 1749 4634 vividae
1773 4579 1910 4633 motionis

159 4665 226 4722 darn
245 4666 312 4721 taba
347 4664 486 4736 permiste
511 4668 564 4731 est,
584 4663 621 4718 de
639 4679 698 4734 qua
724 4660 813 4716 amari
840 4661 914 4717 casei
940 4662 1005 4717 effi·
1061 4663 1126 4730 dst;
1147 4662 1284 4734 quoniam
1309 4666 1340 4718 tu
1361 4662 1393 4718 in
1415 4669 1523 4719 secreta
1551 4670 1581 4720 et
1601 4667 1712 4722 occulta
1731 4667 1859 4738 jussione
1882 4672 1911 4721 et

159 4755 293 4821 ciuntur3
309 4755 489 4825 qniascmen
510 4752 581 4807 illud
602 4751 632 4806 in
647 4750 794 4806 debilitate
810 4750 1007 4822 permistionis
1060 4751 1205 4807 voluntate
1230 4752 1280 4806 Dei
1306 4751 1402 4807 iulans
1426 4754 1457 4808 in
1479 4758 1610 4810 materno
1631 4761 1712 4811 utero
1734 4771 1860 4826 congruo
1882 4762 1910 4812 et

159 4844 294 4915 nequiter
306 4844 440 4898 eductam
455 4847 485 4897 et
504 4841 648 4896 inutiliter
661 4839 843 4895 commistam
868 4839 1007 4896 informes
1062 4846 1137 4897 recte
1148 4839 1286 4895 divinitus
1296 4841 1436 4912 disposito
1460 4847 1588 4916 tempore
1612 4845 1745 4916 spiritum
1760 4846 1908 4917 acceperit,

160 4934 293 4990 homiues
308 4930 454 5002 efficitqni
469 4945 546 5000 sepe
560 4928 795 4994 amaritudinem,
808 4926 1007 4984 difficultatem
1062 4935 1145 4986 motu
1174 4929 1302 5001 corporis
1336 4930 1380 4984 sni
1404 4947 1435 4985 se
1458 4931 1553 4987 rivere
1575 4933 1709 5000 ostendit,
1733 4935 1810 4990 velut
1833 4940 1911 4991 terra

161 5027 190 5081 et
204 5020 421 5094 oppressionem
435 5017 529 5074 cordis
543 5015 661 5082 hahent,
677 5014 755 5070 ande
776 5022 903 5070 mentem
925 5030 1008 5069 suam
1063 5035 1092 5074 se
1116 5019 1259 5090 aperitet
1286 5018 1371 5075 flores
1394 5018 1505 5075 fructus
1518 5021 1563 5076 sui
1573 5021 1692 5094 profert,
1716 5039 1782 5078 cuna
1803 5039 1850 5079 ros
1865 5041 1912 5078 su·

161 5113 197 5169 ad
211 5110 363 5183 superiora
382 5109 476 5163 ferere
496 5121 555 5160 non
580 5105 684 5160 valent.
705 5103 785 5159 flulti
803 5107 901 5158 tamen
914 5118 949 5158 ex
963 5102 1009 5158 his
1062 5123 1115 5180 per
1129 5123 1192 5163 eam
1207 5106 1351 5164 ceciderit.
1369 5109 1411 5165 lta
1425 5110 1502 5182 qood
1516 5111 1596 5167 refut
1611 5112 1696 5183 ignea
1709 5113 1820 5184 sphera
1832 5114 1912 5170 nulls

162 5203 248 5257 utiles
261 5199 352 5265 iinnt3
367 5202 495 5252 attamen
514 5193 630 5260 multas,
653 5196 838 5264 tempestates
859 5191 1010 5264 elinquie·
1062 5196 1238 5252 lineamenta
1270 5197 1390 5253 hnmani
1418 5202 1548 5271 corporis
1579 5201 1697 5270 habens,
1733 5217 1784 5257 cor
1808 5202 1911 5260 formae

162 5289 287 5354 tndines,
303 5292 332 5342 et
344 5286 376 5340 iu
391 5284 537 5352 cordibus,
553 5289 582 5339 et
594 5281 762 5338 iunioribus
775 5281 835 5336 suis
849 5280 1008 5352 patiuntur,
1064 5284 1140 5341 illius
1159 5285 1294 5357 possidet,
1318 5287 1388 5359 quie
1412 5289 1509 5344 anima
1523 5289 1552 5345 in
1567 5290 1635 5362 igne
1650 5291 1803 5362 profunde
1822 5292 1912 5346 scien-

163 5377 213 5434 sed
227 5376 347 5432 victores
367 5375 507 5442 evadant3
528 5373 677 5446 qnoniam,
701 5371 726 5426 si
741 5369 933 5443 inquietudini
951 5387 1010 5426 sum
1063 5373 1111 5430 tie
1134 5374 1247 5442 ardens,
1272 5375 1397 5432 diversas
1423 5393 1468 5432 res
1497 5379 1527 5434 in
1552 5378 1673 5448 circuitu
1691 5395 1750 5436 sue
1777 5396 1911 5453 compre·

164 5465 388 5541 acquiescerent,
418 5462 531 5536 tepidos
558 5466 588 5517 et
632 5459 752 5516 inutiles
787 5475 818 5516 ss
846 5458 1008 5516 redderent.
1064 5462 1211 5519 hensionis
1225 5463 1376 5536 discernit;
1390 5481 1443 5524 nec
1456 5466 1579 5525 formem
1602 5469 1799 5527 bumanorum
1818 5485 1912 5526 mem-

1764 5718 1780 5763 Ι
