3984 6034
160 168 228 221 uia
883 161 910 216 s.
932 160 1168 216 artonnannis
1862 161 1930 213 isa
1973 124 1975 163 ³

157 300 272 349 mantar
285 294 369 348 flores
391 294 514 363 Prymen
525 290 585 361 (sie)
604 296 663 344 tam
683 289 733 345 din
750 289 998 361 inopinatusque
1017 290 1040 343 d
1056 293 1085 344 et
1112 289 1167 344 hac
1188 305 1264 361 saepe
1281 288 1374 357 faeiat,
1390 292 1420 344 et
1433 290 1508 357 piati
1522 288 1557 344 ab
1574 306 1608 345 eo
1623 290 1762 354 cessabit,
1782 288 1832 343 ita
1848 290 1929 360 quod
1973 319 1974 341 ι

156 384 224 436 dum
240 383 310 453 ipsis
325 380 402 435 oculi
417 380 461 434 sui
476 379 584 434 madidi
604 380 686 445 liant,
701 378 810 433 scilicet
828 394 955 445 weszern,
974 384 1003 433 et
1057 394 1157 432 sensus
1171 370 1237 433 s'iros
1252 377 1339 433 eliam
1354 376 1483 448 recipiet,
1499 378 1694 435 eternitatem
1709 378 1927 433 membroru-

155 469 411 540 tuucetiamipsos
434 469 520 525 flores
546 484 633 540 super
652 468 749 522 oculos
769 484 837 523 snos
858 473 957 539 ponat.
974 472 1003 522 et
1058 466 1247 537 recuperabit,
1273 467 1342 537 qnia
1356 470 1441 537 potus
1461 466 1514 520 istc
1533 466 1636 521 melior
1662 482 1736 521 euro
1751 471 1807 521 est
1825 466 1879 535 (d).
1900 467 1927 518 [l

155 558 380 626 itaobdormiat,
409 559 509 613 ethoc
531 574 606 628 sepe
623 557 717 625 iaciat,
742 556 1002 612 etocolasclarill·
1056 554 1179 608 fructum
1216 554 1288 625 ejus,
1326 554 1434 610 scilicet
1470 555 1571 619 elehem
1599 570 1665 609 cum
1703 554 1802 609 melle
1835 555 1928 608 Μαι

155 652 210 715 cat,
239 646 384 700 etsisani
404 644 834 713 sunt,bonumctsannniest,
858 643 1002 698 relinllr-
1057 647 1208 713 [temperat
1237 641 1290 715 cdl
1310 648 1338 697 et
1359 642 1397 698 ito
1427 659 1503 714 saepe
1525 643 1655 709 comede,
1677 644 1807 713 etpiabt
1836 642 1870 695 in
1902 646 1927 695 te
1973 676 1975 685 x

158 733 197 788 mi
212 740 289 802 sunl,
305 734 416 789 bonum
428 739 455 788 et
468 733 539 788 utile
554 739 607 802 est,
619 733 719 788 ctsani
730 739 816 788 erunt
826 735 876 805 (l).
1056 730 1185 786 cessabit.
1207 730 1260 786 Sed
1286 735 1315 785 et
1338 730 1389 803 qni
1403 731 1434 785 in
1448 731 1597 785 stomacho
1616 730 1803 795 infirmatur,
1829 728 1925 783 alaim
1975 714 1976 761 l

350 822 414 878 Cae.
433 821 477 877 tl.
491 852 526 862 -
541 823 584 877 lle
600 826 751 878 tarnenna
769 822 807 893 (i)
1056 820 1086 874 in
1102 819 1217 874 llamma
1230 819 1304 891 ignis
1320 826 1404 888 asset,
1424 818 1452 873 id
1468 825 1511 874 est
1524 818 1635 883 brulwe,
1651 824 1700 872 ant
1714 816 1747 872 in
1766 834 1859 889 aqna
1876 834 1925 871 eas

190 911 420 979 Apcnbaamnec
445 915 553 964 rectum
572 909 697 964 calorem
712 926 764 964 nec
787 907 1003 980 rectumfrigus
1056 912 1215 980 coquebat
1239 923 1314 977 saepe
1339 907 1480 973 comedat,
1496 912 1525 961 et
1552 907 1651 961 sordes
1679 912 1707 961 et
1725 908 1798 962 slim
1816 923 1838 959 a
1866 912 1923 958 sta-
1975 942 1976 945 η

155 1000 252 1066 habet,
275 1006 308 1054 nt
329 1000 441 1066 unhul,
467 998 599 1071 itaqood
625 1013 789 1053 necsuccns
817 1015 869 1053 nec
892 998 1003 1053 fruetus
1057 996 1157 1051 macho
1182 998 1244 1067 ejus
1269 995 1372 1063 aufert,
1397 996 1464 1050 etsi
1487 996 1603 1049 nucleos
1630 1011 1732 1050 eorum
1765 994 1920 1053 comedit.

155 1090 218 1159 ejus
245 1090 280 1143 ad
310 1087 518 1143 medicamenta
541 1103 593 1141 nec
615 1086 751 1141 adaliam
774 1086 927 1141 utilitatem
948 1085 1001 1139 ho·
1056 1084 1242 1139 nonnoccbit
1264 1084 1290 1139 ei
1312 1084 1361 1157 (7).
1394 1084 1464 1139 Etsi
1479 1085 1583 1150 cancri,
1602 1088 1702 1139 alnou
1717 1083 1768 1136 alii
1783 1098 1920 1143 vermes,

156 1175 243 1229 minis
259 1176 344 1230 ualet.
647 1202 652 1209 ·
1057 1172 1204 1227 hominem
1221 1173 1251 1227 in
1277 1188 1396 1245 corpore
1420 1188 1472 1227 sua
1497 1172 1663 1239 comedunt,
1679 1171 1849 1225 interiores
1865 1187 1918 1223 nu-

373 1261 543 1318 Cae.l,ll.-·
580 1259 788 1331 Dsllrsrald).
1056 1262 1132 1315 cleos
1148 1260 1302 1332 Spinarum
1328 1260 1459 1332 accipiat,
1485 1269 1514 1315 et
1541 1261 1573 1315 in
1598 1264 1671 1315 testa
1686 1258 1722 1315 ad
1736 1258 1851 1330 ignem
1869 1276 1918 1313 ca·
1975 1267 1976 1359 p

192 1351 282 1421 Hyssa
303 1351 386 1406 valde
405 1350 610 1417 calidaesl,et
632 1350 811 1403 allectionem
836 1348 942 1418 signat.
970 1348 1004 1400 tt
1055 1350 1151 1413 siccet,
1167 1355 1192 1403 et
1207 1348 1310 1404 deiude
1328 1350 1359 1403 in
1378 1349 1524 1420 pulverem
1549 1348 1671 1420 redigat,
1697 1352 1727 1401 et
1751 1348 1914 1417 pulverera
1975 1360 1976 1384 ¹

156 1440 249 1512 quiin
276 1440 414 1511 pulmone
436 1439 522 1505 dolet,
548 1438 721 1507 bpffencum
739 1437 815 1491 loliis
833 1433 1002 1500 contundat,
1057 1439 1138 1493 illurn
1154 1438 1247 1493 mittat
1270 1438 1319 1493 ubi
1347 1438 1443 1492 cancri
1470 1454 1539 1492 eum
1567 1437 1721 1491 comedunt
1734 1436 1788 1505 (8),
1804 1442 1842 1489 ct
1858 1452 1916 1490 noa

156 1532 335 1583 ettnncnen
351 1532 462 1582 coctum
478 1526 596 1580 meleis
619 1525 715 1594 addat,
742 1529 770 1579 et
792 1524 877 1578 simul
896 1527 1002 1594 coquat
1056 1524 1105 1580 elii
1125 1540 1245 1587 vermes,
1261 1530 1402 1595 etpostea
1429 1522 1517 1577 etiam
1532 1539 1637 1593 paucas
1665 1520 1849 1592 guttasvini
1866 1522 1915 1576 de-

155 1622 183 1672 et
198 1632 297 1672 suniae
311 1630 388 1687 sape
402 1615 525 1679 auferat,
540 1614 570 1669 id
585 1618 628 1668 est
643 1628 740 1682 seyme,
763 1612 845 1667 etsie
859 1627 911 1682 per
926 1627 999 1683 pan·
1021 1582 1041 1637 B
1056 1628 1142 1685 snper
1153 1613 1264 1679 tundat,
1281 1616 1309 1667 et
1324 1612 1363 1666 sic
1373 1610 1467 1666 cancri
1478 1610 1648 1665 morientur.
1975 1605 1976 1696 l

156 1721 226 1761 num
239 1704 315 1759 colet
328 1708 358 1758 et
382 1702 542 1771 luterdranp
571 1702 637 1757 inde
652 1702 748 1767 faciat,
775 1707 805 1756 et
819 1716 895 1771 saepe
911 1700 1001 1766 hibat,
1216 1704 1278 1757 Gar.
1296 1700 1359 1756 htv.
1376 1730 1411 1742 --
1426 1701 1466 1755 lla
1481 1702 1545 1755 Vtra
1559 1700 1599 1771 (9)
1610 1699 1669 1771 [lll,
1685 1696 1742 1771 55).

49 1792 53 1803 ’
155 1798 186 1847 et
200 1792 382 1863 putredinem
407 1791 579 1862 apulmone
601 1790 663 1861 ejus
680 1790 783 1856 aufert,
798 1794 907 1843 etcum
931 1803 1002 1859 pur·
1091 1789 1161 1845 Vitis
1176 1790 1295 1861 igneam
1309 1789 1435 1845 calorem
1462 1788 1597 1845 habetet
1622 1786 1845 1850 humiditatem,
1865 1786 1915 1841 sed

155 1883 350 1952 gatetsanat.
374 1879 431 1935 Sed
451 1884 481 1933 et
508 1877 607 1951 quide
622 1877 682 1932 solo
708 1877 790 1949 ligno
819 1877 882 1948 ejus
904 1875 1002 1946 ignem
1056 1878 1132 1951 ignis
1158 1879 1276 1933 illatam
1291 1879 1371 1934 tortis
1392 1878 1665 1949 est,quodsuccum
1681 1876 1791 1947 ejusin
1815 1876 1916 1929 alium
1975 1864 1976 1944 )

156 1965 286 2021 accendit
312 1968 340 2018 et
362 1963 429 2017 inde
448 1963 559 2018 cineres
583 1962 660 2029 lacit,
676 1968 705 2018 et
725 1968 793 2016 tnnc
807 1963 843 2016 de
859 1961 1003 2015 cineribus
1056 1966 1173 2021 modum
1191 1967 1300 2037 saporis
1315 1966 1407 2027 vertit.
1426 1981 1512 2036 qiiam
1526 1965 1589 2019 alia
1605 1964 1721 2019 arbores
1746 1969 1798 2016 ant
1817 1978 1913 2033 qnam
1975 1949 1976 1994 l

155 2055 213 2108 illis
241 2052 368 2107 lixiviam
388 2058 481 2122 parat,
510 2055 539 2104 et
564 2066 630 2105 curn
658 2067 692 2104 ea
714 2055 899 2121 capritanum
925 2064 1002 2119 saepe
1055 2054 1119 2109 aliae
1134 2054 1230 2109 herbae
1247 2050 1914 2123 habeant.Undaetiamillemagnosignisli-
1975 2108 1976 2125 ,

157 2142 241 2208 lavet,
256 2145 366 2194 ettuuc
389 2154 491 2192 saarim
514 2144 543 2193 et
570 2138 687 2193 firmum
714 2138 770 2192 crit
797 2137 831 2191 da
854 2138 930 2192 bono
954 2151 1000 2191 co·
1055 2158 1145 2214 gnum
1161 2144 1221 2213 ejus
1230 2143 1269 2197 ita
1285 2142 1398 2198 aridum
1407 2142 1485 2211 lacit,
1497 2141 1574 2216 quod
1583 2140 1740 2212 aliialignis
1756 2140 1914 2193 recedissi-

158 2226 424 2299 loreipsiussncei.
445 2226 498 2282 Sed
521 2232 551 2281 et
573 2226 596 2280 si
621 2228 685 2298 quis
708 2228 738 2281 in
767 2241 887 2297 corpore
916 2241 1002 2280 sanus
1056 2230 1132 2285 milis
1146 2236 1198 2286 est.
1215 2231 1249 2285 Et
1263 2230 1327 2285 vilis
1342 2236 1385 2285 est
1400 2230 1514 2301 lignum
1540 2230 1576 2285 da
1598 2233 1676 2283 terra
1698 2232 1914 2287 extorsum.et

158 2322 210 2383 est,
239 2324 267 2373 el
288 2322 402 2372 tantum
427 2316 458 2369 in
481 2316 628 2370 stomacho
648 2316 825 2381 infirmatur,
848 2315 883 2370 de
906 2314 1000 2370 fructu
1056 2320 1148 2390 magis
1157 2320 1190 2373 ad
1202 2318 1423 2374 similitudinem
1435 2317 1582 2373 arborum.
1609 2318 1640 2372 Et
1659 2315 1729 2388 quia
1743 2322 1824 2371 terra
1839 2320 1912 2369 ante

157 2406 342 2472 tribulorum,
371 2404 479 2459 scilicet
514 2403 675 2475 hanelpeffe,
711 2412 826 2475 coquat,
861 2409 889 2457 et
926 2418 1001 2473 saepc
1056 2409 1194 2462 dilnvium
1222 2408 1331 2479 fragilis
1365 2412 1416 2462 aut
1448 2406 1599 2461 melmechte
1623 2405 1686 2471 luit,
1716 2403 1818 2459 vinum
1849 2420 1911 2457 non

155 2493 297 2561 comedat,
322 2497 351 2547 et
383 2493 563 2547 stomachum
577 2498 693 2564 purgat,
716 2497 746 2547 et
758 2492 821 2547 stim
840 2492 877 2545 ab
897 2508 931 2545 ec
949 2507 1000 2545 ett-
1055 2496 1192 2568 protulit;
1218 2513 1283 2551 cunr
1313 2494 1532 2549 aritemdiluvlo
1556 2494 1672 2565 perlusa
1692 2498 1722 2547 et
1741 2493 1911 2547 confortata

155 2584 221 2638 fert.
247 2582 301 2647 Qui
315 2584 412 2635 antem
427 2586 486 2657 loto
501 2597 621 2651 corpore
637 2580 811 2646 infirmatur,
826 2580 868 2634 illi
888 2584 1001 2634 coctum
1056 2592 1110 2652 est,
1126 2585 1226 2639 uinum
1250 2584 1395 2655 produxit.
1421 2584 1488 2655 qnia
1499 2589 1575 2637 terra
1589 2599 1666 2637 nnnc
1680 2585 1723 2635 cst
1738 2580 1774 2635 ad
1797 2587 1911 2635 terram
1975 2580 1976 2599 ¹

155 2688 216 2727 nan
230 2670 353 2725 related
380 2669 602 2740 comedendum,
626 2670 695 2740 quia
718 2685 784 2723 eum
799 2668 830 2723 iu
855 2669 1000 2723 stomacho
1054 2690 1119 2745 qna
1135 2679 1199 2727 ante
1217 2672 1358 2727 dilnvium
1373 2678 1443 2739 erat,
1457 2677 1489 2725 nt
1500 2674 1658 2739 prtesssteia
1673 2669 1708 2724 ad
1722 2674 1909 2740 terramque
1975 2710 1976 2713 ,

156 2758 282 2818 laederet.
300 2757 368 2828 quia
381 2758 545 2812 stomachus
560 2759 622 2830 ejus
645 2758 675 2812 in
702 2774 736 2811 eo
758 2756 840 2829 quasi
859 2757 928 2811 wells
942 2762 998 2822 est;
1054 2777 1131 2816 nirnc
1144 2767 1195 2815 est.
1217 2791 1250 2801 -
1265 2760 1320 2815 Sed
1340 2766 1368 2813 et
1384 2760 1429 2815 cui
1455 2776 1520 2813 caro
1542 2759 1615 2814 circa
1636 2758 1738 2812 dentes
1761 2756 1908 2828 putrescit
1975 2790 1976 2803 2

155 2845 206 2901 sed
220 2845 245 2901 si
260 2862 334 2918 saepe
348 2846 499 2901 comedere
518 2846 641 2901 voluerit
652 2845 774 2921 crudum
790 2851 820 2899 et
835 2844 919 2914 maele
934 2861 999 2899 nro·
1019 2850 1140 2927 cettei
1154 2850 1254 2904 dentes
1275 2848 1384 2903 infirmi
1410 2854 1487 2917 sunt,
1503 2847 1608 2903 calidas
1635 2846 1747 2901 cineres
1777 2845 1845 2899 vilis
1875 2846 1906 2899 iu

157 2934 220 2989 dice
235 2934 375 3001 comedat,
387 2935 480 2989 elhoc
499 2934 525 2989 ei
540 2935 642 2989 melius
656 2943 699 2989 est
714 2949 802 3005 quam
818 2936 931 2987 coctum
950 2937 1001 2987 aut
1055 2937 1150 2992 riuum
1177 2941 1276 3009 ponat,
1300 2938 1378 2992 velut
1405 2934 1535 2991 lixivium
1563 2934 1657 2990 lacere
1685 2934 1762 3001 velit,
1789 2937 1819 2988 et
1838 2937 1907 2987 tunc

155 3038 242 3093 quam
257 3024 362 3079 durum
385 3028 415 3079 et
435 3023 555 3078 aarum
580 3022 741 3077 manducet
772 3021 827 3087 Qui
844 3037 913 3075 vero
940 3025 1001 3076 toto
1055 3043 1120 3083 eum
1137 3026 1202 3080 vino
1236 3026 1285 3080 ino
1309 3026 1408 3080 aenas
1435 3029 1603 3091 sicariam,
1626 3038 1692 3094 qua
1709 3022 1907 3077 circueuntes

155 3126 273 3182 ⁰⁰fll⁰¹¹0
296 3127 382 3165 ⁸⁰¹1¹¹³
407 3115 459 3176 0³1·
481 3110 563 3165 illum
593 3126 645 3164 nec
668 3111 789 3165 crudum
812 3124 865 3163 ¹100
888 3115 1001 3164 coelum
1054 3132 1120 3171 suos
1136 3119 1211 3183 sunt,
1227 3114 1353 3180 lovetot
1371 3112 1425 3167 hoc
1448 3128 1523 3183 sape
1546 3110 1641 3176 faciat,
1658 3117 1688 3165 et
1704 3127 1769 3165 caro
1791 3110 1845 3164 illa
1860 3127 1905 3164 sa-

155 3199 185 3254 in
195 3200 398 3254 commestione
413 3199 500 3254 laedit.
817 3190 820 3195 ¹
1054 3204 1180 3270 nubitur,
1197 3209 1226 3257 et
1239 3201 1338 3257 dentes
1357 3200 1434 3256 firmi
1456 3205 1549 3264 erunt
1563 3200 1632 3271 quia
1654 3198 1678 3254 si
1696 3197 1784 3255 etiam
1799 3199 1903 3253 dentes

297 3286 651 3343 claun-orsinae.
668 3284 857 3360 (t)[tlt‚54].
1055 3292 1116 3363 ejas
1139 3290 1200 3345 seni
1222 3294 1298 3357 snut,
1326 3288 1394 3344 lotio
1421 3288 1476 3343 ista
1506 3288 1547 3343 eis
1575 3286 1715 3360 proderit,
1743 3290 1771 3341 et
1784 3286 1901 3357 pulchri

190 3374 364 3446 Spinaeplus
387 3375 486 3429 calidae
509 3389 597 3446 quam
626 3373 737 3446 trigidae
756 3381 833 3442 sunt,
862 3380 891 3430 et
913 3374 1001 3430 etiam
1055 3381 1137 3434 flirnt.
1160 3379 1238 3435 Etsi
1267 3378 1332 3450 quis
1357 3378 1452 3432 ulcera
1477 3376 1508 3431 iu
1541 3392 1661 3448 corpore
1690 3391 1742 3431 sue
1767 3373 1904 3431 habuerit

155 3463 327 3528 siceasunt,
345 3468 374 3517 et
396 3463 537 3529 frebelkeit
562 3462 757 3518 assimilantur
786 3466 834 3535 (5).
851 3466 885 3518 Et
913 3465 1000 3519 homo
1056 3452 1105 3523 aul
1125 3469 1244 3523 vnlnere
1279 3482 1431 3538 percussus
1458 3466 1554 3535 luerit,
1585 3481 1651 3519 cum
1679 3480 1751 3536 puro
1778 3468 1808 3517 et
1826 3463 1903 3517 boue

155 3551 206 3624 qni
223 3551 459 3620 cirpicbtipetest,
476 3551 604 3623 itaqnod
630 3568 730 3606 sensus
748 3553 855 3623 eJ'usin
875 3570 909 3608 ea
930 3552 1000 3608 dell-
1054 3557 1120 3611 rino
1148 3556 1264 3610 terciam
1288 3561 1400 3625 partem
1419 3553 1564 3609 baumolei
1595 3552 1692 3620 addat,
1719 3567 1785 3607 curn
1820 3551 1902 3606 ulcus

154 3641 235 3704 ciunt
247 3645 275 3696 et
288 3640 354 3695 inde
370 3656 470 3695 amens
484 3640 617 3708 elllcitnr,
635 3641 712 3712 qued
727 3642 770 3696 vel
785 3642 854 3713 quia
868 3642 898 3696 in
910 3658 1000 3697 mem·
1054 3652 1103 3700 ant
1117 3646 1219 3699 rnlnus
1239 3644 1301 3715 jam
1317 3644 1442 3698 secunda
1472 3648 1522 3697 eut
1546 3642 1631 3697 tertia
1645 3640 1692 3696 die
1717 3639 1901 3712 putredinem

155 3727 214 3784 bris
242 3729 325 3784 lamet
352 3728 524 3799 [claudicare
552 3728 655 3799 incipit
681 3729 748 3796 σὰ),
778 3728 882 3785 virides
904 3728 1002 3800 spinas
1055 3735 1104 3786 aut
1125 3730 1306 3803 nigredinem
1327 3729 1463 3795 ostendit,
1482 3735 1550 3784 tunc
1572 3728 1596 3783 si
1620 3729 1700 3784 ulcus
1722 3733 1772 3783 aut
1792 3725 1900 3781 vulnus

154 3818 199 3873 rel
213 3822 325 3872 veteres
338 3817 469 3889 accipiat,
486 3822 514 3870 et
528 3817 563 3871 ad
591 3816 688 3889 ignem
714 3816 790 3886 ipsas
805 3818 879 3872 salas
900 3816 1000 3872 inuen·
1054 3835 1192 3891 magnum
1218 3819 1315 3887 luerit,
1342 3817 1511 3891 praedictum
1531 3819 1657 3873 oleatum
1673 3817 1774 3872 riuum
1791 3815 1900 3871 modice

154 3905 207 3972 dit,
223 3910 329 3960 attone
353 3922 419 3959 cum
441 3904 588 3960 cineribus
604 3921 705 3959 eorum
719 3904 754 3960 de
773 3905 890 3978 pulvere
902 3905 999 3977 garie—
1054 3908 1209 3975 calefaciet,
1237 3914 1265 3961 et
1290 3906 1316 3961 ei
1338 3906 1448 3962 lineum
1474 3922 1604 3979 pannum
1629 3906 1765 3977 intingat,
1804 3910 1833 3959 et
1861 3904 1900 3959 sic

155 3994 242 4061 illene,
253 3992 282 4047 id
296 4000 339 4048 est
353 3994 471 4060 nehbin,
487 3998 517 4046 et
538 3992 581 4048 bis
596 3997 707 4047 tantum
723 3993 758 4047 de
773 3993 889 4062 pulvere
915 4008 1001 4063 cyna·
1055 3998 1303 4052 tinetoulcusaul
1328 3996 1432 4051 vulnus
1456 3996 1537 4062 derue,
1562 4012 1652 4067 nsque
1680 3993 1750 4049 dum
1777 3994 1898 4065 putredo

156 4080 293 4134 momiut
312 4080 407 4150 pulvis
430 4080 574 4150 gariofiles
590 4080 740 4143 estaddat,
768 4085 847 4135 cocto
871 4087 900 4133 et
927 4097 1000 4152 para
1054 4086 1104 4141 ille
1125 4086 1324 4140 imminuatur.
1356 4084 1477 4149 Quodsi
1505 4086 1652 4139 ulcusant
1677 4084 1781 4138 vulnus
1797 4097 1898 4152 parurn

156 4167 240 4221 melle
259 4167 367 4233 addila,
384 4168 424 4221 ita
447 4184 512 4221 cum
530 4168 595 4222 rino
609 4175 642 4222 ut
653 4168 765 4223 cineres
778 4168 822 4223 isti
850 4169 998 4241 pulverem
1021 4160 1373 4245 llfuerit‚tuncpennam
1398 4172 1516 4243 praelato
1532 4170 1764 4228 aleatorinoita
1781 4170 1895 4240 frigido,
1975 4205 1976 4228 t

155 4254 300 4327 gariofiles
318 4256 407 4312 tercia
420 4260 499 4326 parte
515 4257 664 4323 excedant,
679 4262 708 4310 et
724 4256 812 4311 simili
831 4258 919 4311 modo
936 4258 999 4328 pul·
1055 4266 1081 4315 et
1095 4275 1154 4316 nou
1169 4259 1314 4327 calefacto,
1331 4258 1486 4331 intinguat,
1502 4264 1530 4315 el
1548 4275 1614 4315 cum
1642 4274 1738 4329 penna
1755 4258 1804 4312 illa
1819 4259 1897 4311 ulcus

155 4360 250 4399 veram
281 4345 445 4416 cynamoni,
473 4348 502 4399 et
528 4344 568 4399 sic
588 4346 764 4400 luterdranck
790 4351 881 4417 paret,
911 4351 938 4400 el
959 4348 1001 4419 je·
1053 4352 1102 4402 erit
1115 4348 1220 4402 vulnus
1237 4348 1307 4403 illud
1338 4347 1449 4403 modica
1471 4352 1585 4419 purget,
1609 4347 1677 4403 dum
1706 4346 1829 4418 putredo
1850 4346 1896 4401 illa

152 4432 360 4505 junnsrnodice
369 4433 459 4500 bibat,
471 4439 697 4504 pransusanlem
708 4435 883 4491 sufficienter
894 4439 1000 4502 sumat,
1054 4436 1245 4492 imminuatur
1259 4436 1326 4508 (lll).

203 4566 213 4617 l
246 4564 606 4618 disisam-aruntem.
623 4561 669 4617 cd.
1054 4562 1167 4633 caligat.
1196 4561 1285 4633 guttis
1312 4576 1378 4633 qna
1403 4562 1439 4616 de
1475 4560 1668 4616 viteeltluunt
1694 4574 1760 4613 cum
1789 4557 1896 4628 palmes

201 4636 218 4687 2
248 4635 332 4688 Deest
346 4632 376 4687 in
394 4634 440 4687 ed.
1054 4632 1240 4700 abscinditur,
1254 4631 1406 4702 palpebras
1421 4646 1487 4685 suas
1506 4631 1600 4698 liniat,
1616 4635 1645 4684 el
1671 4629 1783 4685 modice
1804 4630 1896 4683 oculos

202 4706 231 4772 3)
251 4705 336 4759 Deest
350 4703 379 4758 in
395 4704 442 4758 ed.
1055 4704 1162 4758 intrare
1209 4704 1349 4769 ermitlat;
1378 4706 1406 4756 et
1431 4701 1487 4756 hoc
1513 4717 1590 4772 sape
1618 4699 1712 4767 iaciat,
1749 4703 1778 4755 et
1804 4700 1896 4754 oculos

202 4775 228 4841 t)
252 4777 359 4829 Prunae
373 4776 494 4844 spinoso.
1054 4774 1154 4845 procul
1198 4772 1264 4827 ebio
1283 4772 1374 4827 claros
1397 4772 1473 4827 lacit.
1504 4774 1660 4843 Postquam
1683 4769 1763 4825 enirn
1790 4772 1895 4840 palmes

194 4847 234 4914 (5)
250 4845 382 4900 Etetiam
395 4845 560 4899 -assimit
581 4842 698 4898 omed.
1054 4844 1161 4899 devite
1182 4843 1309 4914 primurn
1336 4842 1523 4907 abscinditur,
1550 4846 1640 4913 gutta
1666 4840 1724 4895 illm
1747 4856 1810 4913 quse
1833 4846 1895 4895 tunc

191 4918 231 4985 (6)
248 4915 377 4985 ltaqaod
388 4920 560 4979 —aamest
575 4930 633 4968 orn.
653 4913 699 4969 ed.
1056 4928 1171 4969 amane
1185 4914 1242 4969 diei
1259 4928 1351 4983 usque
1374 4914 1410 4968 ad
1439 4914 1565 4968 mediam
1592 4912 1668 4968 diem
1695 4912 1727 4965 in
1749 4911 1894 4965 inscisione

191 4989 230 5057 (7)
256 4987 306 5042 Ed.
329 4986 456 5047 brevius.
484 4984 532 5039 sed
558 4990 584 5039 et
614 4988 725 5052 [ructus
747 4987 899 5056 spinarum
925 4986 1003 5040 bomo
1055 4982 1247 5047 illaelllnnnt‚
1265 4984 1349 5040 bonoe
1364 4990 1393 5039 et
1413 4985 1498 5038 utilas
1522 4989 1590 5038 sunt
1607 4983 1642 5038 ad
1657 4983 1818 5049 claritatem
1832 4997 1892 5035 ocu-

156 5073 217 5113 eam
245 5057 324 5113 melle
337 5061 476 5126 temperet,
500 5062 526 5111 et
544 5057 710 5126 paralysim,
730 5057 824 5112 sordet
850 5062 875 5111 et
890 5058 1001 5111 livorem
1056 5056 1159 5110 lorum.
1172 5055 1250 5110 Unde
1265 5055 1352 5109 homo
1364 5055 1427 5109 illas
1441 5055 1471 5108 in
1485 5052 1633 5110 vasculum
1655 5052 1787 5124 excipiat,
1811 5056 1839 5106 et
1858 5051 1893 5105 eis

156 5144 175 5182 a
192 5131 329 5183 ommacio
344 5126 403 5196 ejas
418 5129 519 5193 uasat.
624 5130 630 5139 ’
1055 5128 1152 5181 olerum
1169 5125 1249 5180 olive
1260 5126 1355 5191 addat,
1372 5130 1402 5179 at
1420 5125 1442 5179 si
1456 5125 1487 5179 in
1502 5123 1619 5179 auribus
1632 5124 1675 5177 rel
1691 5124 1721 5178 in
1743 5122 1834 5194 capite
1849 5121 1891 5175 do·

193 5202 230 5265 (8)
247 5200 438 5253 dtmorientar
455 5198 502 5251 ed.
513 5196 626 5269 reliqua
640 5213 699 5253 om.
1056 5198 1105 5260 let,
1118 5211 1184 5251 cnm
1214 5212 1248 5250 eo
1265 5211 1295 5250 se
1320 5196 1453 5266 inungat,
1480 5199 1508 5249 et
1536 5194 1639 5249 melius
1652 5192 1779 5247 habehit.
1803 5193 1835 5246 Et
1848 5192 1892 5263 qni

193 5270 233 5336 llll
253 5270 324 5323 Vitis
339 5270 470 5334 uiuisera.
1056 5267 1180 5333 tussitat,
1195 5273 1225 5321 et
1236 5266 1267 5321 iu
1283 5271 1397 5337 pectore
1422 5272 1451 5321 el
1462 5266 1493 5320 in
1509 5266 1657 5321 stomacho
1671 5264 1758 5325 dolet,
1780 5263 1891 5317 summi·

193 5339 248 5409 (to)
272 5340 391 5393 llnltnm
412 5338 603 5407 cariathaim
630 5338 749 5410 capituli
777 5342 871 5392 textus
885 5337 1000 5392 editus:
1055 5342 1143 5391 tatem
1163 5336 1302 5409 palmitis,
1332 5352 1399 5393 cnm
1417 5338 1478 5406 jam
1493 5336 1577 5391 liores
1592 5335 1720 5407 primum
1734 5338 1890 5405 erumpunt,

160 5410 258 5462 «vitis
280 5409 396 5480 igneum
420 5410 546 5464 celarem
567 5410 664 5465 hahet.
681 5410 716 5464 Et
738 5408 761 5464 si
777 5407 842 5480 quis
856 5408 888 5464 in
912 5408 1003 5464 oculis
1056 5424 1121 5463 cunr
1148 5407 1226 5463 loliis
1249 5406 1404 5473 abscindat,
1432 5413 1462 5463 et
1477 5406 1591 5462 fortiter
1605 5408 1636 5461 in
1651 5420 1726 5478 aqua
1739 5408 1851 5476 coquat,
1868 5409 1893 5458 et
