3984 6034
161 259 209 313 ltl
896 254 925 309 S.
947 252 1184 311 uttuncsuuts
1509 272 1513 277 ’
1858 264 1913 315 75⁶2

161 388 278 445 illorum
301 382 351 457 qui
375 382 505 441 haeredes
519 382 602 454 regni
625 384 765 439 coelorum
779 387 864 439 erunt
884 385 1011 456 appellas
1028 388 1139 441 lecet
1152 384 1322 440 adsalutem
1349 400 1503 457 corporum
1525 392 1555 444 et
1569 387 1732 444 animarum
1748 390 1913 455 bominum,

160 478 208 532 tus
224 479 275 531 est.
292 473 392 531 Omnis
413 472 512 544 itaque
537 472 625 527 homo
648 472 698 544 qni
721 472 811 527 Deum
827 470 909 527 timet
923 478 952 528 et
965 472 1010 529 di·
1063 489 1124 528 non
1138 472 1255 545 quidem
1270 473 1305 529 ab
1329 474 1458 543 bomine,
1482 476 1530 532 sed
1549 492 1602 548 per
1623 493 1669 533 me
1684 478 1735 551 qui
1755 494 1819 534 sum
1839 494 1916 550 prse-

161 563 237 637 ligit,
256 563 350 619 serbis
365 562 427 617 istis
450 560 635 617 devotionem
654 561 749 616 cordis
765 560 809 617 sui
834 560 954 633 aperiat,
977 578 1011 617 ac
1063 561 1122 618 leta
1136 562 1217 617 sciat.

813 888 962 963 VISIO
1002 888 1264 965 SECUNDA.

159 1190 321 1262 Descriptio
333 1188 453 1262 aptare
469 1185 554 1243 totius
568 1184 669 1241 mundi
682 1200 748 1241 cum
756 1184 886 1266 circulis,
903 1187 931 1240 et
942 1185 1009 1254 plc-
1064 1185 1187 1242 nubium
1202 1202 1294 1259 usque
1307 1188 1344 1244 ad
1358 1188 1553 1244 summitatem
1567 1190 1696 1261 ejusdem
1709 1191 1789 1265 globi
1802 1194 1911 1250 existit.

194 1262 289 1346 petit»,
307 1263 335 1343 qi
369 1258 461 1339 venii?
482 1257 547 1338 wit,
566 1257 598 1311 5⁷²
624 1256 739 1338 'Qum
759 1258 828 1337 70ῑὲ
849 1273 881 1310 ²⁷²
898 1259 1012 1328 Ρθῦῑθῒθ
1065 1273 1098 1328 ln
1114 1274 1209 1329 medio
1224 1289 1341 1347 quoque
1360 1282 1432 1333 rote
1446 1277 1530 1331 istius
1544 1276 1640 1349 imago
1653 1280 1779 1335 hominis
1793 1296 1916 1353 appare·

195 1348 346 1458 ‘'staff'’
362 1346 423 1402 Μ
444 1346 476 1383 ²7¹
496 1343 596 1401 imma
615 1342 722 1383 ”mm
736 1326 881 1399 ‘mmm
900 1330 1011 1399 ‘MP'
1064 1361 1123 1430 bat,
1148 1364 1229 1432 cujus
1250 1368 1346 1420 vertex
1371 1366 1503 1436 superius
1525 1370 1554 1422 et
1574 1366 1681 1437 plenta·
1706 1369 1851 1425 subterius
1872 1370 1912 1427 ad

194 1420 286 1476 pam
298 1419 334 1458 ²³·
1064 1450 1214 1522 prefatum
1237 1451 1387 1519 circulum,
1415 1454 1493 1508 velut
1521 1454 1602 1509 fortis
1623 1460 1652 1510 et
1676 1456 1734 1512 albi
1762 1457 1912 1531 lucidique

193 1546 214 1600 1.
232 1543 341 1600 Deinde
353 1542 384 1597 in
399 1545 515 1612 pectore
530 1538 655 1612 praefatae
675 1538 819 1612 imaginis,
832 1540 1011 1611 quamuelut
1063 1539 1136 1595 aeris
1157 1540 1369 1612 pertingebant.
1385 1543 1409 1597 Α
1423 1541 1522 1597 dextro
1545 1548 1643 1598 autem
1673 1544 1762 1600 latere
1781 1547 1906 1601 summi-

158 1635 190 1691 in
203 1633 297 1688 medio
313 1630 446 1687 australis
465 1628 539 1684 aeris
561 1643 779 1701 conspexeram,
794 1633 827 1683 ut
836 1628 1007 1699 predictum
1063 1631 1106 1680 tas
1126 1625 1284 1697 digitorum
1309 1628 1433 1684 dexterae
1447 1645 1550 1684 manns
1562 1631 1643 1701 ejus:
1660 1650 1676 1686 a
1697 1633 1814 1689 sinistro
1837 1652 1911 1706 quo-

158 1726 211 1792 est,
229 1725 291 1777 rota
311 1719 441 1775 mirillcae
463 1716 584 1773 visionis
603 1716 738 1788 apperuit
758 1732 822 1772 cum
843 1717 902 1771 suis
915 1716 1007 1788 signis
1025 1714 1116 1786 Itque
1137 1715 1286 1771 summitas
1310 1716 1467 1787 digitorum
1489 1717 1612 1774 sinistros
1639 1736 1744 1776 manus
1757 1721 1792 1777 ad
1813 1722 1913 1793 ipsum

158 1811 244 1883 hujus
279 1809 339 1865 fere
368 1805 574 1873 similitudinis,
604 1809 637 1859 ut
668 1805 893 1860 instrumentum
922 1804 1006 1868 illud,
1061 1802 1201 1859 circulum
1231 1804 1298 1859 binc
1321 1812 1352 1860 et
1375 1805 1443 1860 hinc
1467 1806 1498 1861 in
1526 1809 1703 1864 rotunditate
1726 1810 1912 1882 designatum

158 1899 233 1972 quod
260 1902 326 1952 aute
350 1894 450 1968 viginti
479 1898 543 1949 octo
570 1909 671 1959 annos,
696 1893 776 1947 velut
796 1893 827 1947 in
848 1893 941 1964 ligura
962 1892 1008 1947 ovi
1061 1896 1194 1963 porrecta
1225 1898 1297 1959 erat,
1320 1895 1456 1965 quoniam
1479 1896 1580 1951 eadem
1604 1895 1700 1969 imago
1721 1898 1837 1954 brachia
1859 1918 1913 1956 sua

157 1986 346 2060 significative
365 1984 502 2050 videram,
527 1980 672 2053 quomodo
695 1979 726 2036 in
745 1980 829 2036 tertia
843 1980 953 2037 visione
976 1980 1008 2036 li·
1061 1979 1102 2033 sic
1124 1980 1300 2037 estenderet.
1328 1981 1428 2038 Sedet
1449 2000 1547 2039 versus
1575 1984 1691 2041 easdem
1713 1994 1811 2059 partes
1834 2005 1912 2060 qua-

156 2077 202 2132 bri
224 2074 334 2132 scietas
358 2071 528 2139 ostenditur,
552 2070 592 2125 ita
612 2074 645 2125 ut
672 2069 703 2123 iu
719 2068 780 2139 ejus
799 2085 913 2126 summa
926 2074 1007 2140 parte
1060 2070 1126 2122 tuor
1139 2068 1244 2139 capita,
1258 2070 1364 2125 scilicet
1375 2071 1457 2142 qnasi
1470 2077 1555 2145 ceput
1568 2073 1700 2144 leopardi
1722 2080 1751 2130 et
1776 2075 1849 2149 lupi,
1874 2094 1909 2132 ac

156 2181 209 2238 per
233 2162 385 2217 circuitum
409 2158 596 2215 rotunditatis
622 2174 681 2213 sure
702 2158 827 2215 circulus
846 2159 877 2213 in
901 2158 1004 2214 simili·
1061 2157 1139 2211 velut
1160 2162 1245 2229 caput
1270 2157 1360 2213 leonis
1383 2164 1411 2214 et
1433 2161 1494 2215 ursi
1518 2163 1705 2233 apparebant.
1726 2163 1800 2219 Nam
1823 2182 1912 2237 supra

156 2256 256 2313 tudine
278 2254 366 2309 lucidi
391 2252 477 2324 ignis,
502 2257 531 2307 et
553 2251 606 2306 sub
631 2251 680 2306 illo
700 2252 823 2307 circulus
844 2250 918 2307 alius
934 2251 1008 2307 sicut
1060 2245 1196 2300 verticem
1211 2248 1354 2317 proediciae
1374 2248 1509 2319 imaginis
1537 2250 1568 2305 in
1594 2250 1678 2321 signo
1699 2252 1764 2323 puri
1781 2253 1911 2319 milleris»

156 2345 280 2401 circulus
294 2342 370 2413 nigri
382 2340 457 2413 ignis
473 2341 731 2409 demonstraretur,
752 2340 802 2396 ubi
818 2340 934 2395 elidem
946 2340 1006 2395 cir·
1061 2334 1146 2406 quasi
1159 2339 1246 2407 caput
1258 2336 1399 2407 leopardi,
1420 2354 1454 2392 ex
1473 2354 1522 2393 ore
1537 2355 1589 2393 sno
1613 2341 1693 2394 velut
1706 2340 1807 2396 flatum
1824 2342 1911 2397 emit-

157 2434 239 2491 culus
261 2430 349 2488 lucidi
372 2429 448 2502 iguis
462 2429 595 2484 eumdem
617 2429 757 2484 circulum
780 2428 858 2501 nigri
872 2428 948 2499 ignis
963 2428 1008 2484 bis
1060 2427 1123 2477 iim
1139 2423 1280 2489 videbun,
1298 2425 1348 2496 qui
1373 2425 1460 2481 eiiam
1487 2425 1517 2481 in
1531 2426 1654 2482 dextrali
1671 2434 1752 2500 parte
1778 2430 1911 2500 ejusdem

157 2520 295 2577 densitate
322 2535 373 2573 sua
405 2517 566 2591 superabat.
596 2518 629 2573 Et
658 2517 689 2572 hi
712 2516 769 2573 darc
799 2515 897 2572 circuli
925 2518 1007 2589 quasi
1060 2512 1119 2567 oris
1139 2528 1169 2567 se
1184 2510 1363 2584 aliquantum
1383 2513 1413 2568 in
1435 2514 1556 2586 longum
1579 2531 1742 2588 recurvans,
1765 2519 1797 2573 iu
1820 2525 1910 2591 caput

157 2626 233 2666 nnus
254 2608 377 2663 circulus
401 2612 495 2662 essent
516 2606 571 2661 sibi
599 2606 721 2661 invicem
744 2604 1004 2678 conjungebantur.
1060 2600 1155 2655 cancri
1175 2616 1239 2656 cum
1269 2602 1379 2657 duabus
1399 2603 1555 2672 forficibus,
1579 2604 1673 2676 quasi,
1695 2621 1761 2660 cum
1793 2604 1910 2661 dnobus

156 2698 214 2754 Sub
228 2697 330 2752 eodem
350 2700 446 2750 autem
466 2693 572 2749 circulo
597 2693 673 2766 nigri
696 2693 781 2765 ignis,
797 2692 871 2748 alius
883 2694 1007 2749 circulus
1059 2686 1180 2757 pedibus
1201 2687 1398 2759 formabilium
1425 2692 1455 2746 in
1477 2692 1612 2747 sinistrali
1627 2698 1724 2748 autem
1745 2699 1828 2764 pario
1853 2695 1914 2749 otis

156 2786 186 2841 in
200 2784 389 2841 similitudine
403 2782 469 2855 puri
484 2782 600 2838 etheris
615 2788 686 2851 erat,
708 2782 816 2854 ubique
829 2786 916 2837 tantae
932 2782 1006 2837 den·
1058 2775 1150 2845 ipsius
1166 2776 1346 2848 aliquantum
1361 2779 1448 2834 eiiam
1476 2780 1507 2834 in
1531 2782 1648 2853 longum
1668 2782 1796 2852 regirans
1811 2783 1842 2837 in
1864 2800 1913 2839 ca-

156 2876 249 2933 sitatis
264 2878 380 2947 quantes
408 2869 508 2927 circuli
536 2870 659 2925 duorum
687 2869 874 2941 prefatorum
893 2869 1005 2941 ignium
1058 2868 1113 2935 put
1125 2866 1201 2920 cersi
1224 2866 1381 2923 desinebat
1398 2868 1435 2923 lix
1451 2884 1500 2924 ore
1514 2874 1611 2925 autem
1625 2869 1726 2942 capitis
1739 2870 1827 2942 hujus
1841 2887 1912 2928 can·

156 2963 344 3037 apparebant.
360 2960 415 3017 Sed
443 2958 496 3014 sub
510 2958 573 3029 ipso
590 2956 696 3013 circulo
712 2957 779 3029 puri
802 2957 917 3012 retheris
932 2956 1005 3013 alius
1060 2952 1100 3006 cri
1117 2953 1198 3024 quasi
1223 2955 1297 3009 alius
1319 2954 1404 3011 flatus
1424 2957 1522 3012 exiens
1545 2974 1636 3028 usque
1664 2957 1699 3014 ad
1726 2957 1912 3017 medietatem

138 3054 235 3109 ¹velut
254 3050 376 3107 circulus
400 3048 501 3120 aquosi
529 3048 603 3101 aeris
626 3051 713 3101 tantas
735 3046 884 3102 densitatis
906 3046 936 3102 in
960 3062 1006 3101 ro-
1060 3042 1144 3112 spatii
1168 3043 1245 3113 quod
1267 3044 1343 3098 inter
1362 3044 1455 3116 cupita
1481 3046 1610 3117 leopardi
1636 3050 1665 3101 et
1684 3047 1796 3118 prostati
1819 3050 1912 3105 leonis

155 3140 299 3197 funditate
315 3155 376 3206 sna,
400 3140 516 3209 qnantoe
534 3136 621 3191 etiam
641 3133 766 3191 densitas
785 3134 884 3199 circuli
897 3135 1006 3207 praedi·
1060 3133 1122 3183 erat
1149 3131 1341 3203 procedebat;
1364 3149 1397 3187 ex
1425 3149 1475 3188 ore
1506 3150 1575 3189 sero
1594 3135 1696 3206 capitis
1720 3137 1795 3192 cersi
1830 3139 1913 3195 velut

155 3230 194 3287 cti
216 3228 304 3285 lucidi
322 3227 396 3297 ignis
419 3222 665 3279 manifestabatur.
691 3224 722 3277 et
743 3222 796 3277 snb
827 3223 926 3279 eodem
949 3222 1006 3279 cir·
1059 3217 1134 3273 alius
1159 3218 1244 3276 flatus
1272 3222 1390 3277 veniens
1419 3238 1509 3294 nsque
1536 3222 1572 3278 ad
1602 3223 1786 3280 medietatem
1810 3228 1910 3297 spatii,

155 3318 221 3373 culo
238 3314 341 3388 aquosi
364 3312 472 3370 scilicet
485 3312 570 3377 aeris,
592 3311 666 3367 alius
681 3310 804 3365 circulus
821 3311 904 3383 quasi
923 3310 1006 3367 fortis
1060 3306 1216 3377 quoderat
1237 3308 1314 3364 iuter
1336 3314 1422 3382 caput
1442 3311 1572 3382 leopardi
1592 3316 1621 3367 et
1636 3313 1696 3367 ursi
1710 3314 1857 3370 tendebat.
1875 3316 1910 3371 Es

156 3409 186 3461 et
204 3403 263 3459 albi
285 3401 430 3472 lucidique
450 3399 525 3454 aeris
540 3400 627 3472 hujus
642 3398 839 3454 similitudinis
857 3400 888 3454 iu
907 3400 1005 3472 rigore
1059 3394 1144 3449 flatus
1165 3397 1215 3468 qui
1238 3414 1255 3452 a
1278 3397 1394 3453 dextera
1419 3404 1502 3470 parte
1525 3399 1584 3455 oris
1607 3401 1737 3473 leopardi
1757 3419 1850 3475 nsque
1873 3405 1910 3461 ed

155 3508 208 3550 suo
239 3491 372 3557 existens,
401 3492 431 3543 ut
460 3502 565 3542 nervus
596 3486 627 3542 in
650 3503 770 3560 corpore
798 3486 923 3543 bominis
951 3496 1003 3556 est,
1058 3485 1250 3555 caputcaucri
1269 3487 1455 3558 procedebat,
1476 3487 1561 3544 ssatus
1585 3489 1671 3545 etiam
1692 3491 1742 3564 qui
1757 3509 1774 3547 a
1792 3492 1910 3547 sinistra

156 3579 371 3644 ostendebatur,
387 3576 495 3649 ubique
513 3576 545 3630 in
560 3575 681 3631 circuitu
697 3592 749 3630 suo
765 3576 891 3647 ejusdem
906 3576 1003 3631 densi·
1058 3579 1140 3643 parte
1156 3574 1247 3644 ipsius
1260 3576 1318 3631 oris
1331 3592 1423 3648 usqne
1438 3576 1473 3632 ad
1487 3582 1575 3649 caput
1596 3579 1675 3635 cervi
1689 3580 1797 3649 exibat,
1812 3580 1911 3637 ssatus-

153 3668 230 3737 tstis,
247 3666 328 3738 cujus
342 3665 478 3733 densitas,
490 3664 588 3719 circuli
606 3662 716 3733 praefati
733 3663 810 3735 nigri
824 3664 901 3735 ignis
915 3679 1004 3736 appa·
1058 3678 1115 3733 qne
1131 3663 1180 3735 qui
1203 3678 1238 3718 ex
1262 3679 1312 3719 ore
1333 3664 1435 3735 capitis
1458 3668 1534 3721 cervi
1552 3682 1643 3738 usque
1661 3667 1696 3723 ad
1717 3668 1904 3725 medietatem

159 3772 237 3812 rens.
263 3754 301 3810 Hi
324 3768 441 3825 quoque
460 3753 517 3808 duo
536 3750 635 3807 circuli
656 3750 711 3805 sibi
725 3750 847 3805 invicem
863 3751 903 3805 ita
919 3766 1005 3822 copo·
1058 3751 1143 3822 spatii
1155 3750 1232 3806 iuter
1244 3754 1338 3825 capita
1353 3754 1482 3825 leopardi
1500 3760 1529 3809 et
1553 3754 1643 3810 leonis
1658 3758 1793 3812 exstantis
1809 3759 1910 3813 tende-

153 3844 296 3909 labantur‚
314 3846 346 3898 ut
368 3842 446 3897 velut
462 3856 536 3895 unus
555 3839 678 3895 circulus
698 3844 803 3904 esseut,
820 3843 1001 3910 apparerent.
1057 3839 1117 3895 bat.
1139 3839 1234 3895 Fletus
1256 3857 1372 3913 quoque
1401 3843 1452 3914 qui
1475 3860 1509 3898 ex
1531 3860 1580 3899 cre
1600 3844 1702 3915 capitis
1722 3846 1799 3900 cervi
1814 3864 1907 3919 usqne

152 3933 211 3990 Sub
234 3933 288 3989 hoc
310 3935 405 3985 autem
429 3928 535 3983 circulo
563 3927 695 3983 videlicet
714 3927 796 3983 fortis
821 3932 849 3981 el
870 3927 937 3995 albi,
960 3928 1004 3983 lu·
1058 3927 1092 3983 ad
1107 3927 1290 3985 medietatem
1315 3930 1409 4002 spatii,
1426 3932 1503 4003 quod
1522 3933 1598 3987 inter
1621 3934 1715 4005 capita
1729 3934 1860 4006 leopardi
1880 3940 1909 3991 et

153 4021 267 4092 cidiqne
287 4019 370 4086 aeris,
397 4017 478 4089 quasi
497 4016 571 4072 alius
596 4032 646 4071 aer
669 4016 765 4071 tennis
786 4016 914 4087 signatus
929 4019 1000 4079 erat,
1057 4016 1116 4071 ursi
1130 4020 1193 4071 erat
1208 4018 1445 4089 prolongabatur,
1469 4020 1588 4093 aequalis
1601 4022 1791 4094 longitudinis
1811 4029 1904 4080 erant.

120 4101 125 4110 ‘
152 4108 204 4181 qui
225 4112 257 4163 ut
280 4106 370 4162 nubes
389 4105 533 4161 interdum
557 4106 645 4161 elatas
671 4108 699 4160 et
720 4102 840 4173 lucidas,
856 4102 1002 4159 interdum
1057 4103 1160 4159 Omnia
1175 4121 1290 4177 quoque
1305 4107 1398 4177 capita
1411 4108 1473 4163 brec
1491 4108 1522 4163 in
1544 4109 1695 4181 prefatam
1711 4116 1804 4166 rotam
1826 4117 1855 4167 et
1869 4114 1906 4167 ad

152 4196 304 4252 inclinatas
331 4199 359 4250 et
384 4194 532 4249 umbrosae
555 4193 707 4249 videbatur
730 4191 862 4264 superius
875 4197 1003 4264 portare,
1057 4192 1215 4264 imaginem
1228 4192 1442 4250 hanchominis
1457 4196 1614 4267 spirabant.
1634 4198 1692 4253 Sub
1712 4199 1834 4270 pedihus
1856 4217 1907 4257 au·

152 4289 181 4339 et
200 4301 229 4340 se
253 4282 334 4356 quasi
360 4298 413 4355 per
429 4286 519 4337 totam
539 4280 688 4354 prefatam
712 4285 805 4335 rotam
827 4279 998 4337 diffundere.
1020 4284 1115 4341 ntem
1128 4281 1256 4352 ejusdem
1272 4281 1406 4354 imaginis
1427 4283 1555 4339 hominis
1568 4285 1598 4339 in
1613 4285 1695 4358 signo
1714 4287 1816 4359 aquosi
1831 4290 1907 4344 aeris

152 4372 259 4429 Omnes
281 4386 348 4427 sero
373 4370 420 4426 isti
441 4386 491 4427 sex
510 4369 610 4427 circuli
626 4370 733 4441 absqnc
750 4369 830 4425 omni
844 4368 1000 4426 interstitio
1055 4369 1132 4424 velut
1146 4374 1231 4441 capnt
1244 4370 1307 4441 lupi
1328 4369 1411 4443 quasi
1427 4370 1527 4427 flatum
1548 4388 1583 4428 ex
1598 4389 1647 4429 ore
1668 4391 1720 4430 suo
1741 4376 1906 4447 producens

151 4463 188 4518 ad
202 4462 324 4518 invicem
344 4460 489 4531 conjuncti
500 4462 592 4515 erant.
609 4459 767 4530 Supremas
782 4473 849 4513 vero
865 4458 999 4528 circulus,
1055 4456 1221 4529 apparebat,
1244 4457 1295 4530 qni
1316 4457 1435 4513 etfama
1457 4458 1557 4514 dextra
1578 4459 1669 4531 ipsius
1682 4461 1741 4515 oris
1767 4462 1903 4534 aliquan-

149 4552 229 4608 velut
246 4551 315 4623 igue
334 4566 385 4604 suo
405 4552 524 4605 ceteros
546 4548 667 4602 circulos
690 4544 893 4617 perfundebat;
909 4562 1000 4619 aquo·
1054 4549 1115 4600 tum
1133 4544 1164 4600 iu
1181 4546 1302 4617 longum
1323 4562 1478 4618 erumpens
1491 4546 1522 4602 in
1544 4548 1640 4603 medio
1662 4548 1823 4606 medietatis
1838 4568 1904 4623 spa-

152 4657 201 4696 sus
214 4648 311 4696 eutem
331 4638 401 4693 alios
415 4652 516 4693 omues
531 4634 612 4708 qnasi
626 4636 749 4690 humore
763 4651 814 4690 suo
829 4634 950 4708 rigabat.
966 4636 1001 4691 Et
1053 4632 1096 4702 tii,
1113 4632 1191 4705 quod
1205 4634 1281 4688 iuter
1298 4634 1393 4705 capita
1413 4635 1474 4707 lupi
1489 4641 1518 4691 et
1531 4636 1592 4691 ursi
1613 4641 1674 4691 erat
1687 4636 1811 4694 formum
1825 4640 1904 4713 capi-

152 4728 237 4801 quasi
250 4744 266 4783 s
281 4726 427 4799 principio
443 4724 591 4780 orientalis
609 4722 699 4795 partis
722 4723 850 4795 ejusdem
865 4727 934 4779 rotie
951 4739 999 4778 ve·
1052 4720 1089 4777 tis
1104 4722 1180 4778 cersi
1203 4722 1369 4794 accipiebat,
1394 4740 1428 4778 ex
1449 4725 1530 4796 cnjus
1551 4726 1637 4781 eliam
1658 4742 1708 4781 ore
1725 4727 1805 4783 velut
1828 4728 1904 4784 allam

150 4818 195 4873 lut
209 4815 245 4872 ad
270 4814 359 4870 tinem
384 4812 568 4869 occidentalis
586 4812 677 4882 partie
697 4812 789 4884 ipsius
810 4812 886 4868 linea
900 4828 1000 4867 versus
1052 4807 1139 4865 flatus
1155 4810 1272 4865 veniens
1286 4810 1317 4865 iu
1334 4812 1464 4867 eamdem
1483 4812 1668 4870 medietatem
1687 4813 1852 4871 liniebatur.
1877 4820 1903 4872 A

151 4904 406 4979 septentrionalem
439 4901 500 4973 ejus
531 4907 645 4973 partem
673 4900 890 4968 extendebatur,
916 4899 999 4973 quasi
1052 4898 1168 4954 sinistra
1185 4914 1253 4954 vero
1276 4900 1334 4954 oris
1348 4899 1478 4972 ejusdem
1494 4901 1589 4974 lupini
1611 4903 1722 4975 capitis,
1748 4902 1833 4959 flatus
1849 4905 1902 4976 qni

148 4992 402 5067 septentrionalem
424 4990 540 5062 plagam
561 4990 700 5046 acaeteris
716 4990 809 5063 plagis
822 4990 995 5046 discernens.
1053 4986 1160 5059 abipso
1177 5003 1227 5044 ore
1237 4988 1410 5060 procedebat
1423 5006 1453 5045 se
1467 4990 1642 5063 prolongans
1656 4992 1686 5047 in
1702 4992 1797 5048 medio
1811 4994 1901 5049 etiem

147 5081 202 5137 Sed
216 5080 303 5136 etiam
321 5078 422 5152 globus
436 5076 467 5133 in
482 5076 576 5134 medio
591 5077 665 5149 signi
691 5075 820 5148 predicti
835 5075 930 5130 tenuis
946 5092 997 5130 ae·
1051 5076 1211 5132 medietatis
1230 5076 1325 5148 spatii,
1349 5078 1426 5150 quod
1456 5078 1532 5135 iuter
1554 5080 1649 5152 capita
1677 5082 1739 5153 lupi
1757 5087 1787 5137 et
1807 5082 1903 5137 leonis

146 5168 185 5224 ris
203 5168 333 5240 signatus
355 5170 427 5233 erat,
445 5166 494 5239 qui
509 5165 618 5238 ubique
632 5166 663 5221 in
678 5164 800 5219 circuitu
821 5179 872 5218 suo
892 5162 995 5234 equali
1051 5168 1123 5234 erat,
1143 5164 1174 5220 in
1194 5170 1281 5237 caput
1309 5166 1403 5221 cancri
1432 5182 1498 5223 cum
1517 5168 1627 5224 duabus
1651 5158 1798 5225 forficibus
1818 5172 1904 5243 quasi

146 5258 239 5329 spatio
255 5257 367 5327 asigno
385 5254 468 5310 fortis
484 5259 513 5310 et
532 5255 591 5311 albi
605 5252 754 5325 lucidique
772 5250 847 5307 aeris
862 5251 996 5322 distabat,
1051 5269 1116 5308 cum
1128 5252 1241 5307 duobus
1262 5253 1384 5325 pedibus
1399 5256 1544 5327 surgebat,
1563 5256 1599 5312 de
1624 5258 1705 5330 cujus
1720 5274 1836 5331 quoque
1851 5276 1903 5315 cre

144 5348 232 5401 tautss
262 5342 423 5399 latitudiuis
447 5342 564 5414 quidem
588 5342 619 5397 in
647 5346 853 5406 transversum,
884 5344 994 5413 quanta
1050 5340 1133 5413 quasi
1149 5341 1220 5397 alius
1236 5340 1321 5397 flatus
1335 5342 1433 5399 exiens
1448 5344 1478 5400 iu
1492 5344 1554 5418 ipsa
1576 5346 1730 5402 medietate
1745 5348 1902 5406 residebat.

143 5432 325 5503 profunditas
340 5431 425 5503 spatii
454 5432 658 5486 asummltate
673 5429 802 5501 supremi
829 5428 991 5485 circulius-
1050 5429 1111 5493 Qua
1131 5434 1229 5486 autem
1247 5431 1405 5502 spatiorum
1435 5449 1569 5489 mensura
1594 5434 1904 5507 cepitabeecadinvi·

143 5534 200 5592 que
227 5519 264 5576 ud
288 5518 497 5576 extremitatem
525 5518 658 5585 nubtum,
681 5532 731 5575 seu
753 5518 789 5574 ab
812 5516 994 5575 extremitate
1049 5531 1113 5573 cem
1128 5517 1283 5585 distabant,
1308 5519 1410 5575 eadem
1432 5536 1568 5577 mensura
1588 5527 1618 5577 et
1639 5524 1734 5580 forma
1748 5522 1833 5580 flatus
1849 5542 1902 5583 eo·
