3984 6034
139 187 191 242 tte
885 184 914 240 S.
935 181 1173 242 titubentuttts
1833 184 1883 241 t'lb

137 326 301 382 animarum
332 321 454 378 extende
481 319 634 377 brachium
666 325 761 390 tunm,
788 337 824 376 ne
851 320 987 377 inimicus
1005 339 1028 391 g
1043 324 1093 376 tna
1108 320 1192 390 vivat,
1207 324 1281 376 etut
1305 316 1534 375 amantissimam
1556 332 1655 376 uocem
1681 315 1761 378 iiiam
1785 321 1885 377 audias

137 414 227 470 bomo
242 410 454 485 superseminet
468 409 579 465 zizania
593 410 624 464 in
638 425 707 482 agro
721 414 772 488 tuo
784 409 900 476 (Mollis.
912 411 984 480 1111).
1039 410 1075 465 de
1090 425 1204 466 summo
1213 409 1330 480 judice:
1346 409 1537 482 Espeaerve,
1546 408 1617 467 toas
1626 409 1755 484 clfidelis
1765 410 1882 479 (Maste.

136 501 259 557 Provide
271 516 339 572 ergo
361 500 480 555 bortum
498 499 594 568 illum,
609 513 698 570 quem
721 497 852 553 divinam
875 497 985 554 donum
1040 499 1117 569 xxv),
1133 501 1162 554 et
1185 502 1218 554 ut
1240 497 1406 554 animatus
1430 497 1460 552 in
1476 497 1530 552 bac
1553 503 1635 569 parte
1654 499 1798 566 fulminet,
1814 497 1886 553 siout

135 590 293 663 plantavit3
317 592 346 644 st
367 603 433 642 care
447 589 627 642 neeromats
649 585 727 642 illius
748 586 807 641 sint
820 584 912 652 arida,
935 584 985 638 sed
1039 588 1123 643 miles
1137 588 1168 642 in
1183 586 1283 658 praetio
1307 586 1408 658 fulget,
1424 601 1489 641 curn
1514 587 1582 642 socii
1600 587 1662 656 ejus
1686 587 1741 659 ipsi
1763 601 1886 658 congau-

135 679 173 734 ab
188 679 229 734 eis
240 676 423 749 putredinem
441 675 627 744 abscinde,et
641 690 705 730 eam
720 674 795 730 iores
811 674 903 740 mitte,
919 687 985 745 quse
1040 676 1117 746 dent,
1148 677 1216 748 quia
1240 675 1331 730 victor
1359 674 1477 731 exstitit.
1506 675 1586 732 Unde
1614 683 1657 742 tu,
1687 691 1704 730 o
1732 691 1886 746 praecessor

134 767 292 822 utilitatem
307 763 423 821 illorum
447 763 575 819 suffocat.
596 765 631 818 Et
651 763 691 818 sic
711 763 757 818 tao
778 778 812 818 ea
834 762 984 816 virescere.
1039 765 1260 836 populi,pugna
1276 763 1306 818 in
1325 763 1400 819 bona
1414 761 1540 832 victoria,
1555 779 1590 818 ac
1613 763 1654 817 sio
1674 767 1803 818 errantes
1822 778 1884 818 cor·

136 857 267 929 Namque
293 854 336 911 sol
360 854 457 909 radios
480 869 546 909 suos
569 852 727 917 abscondit,
750 850 877 907 mundus
897 850 984 907 etiam
1038 853 1112 924 rige,
1143 857 1173 910 et
1194 851 1329 924 pulchras
1359 851 1528 923 margarites
1556 851 1592 908 de
1616 851 1771 922 putredine
1789 850 1884 918 abluo,

135 944 274 1017 gaudium
288 958 373 998 suum
387 941 541 998 subtrahit.
558 943 592 997 ut
606 941 671 997 dico
689 957 695 996 :
711 941 774 996 Non
789 940 987 997 obscurahor·
1039 956 1204 1016 praeparans
1217 940 1282 996 illas
1303 955 1418 996 summo
1443 939 1513 1012 ltcgi
1537 957 1545 996 :
1569 945 1600 995 et
1618 940 1658 995 sic
1679 953 1761 994 meus
1782 942 1832 994 tua
1853 937 1884 992 in

134 1036 293 1088 tumtunm
306 1031 336 1086 in
350 1029 437 1086 tedio
452 1029 574 1096 silentii,
591 1029 639 1085 sed
655 1028 687 1085 in
700 1044 768 1084 vero
790 1028 900 1084 lumina
919 1043 985 1084 cum
1038 1031 1114 1086 bono
1126 1027 1219 1085 studio
1234 1027 1350 1084 anhelet
1361 1028 1412 1084 bes
1425 1028 1594 1100 margaritas
1608 1028 1643 1083 ad
1659 1031 1786 1084 montem
1796 1026 1884 1082 istum

134 1120 309 1177 discretione
323 1117 436 1189 corripe
459 1133 493 1172 ea
516 1133 582 1189 qnae
604 1115 787 1190 corripienda
811 1122 888 1172 sunt.
915 1115 986 1169 ttta-
1039 1133 1183 1184 revocare,
1208 1117 1282 1172 sicut
1316 1131 1364 1170 aas
1393 1115 1502 1172 donum
1530 1115 1885 1172 beiinstituit.1lenste

135 1211 216 1266 mina
239 1223 356 1281 quoqne
379 1207 523 1279 templum
552 1211 636 1262 tuum
666 1221 719 1278 per
743 1203 984 1272 benevolentiam,
1040 1209 1185 1278 protegat,
1202 1209 1232 1260 et
1248 1202 1376 1260 animam
1391 1206 1471 1259 tuam
1484 1202 1520 1260 de
1533 1208 1641 1259 eterna
1662 1218 1749 1274 poena
1771 1203 1883 1258 liberet.

135 1301 223 1369 alque
244 1295 275 1351 in
303 1295 451 1350 thuribulo
479 1298 529 1350 tuo
557 1294 656 1365 ignem
680 1292 814 1359 accende,
837 1291 986 1363 myrrham
1345 1290 1511 1348 tsPtstuta
1525 1292 1579 1349 tttt.

135 1385 300 1457 imponens,
316 1382 358 1438 ita
373 1387 406 1438 ut
425 1382 522 1438 lamus
545 1384 607 1454 ejus
630 1381 766 1438 ascendat
787 1380 824 1436 ad
845 1379 984 1452 palatium
1151 1397 1267 1438 rarecort
1284 1397 1497 1438 mmscrsustua
1517 1399 1551 1438 tn
1571 1396 1774 1438 nruuscaenstt.

134 1472 258 1530 viventis
273 1471 333 1539 bei,
349 1476 378 1526 et
391 1470 422 1526 in
435 1475 580 1526 aeternum
595 1469 683 1524 vires.
1145 1473 1232 1529 Suum
1247 1485 1318 1540 erpo
1336 1469 1473 1527 &nolum
1487 1471 1622 1542 affectum
1637 1469 1778 1526 &clarat

432 1575 604 1632 Eplsmgg
623 1577 689 1632 χιχ,
1076 1561 1247 1616 Gonanntnus
1275 1558 1372 1614 divina
1390 1558 1502 1616 lavante
1528 1559 1631 1632 gratia,
1661 1557 1885 1630 trajectensium

278 1680 394 1721 mmo„
412 1681 570 1721 ,mmmm
584 1681 618 1720 ,0
634 1679 841 1720 mmmm,
1004 1634 1202 1721 Bepiscopus,
1226 1651 1318 1706 unice
1343 1665 1413 1714 snoe,
1435 1649 1552 1720 speciali
1573 1665 1644 1717 sua,
1665 1645 1805 1719 singulari
1826 1661 1885 1700 sues

134 1773 173 1828 33
186 1789 202 1826 α
213 1771 245 1827 in
255 1770 387 1828 maxima
401 1769 506 1826 mm
523 1773 551 1826 et
565 1769 696 1842 corporis
717 1768 903 1840 fluctuatione
915 1783 983 1824 m,
1041 1739 1218 1810 thnsosnur,
1231 1741 1375 1813 magistrer
1395 1753 1528 1794 sororum
1549 1737 1585 1792 da
1610 1737 1638 1793 S.
1661 1734 1797 1802 boberto,
1813 1735 1886 1790 salu-

169 1843 313 1911 stitutum,
329 1841 407 1906 soit,
421 1841 506 1914 quod,
522 1845 554 1897 ul
570 1843 698 1910 saletto,
722 1840 882 1896 innumeris
899 1839 987 1894 mulsi
1039 1831 1097 1882 tem
1112 1827 1148 1882 eb
1169 1843 1202 1883 eo
1215 1829 1265 1900 qui
1281 1829 1399 1886 mandat
1414 1827 1535 1882 salntem
1550 1826 1581 1880 in
1596 1825 1682 1880 Jacob
1694 1823 1781 1896 (Prot.
1797 1823 1883 1894 xmtt).

172 1915 265 1968 Deum
278 1913 447 1984 offenderat.
463 1911 537 1968 Petit
550 1927 654 1986 preces
670 1916 700 1968 et
720 1910 987 1984 rescripsissem
1076 1915 1347 1986 Sororcbarissima,
1363 1933 1398 1973 ex
1417 1931 1475 1988 quo
1498 1913 1592 1986 primo
1614 1921 1641 1968 te
1664 1913 1736 1985 caepi
1758 1912 1787 1966 in
1803 1911 1885 1968 Chri-

56 2064 63 2070 .
171 1983 374 2056 Hffl‘i'mi'·
1039 2003 1076 2059 sti
1090 2004 1228 2061 charitate
1245 2006 1377 2078 diligere,
1394 2017 1543 2075 nunqnam
1570 2001 1710 2057 mensoria
1730 2005 1779 2056 tua
1800 2015 1887 2071 super

174 2091 340 2146 Runonrnns
381 2091 432 2146 Dei
464 2089 556 2161 gratia
591 2089 790 2144 leodiensium
824 2087 984 2158 episcopus,
1039 2092 1096 2147 mel
1116 2092 1361 2148 etiavumdutcis
1381 2089 1622 2165 (Pscl.xv111),in
1645 2088 1886 2160 enimomeopo-

138 2175 439 2232 itunecaantiamuies
454 2176 557 2232 Christi
572 2176 610 2232 de
627 2177 656 2232 S.
679 2175 797 2232 Roberti
823 2175 856 2229 in
876 2174 984 2245 Pingis,
1039 2179 1094 2235 tuit
1110 2180 1250 2237 excidere.
1276 2182 1358 2254 Cogit
1379 2180 1457 2236 enim
1479 2195 1526 2236 me
1549 2179 1580 2233 in
1603 2181 1682 2234 tuam
1701 2176 1885 2233 ditectionem

137 2264 210 2336 ltegi
224 2279 326 2337 regum
341 2263 518 2320 incessentes
531 2264 654 2332 servire,
673 2267 702 2320 et
722 2263 854 2320 bravium
872 2267 986 2318 eternis
1038 2267 1129 2324 virtus
1143 2270 1203 2339 Dei,
1218 2287 1282 2344 quse
1297 2271 1407 2326 habitet
1425 2268 1457 2324 iu
1474 2273 1513 2337 te,
1539 2283 1602 2339 quse
1622 2269 1759 2338 operatur
1772 2280 1824 2337 per
1844 2270 1883 2333 te,

137 2353 562 2426 beatitudinisapprebendere.
1039 2373 1103 2429 quae
1135 2358 1306 2414 familiarem
1332 2375 1391 2431 pras
1417 2359 1527 2413 caeteris
1544 2355 1588 2411 itti
1608 2370 1713 2427 sponso
1729 2353 1823 2410 reddit
1844 2357 1883 2420 te,

173 2442 207 2497 tn
221 2441 347 2498 maxima
358 2441 465 2498 mentis
486 2440 657 2513 etcorporis
671 2440 860 2497 fluctuatione
877 2440 986 2496 consti-
1039 2447 1089 2518 qni
1107 2448 1281 2504 eternaliter
1293 2449 1388 2504 entant
1408 2461 1507 2503 omues
1527 2445 1679 2517 munies
1697 2445 1729 2496 tn
1741 2458 1773 2498 ae
1796 2441 1882 2512 (Prot.

137 2536 227 2600 tntns,
241 2531 295 2586 tibi
314 2530 440 2586 scribere
453 2529 594 2602 disposui,
618 2530 687 2603 quia
700 2530 852 2586 clementia
867 2531 918 2585 Dei
941 2529 984 2585 ni·
1038 2535 1104 2606 xvi).
1120 2536 1153 2590 Et
1176 2536 1314 2608 quoniam
1333 2533 1463 2592 stadios
1484 2532 1591 2604 diffissa
1611 2534 1654 2587 erl
1676 2530 1707 2585 in
1731 2529 1884 2586 cordetuo

137 2620 194 2675 mis
226 2617 353 2690 indigeo,
378 2633 466 2689 qnam
498 2618 675 2673 innumeris.
692 2633 740 2673 me
772 2616 924 2672 offendisse
957 2620 986 2672 et
1039 2623 1130 2694 (nom.
1147 2625 1311 2696 v),rogote
1330 2621 1596 2692 iustissimisque
1621 2619 1652 2674 in
1672 2634 1772 2674 omnes
1793 2617 1884 2674 abun-

137 2706 264 2762 irritasse
282 2721 341 2761 ¹1⁰ss
364 2705 486 2777 ιιῑιῐιθεθ·
507 2704 582 2770 0⁰5⁸
605 2704 708 2776 igilur,
732 2704 917 2759 diloeiiffliffltt
938 2720 985 2758 ³0·
1039 2713 1099 2782 das,
1118 2713 1191 2768 utin
1205 2713 1285 2768 omni
1308 2712 1468 2784 diligentia,
1493 2709 1574 2765 omni
1598 2706 1749 2764 conamine
1765 2707 1884 2763 studeas

136 2811 198 2862 wls
212 2795 351 2850 veraciter
376 2796 467 2850 mum
490 2799 587 2850 mcum
612 2793 766 2857 0³⁸011⁰t12
791 2792 934 2848 sdm0110⁰
957 2797 986 2848 ci
1040 2801 1130 2856 Deum
1144 2815 1253 2872 prome
1268 2816 1396 2869 exorare,
1412 2803 1553 2872 quatenus
1571 2797 1601 2852 in
1621 2797 1675 2854 hoc
1694 2797 1797 2852 seculo
1820 2812 1885 2852 one·

137 2901 208 2957 rogo
220 2901 272 2956 per
287 2883 515 2940 misericordiam
533 2883 625 2955 ipsius
642 2882 822 2938 sanctitatem
846 2887 937 2950 tttsm,
953 2886 985 2937 ut
1039 2888 1119 2944 ribus
1136 2892 1317 2960 peccatorum
1333 2903 1463 2944 meorum
1472 2901 1583 2942 marcar
1594 2885 1731 2942 alleviari.
1745 2885 1884 2940 [lominus

138 2974 257 3030 omniuo
272 2972 345 3028 mihi
359 2971 510 3028 fluctuanti
521 2976 550 3027 ct
565 2972 600 3028 sd
621 2977 650 3026 te
664 2970 831 3042 coniugium
855 2969 983 3038 facienti,
1040 2983 1067 3032 te
1081 2976 1149 3032 illuc
1159 2977 1309 3049 perducat,
1326 2977 1377 3033 ubi
1399 2981 1442 3032 est
1465 2975 1533 3032 felix
1551 2975 1707 3043 aeternitas,
1727 2978 1756 3029 at
1775 2978 1884 3029 eterne

137 3076 256 3117 manum
280 3061 422 3132 porrigas.
437 3061 512 3116 Cura
530 3075 657 3132 namque
679 3059 733 3115 tibi
755 3059 794 3114 sit
815 3074 868 3131 pro
886 3059 982 3130 negli-
1037 3064 1307 3137 felicitas,juounda
1321 3063 1524 3137 tranquillitas,
1548 3064 1608 3120 sine
1633 3063 1688 3120 tine
1706 3061 1881 3134 jucnnditas.

138 3149 235 3220 gentia
247 3165 264 3202 a
277 3164 325 3203 me
340 3146 525 3218 removenda,
538 3147 649 3203 devotis
662 3146 795 3219 precibus
809 3146 961 3218 invigilare
975 3162 982 3203 :
1040 3153 1076 3209 ttt
1091 3152 1191 3210 sitiens
1205 3153 1322 3219 iontem,
1341 3152 1439 3208 siotna
1452 3152 1559 3223 scripta
1573 3151 1713 3207 desidero.

137 3242 166 3293 et
188 3235 333 3309 quidquid
363 3251 398 3290 ex
420 3235 597 3291 indeficienti
620 3241 650 3291 et
669 3235 777 3290 viventi
800 3234 909 3290 lumine
931 3235 984 3291 tibi
1228 3241 1432 3298 RESPONSUM
1447 3239 1691 3298 HILDEGARDtS.

137 3330 285 3381 ostensum
299 3323 387 3379 inerit
399 3324 436 3379 ad
447 3323 625 3380 excitandam
654 3322 874 3379 somnolentiam
889 3339 983 3380 meam
1109 3330 1201 3387 Illum
1217 3329 1401 3386 hortaturad
1418 3328 1663 3403 perseverantiam
1679 3327 1711 3382 in
1730 3327 1810 3382 tosio.

137 3414 210 3470 inihi
239 3413 389 3471 rescribas.
410 3412 553 3469 Concedat
574 3413 816 3468 clementissimus
841 3413 926 3481 Deus,
954 3416 984 3467 ut
1073 3419 1141 3475 otu
1155 3434 1279 3490 persona
1295 3419 1353 3474 Deo
1368 3421 1484 3489 sumpta
1507 3423 1536 3472 el
1561 3422 1713 3482 vocatees,
1738 3419 1882 3486 quatenus

137 3503 249 3575 scriptis
266 3503 325 3558 tais
342 3500 531 3557 certissimam
553 3516 606 3571 per
628 3505 656 3557 te
676 3501 904 3556 consolationem
921 3516 985 3572 per·
1038 3506 1196 3562 secundum
1218 3505 1313 3577 ipsum
1335 3504 1473 3578 opereris,
1495 3519 1563 3560 eum
1583 3502 1725 3558 imitando
1744 3502 1883 3573 quoniam

136 3592 253 3664 cipiam,
266 3596 296 3647 et
308 3596 342 3647 ut
354 3590 568 3646 intercessionis
581 3595 639 3645 tuas
653 3590 774 3646 obtentu
788 3589 832 3644 aet
848 3589 982 3646 ultimam
1040 3593 1114 3648 Dens
1142 3593 1239 3649 omnis
1264 3591 1395 3658 aedificat,
1422 3593 1496 3663 regit
1526 3595 1556 3646 ot
1579 3590 1670 3664 ungit.
1694 3589 1883 3662 Omnipotens

136 3687 253 3738 aeternae
267 3679 371 3752 quietis
380 3678 486 3735 sortiar
497 3678 691 3734 mansionem.
1038 3682 1116 3738 anim
1131 3684 1205 3739 Deus
1218 3698 1271 3754 per
1285 3680 1405 3736 verbum
1424 3695 1507 3735 suum
1516 3679 1658 3735 mundum
1668 3677 1782 3740 creavit,
1795 3691 1883 3750 quem

328 3785 534 3843 ttssspottsnu
548 3781 793 3841 fflwssssfflms,
1038 3768 1126 3825 etiam
1139 3769 1224 3842 regit,
1252 3774 1281 3825 et
1303 3767 1402 3826 omnia
1425 3767 1455 3824 in
1478 3783 1554 3841 aqua
1575 3765 1741 3835 sanctificat,
1766 3768 1883 3838 peccata

135 3875 227 3934 litum
239 3875 373 3932 bortatur
392 3874 432 3931 ad
451 3873 542 3929 vitam
564 3873 668 3932 bonam
681 3875 710 3928 02
731 3871 771 3928 aa
791 3887 895 3927 cmm
917 3870 983 3927 amn
1037 3854 1190 3912 bominum
1217 3855 1368 3913 abluendo.
1387 3856 1461 3912 Deus
1475 3871 1602 3928 namque
1619 3869 1721 3911 omnes
1737 3859 1883 3910 creaturas

494 3959 620 4000 morum.
1037 3943 1274 4013 crassitatem
1300 3943 1480 4016 gubernarit,
1501 3948 1530 4000 et
1558 3942 1707 4000 bominem
1733 3958 1798 3999 cum
1825 3943 1882 4000 iltis
1969 4009 1970 4014 .

171 4033 211 4090 ut
230 4033 328 4090 vivens
348 4033 406 4088 Lux
427 4031 520 4087 dicit:
542 4030 613 4086 Vitae
634 4029 847 4100 scripturarum
866 4029 983 4086 directae
1037 4031 1175 4102 pertudit,
1192 4030 1437 4111 quemadmodum
1453 4031 1535 4088 taber
1555 4048 1622 4088 vasa
1644 4047 1762 4104 suaper
1781 4031 1881 4103 ignem
1969 4077 1970 4102 3

135 4128 203 4179 sunt
229 4123 266 4178 ed
279 4123 422 4178 excelsum
445 4123 584 4186 montem,
599 4117 649 4174 ubi
664 4117 751 4174 flores
773 4118 983 4190 pretiosissima
1037 4119 1181 4192 elegantia
1194 4119 1271 4176 iacit.
1289 4119 1342 4176 Sed
1364 4119 1469 4176 deiude
1492 4121 1629 4191 praealtus
1650 4119 1710 4176 dies
1728 4120 1759 4176 in
1777 4120 1880 4176 obsou·
1969 4155 1970 4174 ι

135 4212 264 4264 aromata
285 4212 426 4275 crescunt,
443 4211 473 4264 et
496 4206 546 4264 ubi
569 4206 756 4263 suavissimus
776 4211 879 4263 ventus
892 4208 980 4278 volat,
1000 4213 1097 4268 liram
1112 4211 1225 4264 noctem
1240 4224 1293 4281 per
1306 4207 1530 4265 inobedientiam
1545 4209 1577 4264 in
1601 4223 1667 4264 casu
1687 4207 1756 4266 Adae
1780 4225 1811 4264 se
1834 4209 1881 4264 de-
1969 4197 1970 4288 J

134 4297 261 4353 validum
288 4298 407 4354 odorem
435 4297 477 4352 eis
506 4295 622 4364 indens,
654 4300 684 4351 et
702 4295 753 4351 ubi
780 4311 853 4350 roste
874 4299 903 4350 et
920 4295 982 4352 litia
1035 4295 1161 4364 clinavit,
1174 4301 1204 4353 et
1225 4298 1262 4354 ob
1281 4297 1336 4352 boc
1355 4295 1489 4352 homines
1511 4295 1543 4352 in
1565 4296 1690 4368 pcccatis
1712 4301 1741 4352 et
1760 4296 1791 4352 in
1808 4296 1879 4352 obti-
1969 4291 1970 4296 ’

134 4386 300 4457 splendidas
312 4387 400 4442 iacies
415 4385 581 4441 ostendunt.
600 4386 680 4441 Idem
695 4399 779 4440 mons
794 4383 903 4441 dudum
921 4399 981 4440 nou
1034 4385 1128 4452 sione,
1145 4385 1228 4456 quasi
1252 4386 1327 4441 Dens
1352 4401 1409 4440 uon
1431 4389 1514 4453 esset,
1537 4384 1680 4442 vixerunt.
1704 4384 1782 4440 Tunc
1804 4385 1879 4440 Deus

134 4479 307 4547 apparuerat
320 4477 440 4547 propter
455 4473 574 4529 umbras
586 4473 655 4529 coeci
676 4471 798 4527 virentis
812 4471 897 4541 aeris,
911 4473 981 4543 quia
1035 4489 1152 4530 omnem
1174 4477 1281 4529 terram
1311 4489 1363 4546 per
1385 4488 1474 4546 equas
1492 4472 1599 4528 'diluvii
1621 4472 1656 4528 de
1680 4472 1878 4528 criminalibus
1969 4493 1970 4516 ι

133 4565 222 4620 etiam
234 4564 323 4620 Filius
337 4560 475 4619 ditissimi
485 4559 766 4617 mnndumnondum
776 4561 978 4617 illustraverat.
1034 4555 1156 4633 peccatis
1170 4560 1323 4617 bominum
1337 4561 1490 4618 inundavit
1503 4562 1579 4631 (deu.
1598 4561 1659 4631 vu),
1677 4563 1705 4615 et
1724 4560 1765 4614 sic
1786 4561 1877 4615 sancti
1969 4561 1970 4630 j

131 4651 211 4708 Tunc
223 4651 271 4708 Sol
285 4650 534 4719 venitdeeurora‚
551 4649 692 4705 mnndum
707 4647 978 4716 buncilluminans,
1034 4651 1130 4706 atter
1161 4653 1190 4706 et
1213 4651 1360 4722 prophete
1379 4653 1573 4706 surrexerunt.
1596 4647 1753 4704 Novissime
1779 4652 1877 4704 sutem
1969 4701 1970 4730 ,

132 4747 161 4798 et
184 4756 285 4797 omnes
310 4739 413 4812 populi
434 4738 570 4794 videramt
592 4743 719 4793 aromata
749 4736 837 4792 illins.
862 4737 897 4791 nt
918 4737 979 4792 dies
1034 4737 1122 4793 Filius
1152 4737 1203 4793 Dei
1229 4738 1318 4806 venit,
1348 4753 1435 4810 quem
1461 4753 1520 4793 non
1545 4736 1673 4804 decebat,
1689 4735 1766 4792 utin
1783 4751 1874 4792 vacuo
1969 4757 1970 4806 1

134 4829 215 4886 ratde
230 4833 350 4884 ornatus
364 4831 418 4896 est,
433 4832 463 4882 et
475 4826 568 4882 dulcis
582 4840 682 4880 rumor
698 4828 779 4880 ortus
801 4828 853 4880 est.
880 4823 905 4880 0
926 4839 978 4895 pa·
1032 4829 1163 4897 tempore
1179 4825 1296 4893 adesset,
1315 4826 1417 4899 inquo
1433 4825 1543 4909 pullam
1556 4823 1697 4896 justitiam
1721 4823 1874 4889 inveniret,

132 4924 232 4988 stores,
252 4934 329 4974 nunc
343 4914 541 4990 plangendum
556 4919 585 4970 st
606 4913 764 4986 lugendum
782 4918 826 4970 est
848 4912 924 4986 quod
946 4913 978 4968 in
1033 4914 1106 4970 sicut
1119 4914 1205 4970 etiem
1226 4913 1314 4969 bomo
1329 4918 1438 4969 creatus
1452 4929 1511 4970 non
1531 4916 1582 4981 est,
1609 4918 1763 4985 antequem
1781 4911 1876 4967 omnis
1969 4915 1970 4930 ¹

132 5012 232 5062 nostro
245 5011 375 5078 tempore
389 5019 472 5060 mons
486 5003 550 5058 istis
571 5001 737 5074 nigerrimis
751 5002 865 5058 nebulis
886 5005 977 5058 tectus
1032 5006 1161 5060 creatura
1174 5019 1239 5058 eum
1254 5001 1431 5058 ostendebat.
1446 5001 1501 5058 Sed
1515 5006 1544 5057 et
1559 5001 1647 5057 lilius
1670 4999 1722 5058 Dei
1737 5001 1828 5068 renit,
1844 5005 1877 5057 ut

131 5100 185 5163 est,
198 5095 239 5151 ita
254 5100 286 5150 nt
300 5095 392 5150 bonus
406 5092 477 5149 odor
490 5107 524 5147 ex
539 5106 574 5146 eo
588 5106 648 5146 non
663 5091 798 5146 redoleat.
822 5093 863 5147 'in
879 5094 977 5146 autem
1031 5094 1124 5148 totum
1147 5090 1289 5146 mundum
1314 5106 1366 5162 per
1384 5089 1589 5159 obedientiam,
1611 5105 1665 5161 per
1680 5090 1805 5146 chrisma
1829 5089 1877 5146 ba-

131 5188 192 5239 esto
216 5187 315 5255 pastor
336 5181 429 5238 boans
455 5185 484 5238 at
506 5179 614 5236 nobilis
634 5179 664 5235 in
688 5178 824 5234 moribus.
850 5179 883 5234 ut
903 5179 977 5234 sicut
1030 5178 1183 5252 ptismetis,
1200 5183 1229 5234 et
1242 5194 1294 5251 per
1316 5177 1516 5250 poenitentiam
1539 5179 1705 5236 redimeret.
1727 5180 1809 5236 Nunc
1830 5186 1874 5248 tu,

131 5272 228 5344 aquila
242 5271 273 5326 in
293 5272 383 5327 solem
403 5271 492 5340 videt,
508 5269 549 5325 sic
564 5268 715 5324 recordare
738 5271 769 5322 et
792 5267 901 5338 respice
926 5266 976 5322 nbi
1030 5266 1347 5338 opaslorprosido,ne
1361 5267 1464 5339 puerili
1479 5272 1619 5340 tempore,
1634 5267 1875 5340 qnodbominum

130 5359 224 5434 possis
235 5360 336 5433 pigros
347 5364 376 5415 et
390 5359 558 5432 peregrinos
580 5356 617 5414 ad
634 5355 758 5430 patriam
780 5370 924 5424 revocare,
947 5359 976 5411 el
1030 5355 1129 5423 nascit,
1145 5355 1197 5424 sis;
1215 5357 1339 5412 sedeslo
1355 5355 1531 5430 intempore
1552 5359 1698 5429 justornm
1721 5362 1751 5414 et
1764 5362 1875 5414 sanein

128 5448 247 5523 aliquod
259 5448 359 5507 lumen
374 5447 442 5504 bnic
449 5447 558 5506 mundo
570 5445 711 5513 conterre,
721 5447 865 5517 quatem
879 5442 977 5501 anima
1030 5459 1107 5514 rum,
1121 5449 1152 5501 et
1164 5444 1196 5501 in
1209 5443 1371 5502 ostensione
1383 5443 1602 5518 prophetarum,
1616 5444 1648 5503 in
1668 5446 1804 5520 operibns
1816 5446 1875 5504 tais
