3984 6034
88 142 146 199 985
399 139 504 196 LIBER
521 137 676 194 nlvlrtoa.
696 138 801 195 OPER.
822 138 995 196 staetlcls
1014 137 1204 195 florini&-
1214 137 1303 194 PARS
1321 137 1369 205 lll,
1391 135 1480 192 visto
1501 135 1542 192 lll.
1792 138 1846 193 986

89 268 157 324 titia
174 268 276 325 linitur
300 271 329 322 et
346 263 460 338 justitia
489 264 590 331 oritur,
609 251 752 337 sapientia
772 281 848 322 verae
868 266 939 322 bea·
956 267 1129 335 hluminat,
1162 267 1259 323 nullus
1294 266 1365 322 dum
1402 267 1517 325 mortali
1553 284 1674 341 corpore
1710 274 1848 341 gravatur

87 357 227 413 titudinis
243 354 453 419 manifestatur,
476 354 559 425 cnjus
577 353 695 409 initiam
709 354 818 410 ellinis
839 356 943 411 huma·
996 356 1093 413 ridere
1116 360 1221 427 potest,
1243 370 1309 411 cum
1331 370 1385 411 nec
1404 357 1501 428 angeli
1526 356 1653 429 aspectui
1677 358 1702 429 ej
1710 374 1743 413 us
1771 374 1846 415 aem-

88 460 166 501 num
195 445 375 501 intellectum
395 447 542 514 superant,
567 442 636 514 quia
662 442 763 499 eadem
787 444 851 499 luce
874 459 945 515 prm
997 462 1050 517 per
1073 444 1235 501 assistentes
1255 443 1351 515 ipsum
1375 444 1521 501 adfinem
1545 447 1705 517 perducere
1722 447 1847 515 valeant,

87 533 220 591 seientia
233 547 292 605 qua
312 530 490 603 principium
504 531 600 602 operis
622 530 669 587 sui
690 531 825 603 inspexit,
841 532 944 589 eadem
998 550 1064 599 curn
1089 533 1228 606 inspicere
1248 532 1361 589 assidue
1384 533 1590 603 desiderantes,
1610 535 1749 607 quoniam
1771 537 1848 592 Deus

88 626 123 676 et
151 622 240 678 fluam
271 620 334 691 ejus
362 619 503 689 previdit.
536 621 649 676 Vestem
680 624 778 676 autem
802 620 886 693 quasi
909 638 944 677 ex
998 622 1111 679 claritas
1125 622 1175 677 illa
1190 626 1242 689 cst,
1263 637 1328 694 quse
1350 636 1402 675 nec
1423 638 1484 676 esse
1507 622 1623 693 incoepit
1643 639 1697 680 nec
1715 622 1844 681 linietur.

87 710 160 765 albo
175 708 266 764 serico
286 707 392 776 induit,
408 708 547 779 quoniam
566 708 716 765 hominem
731 708 762 764 in
778 710 945 765 candoreet
998 712 1030 765 ln
1056 710 1266 765 medicantem
1298 709 1405 763 renuis
1428 708 1520 780 ipsius
1543 716 1630 781 caput
1652 711 1779 767 hominis
1802 728 1846 767 ca·

94 797 237 853 suamute
267 794 429 852 dilectionis
449 796 636 867 amplectens,
657 796 745 852 etianr
766 798 870 855 Filium
895 798 945 853 uei
996 798 1084 870 pillos
1099 813 1185 853 canos
1208 797 1385 868 barbamque
1403 796 1512 851 hahens
1534 801 1663 869 apparet,
1677 798 1845 869 significans

91 884 126 940 iu
149 886 251 940 decore
270 882 442 955 virginitatis
472 883 653 940 incarnatum
675 885 799 941 ostendit
821 892 851 941 et
871 902 945 958 quo·
998 887 1077 959 quod
1102 885 1331 958 inperfectione
1358 901 1479 956 operum
1503 886 1554 941 Dei
1576 886 1727 959 antiquum
1752 887 1846 944 consi-

91 972 184 1029 modo
207 973 260 1027 hoc
278 972 361 1027 lieret
383 971 494 1027 homini
516 970 650 1043 ignotum
663 978 716 1042 est,
732 972 782 1028 sed
796 974 858 1029 sola
871 972 945 1029 divi-
998 976 1070 1032 lium
1089 976 1126 1031 ad
1151 974 1337 1031 salvationem
1358 973 1483 1029 hominis
1505 974 1569 1043 luit,
1594 991 1730 1046 magnam
1753 976 1849 1048 digui-

91 1061 170 1116 nitas
190 1061 246 1116 hoc
266 1059 355 1115 novit.
382 1062 413 1114 Et
435 1059 535 1116 viridis
556 1060 660 1116 coloris
679 1061 803 1132 desuper
816 1060 945 1117 tunicam
999 1068 1086 1121 tatem
1106 1063 1286 1119 rectitudinis
1305 1063 1337 1118 in
1358 1078 1387 1117 se
1411 1062 1575 1132 ostendeus,
1593 1078 1680 1134 quam
1700 1078 1786 1120 nemo
1802 1064 1848 1120 di·

90 1152 191 1218 habet,
216 1166 282 1223 quas
303 1149 424 1205 diversis
448 1149 612 1219 margaritis
633 1149 742 1222 ubique
766 1155 868 1205 ornata
892 1166 945 1221 ap·
998 1168 1153 1209 numerare
1180 1167 1233 1207 nec
1256 1150 1501 1223 comprehendere
1527 1154 1630 1223 potest,
1657 1150 1848 1223 quemadmo-

93 1246 187 1314 paret,
215 1241 285 1313 quia
309 1240 396 1295 etiam
426 1238 580 1295 exteriores
603 1244 759 1309 creaturas,
790 1240 898 1296 scilicet
913 1240 945 1297 in
998 1241 1198 1297 domicilium
1221 1244 1250 1296 et
1270 1239 1337 1295 linis
1361 1244 1432 1294 rotae
1455 1254 1520 1311 quae
1540 1240 1682 1311 aequalem
1707 1239 1849 1297 circulum
1904 1294 1913 1305 ,

90 1346 160 1386 aere
185 1331 324 1395 volantes,
344 1334 374 1383 et
395 1328 427 1382 iu
448 1332 527 1383 terra
552 1328 745 1395 ambulantes,
761 1345 811 1384 sen
826 1333 946 1401 reptan-
999 1330 1094 1400 habet,
1125 1331 1162 1386 ab
1192 1329 1311 1386 homine
1343 1328 1470 1384 discerni
1496 1344 1554 1383 non
1578 1329 1722 1400 prevalet.
1748 1328 1849 1385 Nullus

90 1425 147 1486 tes,
181 1434 215 1473 ac
244 1418 275 1473 in
307 1416 390 1489 aquis
417 1421 562 1485 natantes,
587 1432 714 1487 quorum
738 1417 857 1491 spiritus
878 1433 946 1473 cum
1000 1418 1079 1475 enim
1101 1419 1190 1483 horno
1204 1417 1274 1473 illud
1290 1418 1374 1473 linire
1394 1421 1498 1488 potest,
1515 1417 1593 1489 quod
1607 1416 1705 1489 augeli
1719 1432 1848 1483 compre·

89 1522 179 1563 carne
203 1501 349 1574 deliciunt,
373 1504 517 1577 sapientia
537 1521 595 1561 nou
619 1505 727 1578 abjicit,
750 1507 871 1562 sedeas
893 1521 945 1560 ve·
999 1507 1126 1563 bendere
1149 1510 1306 1577 nequeunt,
1324 1506 1392 1577 quia
1406 1505 1551 1560 aeteruitas
1575 1510 1640 1561 ante
1655 1505 1734 1576 ipsos
1748 1520 1847 1576 aeqaa·

91 1599 173 1667 getat
194 1599 224 1651 et
248 1592 364 1663 retinet,
396 1591 535 1665 quoniam
569 1593 719 1649 servitium
750 1593 861 1651 homini
890 1594 944 1649 im·
963 1562 1200 1653 Bliterrolendo
1215 1599 1245 1650 et
1264 1593 1438 1667 perficiendo
1459 1593 1524 1662 luit,
1542 1608 1596 1648 nec
1618 1592 1697 1648 illius
1711 1591 1753 1647 rei
1767 1591 1849 1663 eguit

92 1684 237 1755 pendunt,
251 1686 280 1737 et
293 1680 330 1736 ab
348 1680 390 1736 eis
410 1680 547 1753 pascitur,
564 1686 594 1737 et
616 1683 705 1738 etiam
725 1683 787 1755 ipse
807 1684 883 1739 velut
901 1699 946 1739 or·
999 1684 1135 1757 quoniam
1159 1698 1273 1755 semper
1305 1682 1391 1755 plena
1417 1682 1480 1737 luit.
1506 1682 1586 1737 Unde
1609 1686 1640 1737 et
1661 1680 1738 1736 idem
1761 1685 1848 1751 capnt

94 1776 179 1827 natus
192 1770 225 1826 in
238 1769 403 1841 margaritis
418 1769 548 1840 ejusdem
559 1770 710 1842 sapientiae
724 1772 861 1839 existunt,
878 1787 945 1828 cum
998 1774 1123 1829 formam
1150 1770 1271 1827 humani
1302 1770 1403 1843 capitis
1435 1770 1532 1840 habet,
1559 1769 1629 1842 quia
1657 1770 1733 1826 lleus
1756 1766 1848 1824 homi·

92 1864 227 1916 naturam
251 1873 333 1914 snam
356 1874 414 1913 non
434 1858 577 1914 excedunt
596 1864 630 1915 ut
651 1860 771 1916 homine
796 1861 945 1917 multoties
999 1878 1066 1918 uem
1084 1861 1119 1917 ad
1136 1860 1293 1933 imaginem
1315 1864 1344 1915 et
1365 1859 1587 1917 similitudinem
1610 1874 1693 1913 suam
1717 1858 1795 1923 lecit,
1819 1860 1848 1913 et

92 1951 201 2002 rectam
223 1944 278 2001 sibi
298 1944 461 2000 institutum
488 1944 565 2001 viam
591 1948 833 2019 transgrediente.
851 1952 945 2019 dtqne
998 1954 1168 2022 potestatem
1192 1948 1332 2020 operandi
1355 1946 1398 2003 illi
1422 1946 1504 2003 dedit
1527 1950 1669 2018 quatenus
1693 1946 1770 2017 quod
1794 1944 1846 2001 bo·

92 2035 227 2091 velutin
255 2034 372 2089 auribus
399 2032 525 2103 inaures,
550 2033 582 2089 iu
609 2040 727 2107 pectore
754 2036 883 2105 monilia,
913 2036 945 2093 in
998 2053 1069 2094 num
1090 2042 1133 2093 est
1154 2040 1333 2109 operaretur,
1355 2037 1578 2108 Creatoremqne
1602 2050 1686 2089 suum
1703 2034 1846 2101 laudaret,

92 2122 219 2180 brachiis
237 2136 305 2179 rero
326 2121 454 2178 armillas
480 2129 586 2195 portat,
605 2140 671 2197 quae
690 2126 788 2181 omnia
810 2127 888 2183 velut
909 2142 944 2185 ex
998 2142 1051 2183 nec
1072 2126 1152 2183 illius
1170 2125 1394 2188 oblivisceretur,
1422 2126 1480 2179 lleo
1506 2122 1613 2179 etenim
1633 2122 1730 2177 nullus
1745 2119 1848 2177 similis

92 2211 251 2285 purissimo
279 2226 350 2266 anre
380 2214 457 2280 suut,
491 2212 624 2284 pretiosis
656 2214 800 2286 lapidibus
830 2222 942 2286 ornata,
998 2222 1049 2286 est,
1070 2232 1124 2273 nec
1145 2231 1207 2271 esse
1227 2219 1339 2287 potest3
1361 2214 1412 2269 aed
1439 2212 1492 2286 qui
1516 2212 1558 2269 illi
1576 2211 1728 2267 assimilari
1757 2209 1848 2266 voluit

93 2300 233 2373 quoniam
258 2314 361 2356 omnes
376 2304 515 2356 creatura
541 2300 584 2356 illi
602 2301 753 2371 obediant,
784 2310 944 2376 praecepto·
996 2306 1109 2362 deletus
1123 2308 1176 2372 est,
1199 2303 1267 2376 quia
1285 2302 1340 2359 hoc
1363 2318 1424 2357 esse
1448 2316 1508 2356 non
1530 2300 1640 2357 debuit.
1664 2300 1734 2355 Cum
1750 2302 1848 2353 auteur

93 2404 219 2462 rumque
244 2388 336 2460 ipsius
357 2388 553 2444 recordantur.
571 2389 651 2445 Unde
671 2390 759 2446 etiam
773 2407 862 2464 opera
882 2393 945 2463 ejus
999 2396 1074 2451 Deus
1095 2394 1230 2450 virtutem
1257 2406 1338 2448 suam
1360 2394 1493 2462 potenter
1516 2390 1670 2445 ostendere
1690 2387 1788 2453 voluit,
1816 2386 1848 2443 iu

95 2476 354 2549 comprehensione
370 2476 559 2547 plenitudinis
574 2477 616 2533 ita
630 2479 813 2549 muniuntur,
832 2484 865 2535 ut
878 2481 944 2535 nul·
998 2486 1095 2541 atrurn
1117 2480 1241 2554 Virginis
1267 2479 1401 2551 respexit,
1426 2484 1455 2535 at
1475 2478 1548 2535 sicut
1568 2478 1598 2533 lu
1613 2478 1659 2532 die
1675 2476 1847 2548 septimoeb

97 2568 126 2622 la
141 2570 272 2621 creatura
300 2565 341 2620 ita
364 2564 534 2636 imperfecta
558 2566 605 2634 sit,
634 2567 713 2639 quod
733 2567 760 2622 ei
783 2567 945 2640 quidquam
1000 2572 1079 2628 omni
1095 2586 1182 2643 opere
1197 2586 1250 2625 suo
1269 2569 1420 2641 requievit,
1436 2566 1642 2638 hominemque
1657 2564 1761 2621 deinde
1776 2579 1848 2635 ope·

97 2657 130 2711 in
153 2659 257 2710 natura
278 2668 331 2709 sua
354 2652 437 2721 desit,
453 2654 525 2725 quin
545 2654 755 2725 plenitudinem
774 2656 863 2712 totius
882 2672 946 2728 per·
1000 2661 1058 2718 rari
1082 2659 1217 2725 instituit,
1237 2658 1278 2714 ita
1300 2662 1329 2713 et
1351 2657 1455 2713 Filium
1472 2671 1556 2711 suum
1579 2656 1610 2710 in
1624 2658 1706 2709 utero
1723 2650 1848 2725 Virginis

95 2742 230 2799 lectionis
253 2747 284 2797 et
314 2740 446 2797 utilitatis
473 2742 504 2796 in
528 2758 560 2797 se
587 2743 708 2811 habeat3
729 2750 759 2799 et
779 2744 820 2799 sic
846 2745 946 2801 omnia
998 2749 1179 2821 requiescere
1200 2745 1327 2803 lecitcni
1348 2750 1377 2800 et
1392 2760 1478 2801 omne
1499 2758 1573 2816 opus
1588 2758 1673 2797 suum
1691 2741 1845 2797 commisit.

97 2847 164 2903 qum
182 2847 235 2899 per
257 2829 429 2902 sapientiam
452 2836 654 2901 processerunt
677 2832 708 2887 in
732 2832 784 2887 illa
803 2833 941 2905 quemad·
963 2837 1068 2894 cllum
1094 2837 1217 2909 Spiritus
1241 2838 1355 2891 sanctus
1376 2832 1432 2889 leni
1454 2833 1548 2888 calore
1571 2847 1624 2886 suo
1647 2846 1763 2887 carnem
1786 2830 1846 2884 Vir-

94 2920 217 2975 mcdum
242 2918 413 2991 purissimas
442 2923 472 2974 et
502 2919 732 2991 elegantissimus
753 2922 839 2977 decor
866 2926 942 2988 sunt,
998 2927 1074 2999 ginis
1092 2926 1200 2997 absque
1219 2923 1299 2979 omni
1322 2922 1454 2978 incendio
1479 2926 1574 2977 motus
1592 2919 1715 2975 carnalis
1736 2917 1845 2973 virite-

93 3007 327 3080 splendidissimo
341 3023 458 3079 quoque
480 3008 591 3080 fulgore
611 3009 743 3065 esseutiae
766 3026 826 3066 sues
848 3011 945 3067 lucen·
996 3015 1074 3089 tigit,
1090 3013 1336 3087 quemadmodum
1359 3027 1406 3067 ros
1430 3026 1517 3082 super
1537 3024 1658 3081 gramen
1681 3006 1785 3063 leniter
1798 3022 1845 3061 ca·

96 3097 145 3153 tia.
170 3097 261 3152 Homo
285 3095 373 3151 etiam
405 3095 553 3167 complens
575 3102 719 3170 precepta
741 3099 944 3155 mandatorum
998 3103 1052 3171 dit,
1072 3103 1114 3158 ita
1134 3106 1166 3157 ut
1179 3101 1232 3157 llos
1254 3101 1362 3157 scilicet
1383 3099 1471 3155 Filius
1495 3098 1546 3153 llei
1567 3097 1598 3152 in
1617 3111 1703 3151 carne
1717 3095 1847 3166 ejusdem

97 3185 160 3252 llei,
178 3184 265 3239 vestis
285 3183 407 3239 candida
425 3188 458 3239 et
476 3184 571 3240 ouans
596 3185 746 3257 sapientie
768 3190 822 3256 est,
837 3188 943 3243 viride·
997 3190 1121 3262 Virginis
1157 3190 1280 3245 formam
1308 3188 1433 3243 hominis
1474 3191 1644 3250 assumeret,
1687 3183 1739 3255 qui
1758 3182 1847 3238 etium

95 3288 154 3345 qne
174 3271 376 3329 indumentum
401 3286 454 3343 per
474 3272 580 3329 bonam
599 3273 819 3331 intentationem
834 3282 862 3331 et
876 3276 944 3331 viri·
997 3280 1089 3335 multa
1120 3278 1275 3335 tolerantia
1305 3282 1425 3349 propter
1459 3275 1611 3331 hominem
1639 3272 1763 3327 erimina
1784 3271 1847 3342 01⁰⁸

94 3362 214 3419 ditatam
243 3376 365 3433 operum
387 3361 567 3418 multimodis
588 3363 742 3419 virtutibus
762 3371 943 3436 ornatorum,
998 3366 1143 3423 susunait.
1179 3367 1249 3421 llam
1277 3367 1308 3421 in
1339 3363 1555 3421 circumcisione
1580 3378 1632 3419 sua
1660 3376 1714 3433 per
1739 3358 1847 3432 baptis·

94 3452 269 3521 auriumque
296 3448 375 3505 illius
396 3448 490 3518 decor,
516 3465 582 3506 cunr
611 3468 644 3512 se
668 3453 706 3508 ah
730 3453 830 3509 auditu
853 3456 945 3510 mala·
999 3470 1079 3511 mum
1103 3454 1252 3510 hominem
1279 3454 1463 3524 purgandum
1487 3450 1659 3523 designavit,
1680 3453 1709 3503 ct
1725 3448 1757 3503 in
1778 3462 1847 3519 pas-

94 3554 163 3593 rum
184 3537 427 3605 susurrationum,
460 3537 573 3608 avertit,
606 3541 731 3612 pectoris
754 3542 816 3613 ejus
847 3543 944 3598 muni·
998 3545 1080 3601 sione
1103 3541 1187 3598 acin
1208 3546 1301 3596 morte
1317 3556 1369 3595 sua
1387 3541 1470 3595 illum
1485 3540 1520 3595 de
1536 3537 1734 3595 criminalibus
1746 3550 1847 3609 pecca·

95 3625 148 3694 tio,
181 3642 248 3681 cum
284 3624 386 3681 illicita
421 3625 562 3681 desideria
593 3628 725 3701 negligit,
761 3628 945 3685 brachiorum
998 3634 1036 3689 tis
1047 3628 1263 3698 redimendum,
1283 3645 1316 3684 ac
1339 3628 1371 3684 in
1393 3627 1559 3684 ascensione
1573 3642 1624 3681 aua
1638 3626 1732 3697 ipsum
1749 3624 1847 3680 creles·

96 3729 215 3786 qaoqne
228 3713 319 3785 ipsius
342 3714 438 3770 honor
455 3714 635 3771 fortitudinis
647 3722 700 3786 est,
721 3732 788 3789 cum
801 3734 818 3771 a
830 3722 946 3789 peccato
998 3721 1021 3776 ti
1045 3734 1134 3791 regno
1156 3718 1356 3774 associandum
1382 3714 1600 3781 demonstravit,
1624 3719 1711 3785 atque
1728 3711 1774 3767 his
1789 3726 1848 3766 mo-

96 3800 237 3871 delendit,
258 3801 328 3874 quia
349 3801 447 3858 omnia
465 3803 527 3858 herc
552 3819 587 3859 ax
609 3803 735 3874 puritate
754 3804 823 3861 ddci
843 3805 945 3859 oriun·
999 3808 1043 3865 dis
1066 3822 1220 3863 numerum
1236 3807 1388 3862 beatorum
1411 3820 1503 3875 usquc
1519 3803 1554 3858 ad
1569 3800 1752 3857 tremendum
1773 3804 1847 3855 tem·

95 3896 154 3957 tur,
189 3890 423 3962 profundissimis
456 3891 539 3946 donis
566 3892 655 3947 sancti
694 3891 828 3963 Spiritus,
861 3892 946 3963 justi·
999 3911 1054 3969 pus
1073 3892 1175 3967 judicii
1197 3891 1363 3963 complebit.
1389 3892 1423 3945 llt
1441 3890 1529 3961 pedes
1548 3888 1693 3960 predictas
1713 3884 1849 3957 imaginis

97 3977 237 4051 simisque
269 3980 418 4052 scripturis
441 3981 590 4037 doctorum
624 3982 768 4049 decorata,
795 3982 846 4038 ubi
873 3982 946 4039 lide·
999 3982 1221 4039 similitudinem
1242 3981 1351 4053 pedum
1372 3978 1464 4035 leonis
1490 3978 1643 4034 imitantur
1663 3975 1848 4047 designantes

97 4066 134 4122 lis
148 4067 234 4123 homo
250 4066 334 4123 bonis
346 4067 483 4139 operibus
496 4068 545 4124 illa
557 4069 687 4141 perfecit.
1000 4072 1077 4147 quod
1101 4074 1176 4127 usus
1205 4071 1382 4126 divinitatem
1404 4084 1486 4124 suam
1520 4066 1687 4124 hominibus
1717 4064 1847 4137 quandiu

99 4154 179 4221 Quod
200 4155 297 4211 altera
323 4156 485 4285 §mmm
511 4156 735 4230 omnipotentem
753 4160 846 4215 Deam
872 4158 946 4215 deai-
966 4128 1136 4220 Dmortales
1150 4170 1218 4215 sunt
1240 4158 1396 4227 abscondit,
1418 4157 1522 4231 quibus
1547 4154 1689 4211 tamenin
1706 4152 1848 4225 legalibus

190 4230 210 4294 t,
230 4229 259 4281 et

132 4242 337 4441 fferam&
351 4297 717 4443 mzffiffffipoa
741 4387 770 4425 m
792 4302 946 4427 &adm
999 4338 1099 4394 tendit.
1125 4338 1193 4401 Quae
1211 4336 1328 4391 tandem
1345 4334 1443 4391 omnia
1463 4349 1515 4406 per
1535 4332 1638 4388 Filium
1666 4346 1750 4386 suum
1770 4329 1854 4383 velut

132 4436 229 4492 denter
243 4437 416 4511 exprimant.
999 4442 1064 4480 cum
1089 4425 1209 4497 pedibus
1228 4425 1343 4479 leonum
1365 4422 1400 4479 ad
1425 4438 1455 4477 se
1476 4420 1581 4488 trahet,
1610 4425 1639 4474 et
1661 4416 1846 4479 examinabit,

133 4526 178 4581 lll.
203 4526 258 4583 Sed
280 4527 363 4600 quasi
390 4528 422 4583 in
457 4528 552 4585 inedie
583 4528 712 4601 ojusdm
736 4529 945 4601 „prgntrionffi
999 4513 1039 4569 ita
1053 4516 1087 4567 ut
1100 4515 1161 4567 tota
1174 4517 1252 4566 terre
1273 4510 1460 4575 concutiatur,
1489 4512 1518 4563 et
1532 4508 1847 4603 firmamentumtever-

96 4614 131 4669 ¹1³
152 4616 245 4686 Ναθῶ
269 4615 348 4671 vides
369 4617 454 4673 aliam
474 4617 642 4689 imaginem,
664 4622 787 4673 erectam
811 4623 944 4686 stentem,
999 4605 1088 4666 tetur,
1107 4605 1135 4655 at
1152 4598 1281 4655 mortalis
1296 4600 1384 4654 homo
1400 4598 1440 4653 sic
1458 4597 1547 4653 tinem
1569 4596 1689 4661 habens,
1705 4598 1847 4650 rationem

96 4703 279 4776 formamque
303 4704 466 4762 mirabilem
490 4707 657 4775 habentem,
678 4723 743 4780 quoe
764 4716 866 4763 contra
882 4706 946 4762 lor·
1000 4689 1035 4745 (1⁰
1051 4689 1186 4761 ΟΜΝΗ
1208 4687 1266 4743 ⁵⁰5⁵
1287 4687 1397 4755 reddat,
1422 4686 1471 4741 Ubi
1487 4690 1516 4741 tt
1536 4685 1640 4741 Filium
1662 4682 1714 4738 1)θὶ
1724 4682 1846 4737 immm-

96 4792 250 4849 titudinem
273 4792 469 4868 injustamque
500 4797 723 4853 estimationem
749 4797 862 4869 antiqui
887 4812 947 4852 ser·
999 4776 1215 4833 “lemtidflbib

96 4881 203 4953 pontis,
223 4881 452 4954 omnipotentem
475 4884 565 4940 lleum
588 4885 728 4957 designat,
748 4886 781 4942 in
797 4886 946 4958 majestate
999 4882 1141 4958 Quomodo
1157 4898 1208 4939 sec
1224 4881 1282 4938 alis
1302 4882 1401 4939 endem
1414 4880 1510 4953 imago
1524 4877 1744 4936 circumamicta
1756 4892 1847 4949 uppa-

97 4984 149 5024 sua
168 4969 366 5027 invincibilem
397 4976 427 5027 et
454 4971 486 5027 in
509 4972 663 5029 virtutibus
687 4975 747 5030 suis
770 4975 944 5044 mirabilem,
1149 4952 1287 5022 'umbe‘
1300 4952 1370 5025 ΨΜ
1378 4949 1692 5025 mimmii&-

98 5059 235 5129 quoniam
260 5058 486 5132 profunditatem
520 5062 722 5133 mysteriorum
754 5063 817 5135 ejus
848 5064 946 5119 nullus
1037 5060 1081 5116 lV.
1103 5060 1157 5116 Sed
1179 5066 1207 5115 et
1221 5076 1268 5115 sex
1282 5060 1342 5115 alas
1357 5060 1453 5127 habet,
1471 5074 1537 5130 qum
1559 5072 1607 5112 sex
1622 5056 1734 5112 dierum
1757 5070 1846 5127 opera

97 5147 135 5202 ad
150 5148 239 5203 linem
259 5148 418 5221 perducere
439 5153 542 5221 potest
559 5152 593 5205 ln
611 5151 692 5223 cnjus
706 5152 881 5220 summitate,
895 5152 946 5208 ubi
1000 5154 1075 5213 sunt,
1100 5148 1131 5204 in
1153 5149 1258 5221 quibus
1282 5148 1369 5204 homo
1393 5150 1482 5204 Deum
1510 5146 1667 5201 invocando
1693 5144 1802 5212 laudat,
1817 5150 1846 5202 et

98 5238 177 5292 locus
198 5238 300 5311 capitis
328 5238 390 5309 ejus
411 5252 473 5293 esse
494 5237 619 5309 deberet,
650 5244 733 5295 tanta
751 5240 865 5297 claritas
886 5241 946 5298 lul·
1000 5239 1127 5310 seipsum
1152 5238 1295 5309 adjutorio
1317 5236 1369 5292 liei
1396 5240 1557 5309 procurat;.
1572 5248 1694 5307 quarum
1717 5234 1783 5290 duos
1810 5234 1845 5290 ab

98 5326 175 5397 goris
198 5326 301 5396 radiat,
320 5330 354 5382 ut
375 5326 453 5382 idem
473 5326 568 5401 hilgor
591 5330 683 5385 visum
704 5335 787 5387 tuum
809 5346 945 5401 repercu·
999 5326 1127 5383 humeris
1150 5342 1264 5382 sursum
1285 5324 1479 5392 ascendentes,
1504 5329 1533 5380 et
1554 5340 1585 5379 se
1609 5327 1791 5380 recurvantes
1809 5324 1845 5381 ad

98 5413 160 5485 tiat,
183 5416 250 5487 quia
282 5415 479 5472 excellentiam
503 5416 671 5489 divinitatis,
704 5434 769 5492 qun
788 5419 888 5474 omnia
909 5418 944 5475 il·
999 5416 1120 5473 invicem
1147 5432 1177 5472 se
1209 5414 1398 5488 conjungunt,
1432 5414 1654 5486 predictamque
1684 5412 1844 5473 claritatem

438 4227 489 4285 ’ἴω
507 4229 613 4284 ‘'illm‘’
628 4229 745 4311 Pallfflb
765 4230 836 4301 imis
855 4230 947 4313 ΜΨ·
999 4249 1160 4321 presceptis,
1184 4254 1214 4304 et
1236 4248 1267 4303 iu
1290 4247 1356 4302 aliis
1376 4246 1514 4317 creaturis
1541 4243 1667 4315 plurima
1695 4242 1771 4297 bona
1800 4257 1845 4295 os·
1940 4301 1953 4311 ,
