<?xml version="1.0" encoding="UTF-8"?>
<!DOCTYPE html PUBLIC "-//W3C//DTD XHTML 1.0 Transitional//EN"
    "http://www.w3.org/TR/xhtml1/DTD/xhtml1-transitional.dtd">
<html xmlns="http://www.w3.org/1999/xhtml" xml:lang="en" lang="en">
 <head>
  <title>
</title>
<meta http-equiv="Content-Type" content="text/html;charset=utf-8" />
  <meta name='ocr-system' content='tesseract 3.04.00' />
  <meta name='ocr-capabilities' content='ocr_page ocr_carea ocr_par ocr_line ocrx_word'/>
</head>
<body>
  <div class='ocr_page' id='page_1' title='image "./patrologiaecurs125unkngoog/patrologiaecurs125unkngoog_0066.png"; bbox 0 0 3984 6034; ppageno 0'>
   <div class='ocr_carea' id='block_1_1' title="bbox 130 153 1882 212">
    <p class='ocr_par' dir='ltr' id='par_1_1' title="bbox 130 153 1882 212">
     <span class='ocr_line' id='line_1_1' title="bbox 130 153 1882 212; baseline -0.001 0"><span class='ocrx_word' id='word_1_1' title='bbox 130 159 179 212; x_wconf 76' lang='lat'>{23</span> <span class='ocrx_word' id='word_1_2' title='bbox 855 154 883 209; x_wconf 88' lang='lat' dir='ltr'>S.</span> <span class='ocrx_word' id='word_1_3' title='bbox 904 153 1153 212; x_wconf 76' lang='lat' dir='ltr'>utcuucnuuls.</span> <span class='ocrx_word' id='word_1_4' title='bbox 1829 155 1882 212; x_wconf 76' lang='lat' dir='ltr'>tat</span> 
     </span>
    </p>
   </div>
   <div class='ocr_carea' id='block_1_2' title="bbox 127 267 1881 362">
    <p class='ocr_par' dir='ltr' id='par_1_2' title="bbox 127 267 1881 362">
     <span class='ocr_line' id='line_1_2' title="bbox 127 267 1881 362; baseline 0.001 -15"><span class='ocrx_word' id='word_1_5' title='bbox 127 291 192 347; x_wconf 88' lang='lat' dir='ltr'>dam</span> <span class='ocrx_word' id='word_1_6' title='bbox 222 267 336 346; x_wconf 71' lang='lat' dir='ltr'>nobilis¹</span> <span class='ocrx_word' id='word_1_7' title='bbox 349 289 458 346; x_wconf 85' lang='lat' dir='ltr'>femina</span> <span class='ocrx_word' id='word_1_8' title='bbox 476 305 494 344; x_wconf 90' lang='lat' dir='ltr'>a</span> <span class='ocrx_word' id='word_1_9' title='bbox 512 287 628 344; x_wconf 89' lang='lat' dir='ltr'>diaholo</span> <span class='ocrx_word' id='word_1_10' title='bbox 644 292 718 352; x_wconf 80' lang='lat' dir='ltr'>esset</span> <span class='ocrx_word' id='word_1_11' title='bbox 732 288 857 344; x_wconf 85' lang='lat' dir='ltr'>obsessa.</span> <span class='ocrx_word' id='word_1_12' title='bbox 874 289 973 344; x_wconf 78' lang='lat' dir='ltr'>Nuntii</span> <span class='ocrx_word' id='word_1_13' title='bbox 991 295 1221 362; x_wconf 79' lang='lat' dir='ltr'>Aoppresserat,</span> <span class='ocrx_word' id='word_1_14' title='bbox 1248 289 1378 345; x_wconf 85' lang='lat' dir='ltr'>devictus</span> <span class='ocrx_word' id='word_1_15' title='bbox 1415 291 1525 346; x_wconf 82' lang='lat' dir='ltr'>meritis</span> <span class='ocrx_word' id='word_1_16' title='bbox 1561 295 1725 348; x_wconf 87' lang='lat' dir='ltr'>sanctorum</span> <span class='ocrx_word' id='word_1_17' title='bbox 1751 297 1780 348; x_wconf 92' lang='lat' dir='ltr'>et</span> <span class='ocrx_word' id='word_1_18' title='bbox 1807 291 1881 349; x_wconf 84' lang='lat' dir='ltr'>votis</span> 
     </span>
    </p>
   </div>
   <div class='ocr_carea' id='block_1_3' title="bbox 123 375 1881 1426">
    <p class='ocr_par' dir='ltr' id='par_1_3' title="bbox 125 375 1881 806">
     <span class='ocr_line' id='line_1_3' title="bbox 127 375 1881 452; baseline 0.002 -20"><span class='ocrx_word' id='word_1_19' title='bbox 127 394 244 450; x_wconf 91' lang='lat' dir='ltr'>quoqne</span> <span class='ocrx_word' id='word_1_20' title='bbox 263 376 365 432; x_wconf 85' lang='lat' dir='ltr'>dehac</span> <span class='ocrx_word' id='word_1_21' title='bbox 390 377 486 431; x_wconf 89' lang='lat' dir='ltr'>adme</span> <span class='ocrx_word' id='word_1_22' title='bbox 514 375 619 448; x_wconf 79' lang='lat' dir='ltr'>sapius</span> <span class='ocrx_word' id='word_1_23' title='bbox 638 381 788 430; x_wconf 76' lang='lat' dir='ltr'>uenerunt.</span> <span class='ocrx_word' id='word_1_24' title='bbox 812 378 849 431; x_wconf 81' lang='lat' dir='ltr'>nt</span> <span class='ocrx_word' id='word_1_25' title='bbox 872 390 925 447; x_wconf 91' lang='lat' dir='ltr'>ego</span> <span class='ocrx_word' id='word_1_26' title='bbox 944 376 975 430; x_wconf 90' lang='lat' dir='ltr'>in</span> <span class='ocrx_word' id='word_1_27' title='bbox 1030 378 1217 449; x_wconf 88' lang='lat' dir='ltr'>populorum,</span> <span class='ocrx_word' id='word_1_28' title='bbox 1250 378 1470 447; x_wconf 77' lang='lat' dir='ltr'>vociferabatur,</span> <span class='ocrx_word' id='word_1_29' title='bbox 1508 380 1586 451; x_wconf 93' lang='lat' dir='ltr'>quod</span> <span class='ocrx_word' id='word_1_30' title='bbox 1624 379 1653 434; x_wconf 92' lang='lat' dir='ltr'>iu</span> <span class='ocrx_word' id='word_1_31' title='bbox 1683 380 1881 452; x_wconf 87' lang='lat' dir='ltr'>superioribus</span> 
     </span>
     <span class='ocr_line' id='line_1_4' title="bbox 126 462 1880 541; baseline 0.002 -21"><span class='ocrx_word' id='word_1_32' title='bbox 126 483 193 521; x_wconf 86' lang='lat' dir='ltr'>vera</span> <span class='ocrx_word' id='word_1_33' title='bbox 208 465 316 520; x_wconf 87' lang='lat' dir='ltr'>visione</span> <span class='ocrx_word' id='word_1_34' title='bbox 330 465 387 520; x_wconf 79' lang='lat' dir='ltr'>ridi</span> <span class='ocrx_word' id='word_1_35' title='bbox 402 465 478 537; x_wconf 92' lang='lat' dir='ltr'>quod</span> <span class='ocrx_word' id='word_1_36' title='bbox 493 463 554 536; x_wconf 91' lang='lat' dir='ltr'>ipsa</span> <span class='ocrx_word' id='word_1_37' title='bbox 568 463 760 536; x_wconf 87' lang='lat' dir='ltr'>permissione</span> <span class='ocrx_word' id='word_1_38' title='bbox 781 462 831 518; x_wconf 78' lang='lat' dir='ltr'>liei</span> <span class='ocrx_word' id='word_1_39' title='bbox 849 465 975 536; x_wconf 88' lang='lat' dir='ltr'>quadam</span> <span class='ocrx_word' id='word_1_40' title='bbox 1031 467 1124 523; x_wconf 82' lang='lat' dir='ltr'>ltlieui</span> <span class='ocrx_word' id='word_1_41' title='bbox 1147 467 1277 538; x_wconf 87' lang='lat' dir='ltr'>partibus</span> <span class='ocrx_word' id='word_1_42' title='bbox 1305 467 1406 522; x_wconf 86' lang='lat' dir='ltr'>Vetula</span> <span class='ocrx_word' id='word_1_43' title='bbox 1440 469 1571 538; x_wconf 76' lang='lat' dir='ltr'>quedam</span> <span class='ocrx_word' id='word_1_44' title='bbox 1609 475 1693 535; x_wconf 87' lang='lat' dir='ltr'>esset,</span> <span class='ocrx_word' id='word_1_45' title='bbox 1723 485 1774 541; x_wconf 92' lang='lat' dir='ltr'>per</span> <span class='ocrx_word' id='word_1_46' title='bbox 1796 469 1880 540; x_wconf 90' lang='lat' dir='ltr'>cnjus</span> 
     </span>
     <span class='ocr_line' id='line_1_5' title="bbox 127 552 1879 630; baseline 0.002 -20"><span class='ocrx_word' id='word_1_47' title='bbox 127 555 276 626; x_wconf 77' lang='lat' dir='ltr'>nigredine</span> <span class='ocrx_word' id='word_1_48' title='bbox 296 559 323 610; x_wconf 91' lang='lat' dir='ltr'>et</span> <span class='ocrx_word' id='word_1_49' title='bbox 344 553 425 609; x_wconf 84' lang='lat' dir='ltr'>fumo</span> <span class='ocrx_word' id='word_1_50' title='bbox 451 552 599 608; x_wconf 73' lang='lat' dir='ltr'>diabolica</span> <span class='ocrx_word' id='word_1_51' title='bbox 614 552 847 624; x_wconf 78' lang='lat' dir='ltr'>conglobositatis</span> <span class='ocrx_word' id='word_1_52' title='bbox 862 554 977 608; x_wconf 86' lang='lat' dir='ltr'>obsessa</span> <span class='ocrx_word' id='word_1_53' title='bbox 1030 556 1181 611; x_wconf 90' lang='lat' dir='ltr'>consilium</span> <span class='ocrx_word' id='word_1_54' title='bbox 1199 556 1387 628; x_wconf 86' lang='lat' dir='ltr'>expellendus</span> <span class='ocrx_word' id='word_1_55' title='bbox 1401 557 1485 612; x_wconf 90' lang='lat' dir='ltr'>foret.</span> <span class='ocrx_word' id='word_1_56' title='bbox 1501 557 1584 623; x_wconf 81' lang='lat' dir='ltr'>Quod</span> <span class='ocrx_word' id='word_1_57' title='bbox 1599 558 1684 614; x_wconf 86' lang='lat' dir='ltr'>amici</span> <span class='ocrx_word' id='word_1_58' title='bbox 1699 559 1761 630; x_wconf 89' lang='lat' dir='ltr'>ejus</span> <span class='ocrx_word' id='word_1_59' title='bbox 1785 559 1879 630; x_wconf 91' lang='lat' dir='ltr'>perci-</span> 
     </span>
     <span class='ocr_line' id='line_1_6' title="bbox 125 641 1877 718; baseline 0.002 -19"><span class='ocrx_word' id='word_1_60' title='bbox 125 649 188 699; x_wconf 89' lang='lat' dir='ltr'>erat</span> <span class='ocrx_word' id='word_1_61' title='bbox 215 647 243 699; x_wconf 91' lang='lat' dir='ltr'>et</span> <span class='ocrx_word' id='word_1_62' title='bbox 274 641 453 710; x_wconf 88' lang='lat' dir='ltr'>obumbrata,</span> <span class='ocrx_word' id='word_1_63' title='bbox 480 657 544 714; x_wconf 78' lang='lat' dir='ltr'>que</span> <span class='ocrx_word' id='word_1_64' title='bbox 572 647 662 697; x_wconf 90' lang='lat' dir='ltr'>totam</span> <span class='ocrx_word' id='word_1_65' title='bbox 688 641 905 697; x_wconf 72' lang='lat' dir='ltr'>sensualitatem</span> <span class='ocrx_word' id='word_1_66' title='bbox 930 659 976 699; x_wconf 88' lang='lat' dir='ltr'>ra·</span> <span class='ocrx_word' id='word_1_67' title='bbox 1030 645 1150 717; x_wconf 85' lang='lat' dir='ltr'>pientes,</span> <span class='ocrx_word' id='word_1_68' title='bbox 1167 652 1265 701; x_wconf 77' lang='lat' dir='ltr'>octavo</span> <span class='ocrx_word' id='word_1_69' title='bbox 1288 662 1363 700; x_wconf 89' lang='lat' dir='ltr'>anne</span> <span class='ocrx_word' id='word_1_70' title='bbox 1386 646 1562 718; x_wconf 82' lang='lat' dir='ltr'>fatigationis</span> <span class='ocrx_word' id='word_1_71' title='bbox 1591 664 1650 702; x_wconf 75' lang='lat' dir='ltr'>suae</span> <span class='ocrx_word' id='word_1_72' title='bbox 1676 650 1711 703; x_wconf 89' lang='lat' dir='ltr'>ad</span> <span class='ocrx_word' id='word_1_73' title='bbox 1734 664 1877 716; x_wconf 88' lang='lat' dir='ltr'>naseam,</span> 
     </span>
     <span class='ocr_line' id='line_1_7' title="bbox 125 731 1617 806; baseline -0.001 -20"><span class='ocrx_word' id='word_1_74' title='bbox 125 731 238 787; x_wconf 89' lang='lat' dir='ltr'>tionalis</span> <span class='ocrx_word' id='word_1_75' title='bbox 266 731 372 787; x_wconf 80' lang='lat' dir='ltr'>animae</span> <span class='ocrx_word' id='word_1_76' title='bbox 390 731 468 786; x_wconf 88' lang='lat' dir='ltr'>illins</span> <span class='ocrx_word' id='word_1_77' title='bbox 493 731 683 803; x_wconf 88' lang='lat' dir='ltr'>opprimebat,</span> <span class='ocrx_word' id='word_1_78' title='bbox 705 746 758 785; x_wconf 91' lang='lat' dir='ltr'>nec</span> <span class='ocrx_word' id='word_1_79' title='bbox 778 746 842 785; x_wconf 90' lang='lat' dir='ltr'>eam</span> <span class='ocrx_word' id='word_1_80' title='bbox 866 732 975 786; x_wconf 83' lang='lat' dir='ltr'>elevato</span> <span class='ocrx_word' id='word_1_81' title='bbox 1030 733 1104 789; x_wconf 91' lang='lat' dir='ltr'>sicut</span> <span class='ocrx_word' id='word_1_82' title='bbox 1120 735 1365 789; x_wconf 83' lang='lat' dir='ltr'>Dominusuoluit.</span> <span class='ocrx_word' id='word_1_83' title='bbox 1380 735 1586 806; x_wconf 86' lang='lat' dir='ltr'>perduxerunt.</span> <span class='ocrx_word' id='word_1_84' title='bbox 1603 756 1617 786; x_wconf 88' lang='lat'>»</span> 
     </span>
    </p>

    <p class='ocr_par' dir='ltr' id='par_1_4' title="bbox 123 820 1879 1426">
     <span class='ocr_line' id='line_1_8' title="bbox 124 820 1877 897; baseline 0.002 -21"><span class='ocrx_word' id='word_1_85' title='bbox 124 820 271 876; x_wconf 89' lang='lat' dir='ltr'>intellectu</span> <span class='ocrx_word' id='word_1_86' title='bbox 291 821 435 892; x_wconf 82' lang='lat' dir='ltr'>suspirare</span> <span class='ocrx_word' id='word_1_87' title='bbox 460 820 652 891; x_wconf 90' lang='lat' dir='ltr'>permittebat,</span> <span class='ocrx_word' id='word_1_88' title='bbox 667 820 746 874; x_wconf 86' lang='lat' dir='ltr'>velut</span> <span class='ocrx_word' id='word_1_89' title='bbox 760 821 864 875; x_wconf 89' lang='lat' dir='ltr'>umbra</span> <span class='ocrx_word' id='word_1_90' title='bbox 877 821 975 876; x_wconf 90' lang='lat' dir='ltr'>homi·</span> <span class='ocrx_word' id='word_1_91' title='bbox 1064 824 1232 895; x_wconf 70' lang='lat' dir='ltr'>inopere</span> <span class='ocrx_word' id='word_1_92' title='bbox 1255 824 1381 895; x_wconf 91' lang='lat' dir='ltr'>pretium</span> <span class='ocrx_word' id='word_1_93' title='bbox 1404 829 1457 892; x_wconf 91' lang='lat' dir='ltr'>est,</span> <span class='ocrx_word' id='word_1_94' title='bbox 1481 825 1534 879; x_wconf 88' lang='lat' dir='ltr'>hoc</span> <span class='ocrx_word' id='word_1_95' title='bbox 1559 823 1589 878; x_wconf 91' lang='lat' dir='ltr'>in</span> <span class='ocrx_word' id='word_1_96' title='bbox 1617 824 1690 892; x_wconf 91' lang='lat' dir='ltr'>loco,</span> <span class='ocrx_word' id='word_1_97' title='bbox 1720 830 1877 897; x_wconf 88' lang='lat' dir='ltr'>antequam</span> 
     </span>
     <span class='ocr_line' id='line_1_9' title="bbox 124 908 1877 985; baseline 0.001 -21"><span class='ocrx_word' id='word_1_98' title='bbox 124 909 170 964; x_wconf 90' lang='lat' dir='ltr'>uis</span> <span class='ocrx_word' id='word_1_99' title='bbox 190 914 240 964; x_wconf 90' lang='lat' dir='ltr'>aut</span> <span class='ocrx_word' id='word_1_100' title='bbox 258 909 377 964; x_wconf 86' lang='lat' dir='ltr'>alterins</span> <span class='ocrx_word' id='word_1_101' title='bbox 401 908 454 975; x_wconf 86' lang='lat' dir='ltr'>rei,</span> <span class='ocrx_word' id='word_1_102' title='bbox 478 909 521 963; x_wconf 88' lang='lat' dir='ltr'>vel</span> <span class='ocrx_word' id='word_1_103' title='bbox 548 908 644 963; x_wconf 85' lang='lat' dir='ltr'>furnus</span> <span class='ocrx_word' id='word_1_104' title='bbox 669 909 802 980; x_wconf 87' lang='lat' dir='ltr'>opposita</span> <span class='ocrx_word' id='word_1_105' title='bbox 821 909 930 982; x_wconf 90' lang='lat' dir='ltr'>obtegit</span> <span class='ocrx_word' id='word_1_106' title='bbox 948 914 977 965; x_wconf 89' lang='lat' dir='ltr'>et</span> <span class='ocrx_word' id='word_1_107' title='bbox 1029 913 1115 967; x_wconf 85' lang='lat' dir='ltr'>verba</span> <span class='ocrx_word' id='word_1_108' title='bbox 1134 911 1253 985; x_wconf 89' lang='lat' dir='ltr'>virginis</span> <span class='ocrx_word' id='word_1_109' title='bbox 1274 911 1379 968; x_wconf 85' lang='lat' dir='ltr'>Christi</span> <span class='ocrx_word' id='word_1_110' title='bbox 1401 913 1522 967; x_wconf 89' lang='lat' dir='ltr'>ulterius</span> <span class='ocrx_word' id='word_1_111' title='bbox 1537 928 1755 985; x_wconf 90' lang='lat' dir='ltr'>persequamur,</span> <span class='ocrx_word' id='word_1_112' title='bbox 1771 914 1877 984; x_wconf 92' lang='lat' dir='ltr'>episto-</span> 
     </span>
     <span class='ocr_line' id='line_1_10' title="bbox 124 997 1878 1073; baseline 0.002 -21"><span class='ocrx_word' id='word_1_113' title='bbox 124 998 282 1069; x_wconf 84' lang='lat' dir='ltr'>perfundit.</span> <span class='ocrx_word' id='word_1_114' title='bbox 310 997 478 1054; x_wconf 73' lang='lat' dir='ltr'>Unde-hec</span> <span class='ocrx_word' id='word_1_115' title='bbox 503 1002 594 1052; x_wconf 90' lang='lat' dir='ltr'>rectos</span> <span class='ocrx_word' id='word_1_116' title='bbox 614 1013 713 1052; x_wconf 90' lang='lat' dir='ltr'>sensus</span> <span class='ocrx_word' id='word_1_117' title='bbox 732 1001 853 1051; x_wconf 89' lang='lat' dir='ltr'>etactus</span> <span class='ocrx_word' id='word_1_118' title='bbox 872 997 976 1068; x_wconf 89' lang='lat' dir='ltr'>perde·</span> <span class='ocrx_word' id='word_1_119' title='bbox 1029 999 1071 1054; x_wconf 90' lang='lat' dir='ltr'>las</span> <span class='ocrx_word' id='word_1_120' title='bbox 1090 999 1226 1068; x_wconf 88' lang='lat' dir='ltr'>inserere,</span> <span class='ocrx_word' id='word_1_121' title='bbox 1252 1017 1324 1072; x_wconf 90' lang='lat' dir='ltr'>quas</span> <span class='ocrx_word' id='word_1_122' title='bbox 1343 1002 1430 1056; x_wconf 88' lang='lat' dir='ltr'>abbas</span> <span class='ocrx_word' id='word_1_123' title='bbox 1458 1002 1493 1056; x_wconf 91' lang='lat' dir='ltr'>de</span> <span class='ocrx_word' id='word_1_124' title='bbox 1519 1001 1676 1056; x_wconf 86' lang='lat' dir='ltr'>Brunwitra</span> <span class='ocrx_word' id='word_1_125' title='bbox 1690 1002 1748 1073; x_wconf 82' lang='grc'><strong>(111)</strong></span> <span class='ocrx_word' id='word_1_126' title='bbox 1765 1001 1828 1063; x_wconf 88' lang='lat' dir='ltr'>sibi,</span> <span class='ocrx_word' id='word_1_127' title='bbox 1849 1005 1878 1055; x_wconf 91' lang='lat' dir='ltr'>et</span> 
     </span>
     <span class='ocr_line' id='line_1_11' title="bbox 124 1085 1876 1159; baseline 0.001 -18"><span class='ocrx_word' id='word_1_128' title='bbox 124 1087 183 1153; x_wconf 90' lang='lat' dir='ltr'>but,</span> <span class='ocrx_word' id='word_1_129' title='bbox 199 1093 228 1142; x_wconf 88' lang='lat' dir='ltr'>et</span> <span class='ocrx_word' id='word_1_130' title='bbox 250 1086 482 1142; x_wconf 82' lang='lat' dir='ltr'>inconvenientia</span> <span class='ocrx_word' id='word_1_131' title='bbox 497 1087 604 1155; x_wconf 81' lang='lat' dir='ltr'>saepius</span> <span class='ocrx_word' id='word_1_132' title='bbox 632 1085 773 1142; x_wconf 84' lang='lat' dir='ltr'>clamabat</span> <span class='ocrx_word' id='word_1_133' title='bbox 792 1093 821 1140; x_wconf 88' lang='lat' dir='ltr'>et</span> <span class='ocrx_word' id='word_1_134' title='bbox 843 1085 971 1142; x_wconf 88' lang='lat' dir='ltr'>faciebat.</span> <span class='ocrx_word' id='word_1_135' title='bbox 1029 1086 1092 1159; x_wconf 91' lang='lat' dir='ltr'>ipsa</span> <span class='ocrx_word' id='word_1_136' title='bbox 1104 1088 1229 1143; x_wconf 86' lang='lat' dir='ltr'>vicissim</span> <span class='ocrx_word' id='word_1_137' title='bbox 1245 1089 1297 1157; x_wconf 93' lang='lat' dir='ltr'>illi,</span> <span class='ocrx_word' id='word_1_138' title='bbox 1321 1088 1355 1143; x_wconf 91' lang='lat' dir='ltr'>da</span> <span class='ocrx_word' id='word_1_139' title='bbox 1370 1090 1423 1144; x_wconf 90' lang='lat' dir='ltr'>hac</span> <span class='ocrx_word' id='word_1_140' title='bbox 1442 1089 1621 1145; x_wconf 79' lang='lat' dir='ltr'>demoniaca</span> <span class='ocrx_word' id='word_1_141' title='bbox 1636 1090 1727 1145; x_wconf 82' lang='lat' dir='ltr'>voluit</span> <span class='ocrx_word' id='word_1_142' title='bbox 1752 1089 1876 1158; x_wconf 92' lang='lat' dir='ltr'>mittere,</span> 
     </span>
     <span class='ocr_line' id='line_1_12' title="bbox 125 1173 1876 1250; baseline 0.001 -20"><span class='ocrx_word' id='word_1_143' title='bbox 125 1175 177 1231; x_wconf 90' lang='lat' dir='ltr'>Sed</span> <span class='ocrx_word' id='word_1_144' title='bbox 193 1192 259 1230; x_wconf 92' lang='lat' dir='ltr'>cum</span> <span class='ocrx_word' id='word_1_145' title='bbox 276 1176 329 1230; x_wconf 90' lang='lat' dir='ltr'>boc</span> <span class='ocrx_word' id='word_1_146' title='bbox 345 1176 451 1230; x_wconf 89' lang='lat' dir='ltr'>malum</span> <span class='ocrx_word' id='word_1_147' title='bbox 467 1175 594 1246; x_wconf 87' lang='lat' dir='ltr'>jussione</span> <span class='ocrx_word' id='word_1_148' title='bbox 617 1173 667 1229; x_wconf 83' lang='lat' dir='ltr'>bei</span> <span class='ocrx_word' id='word_1_149' title='bbox 691 1173 722 1228; x_wconf 91' lang='lat' dir='ltr'>in</span> <span class='ocrx_word' id='word_1_150' title='bbox 743 1174 791 1228; x_wconf 89' lang='lat' dir='ltr'>illa</span> <span class='ocrx_word' id='word_1_151' title='bbox 811 1175 976 1229; x_wconf 90' lang='lat' dir='ltr'>attenuaba·</span> <span class='ocrx_word' id='word_1_152' title='bbox 1029 1181 1062 1231; x_wconf 87' lang='lat' dir='ltr'>nt</span> <span class='ocrx_word' id='word_1_153' title='bbox 1076 1193 1109 1231; x_wconf 86' lang='lat' dir='ltr'>ex</span> <span class='ocrx_word' id='word_1_154' title='bbox 1126 1178 1169 1231; x_wconf 88' lang='lat' dir='ltr'>his</span> <span class='ocrx_word' id='word_1_155' title='bbox 1190 1177 1318 1250; x_wconf 78' lang='lat' dir='ltr'>apertius</span> <span class='ocrx_word' id='word_1_156' title='bbox 1344 1177 1522 1250; x_wconf 86' lang='lat' dir='ltr'>intelligatur</span> <span class='ocrx_word' id='word_1_157' title='bbox 1546 1182 1576 1232; x_wconf 89' lang='lat' dir='ltr'>et</span> <span class='ocrx_word' id='word_1_158' title='bbox 1604 1178 1710 1233; x_wconf 91' lang='lat' dir='ltr'>diaboli</span> <span class='ocrx_word' id='word_1_159' title='bbox 1736 1179 1876 1250; x_wconf 86' lang='lat' dir='ltr'>nequitia,</span> 
     </span>
     <span class='ocr_line' id='line_1_13' title="bbox 124 1263 1878 1338; baseline -0.001 -17"><span class='ocrx_word' id='word_1_160' title='bbox 124 1271 181 1334; x_wconf 90' lang='lat' dir='ltr'>tur,</span> <span class='ocrx_word' id='word_1_161' title='bbox 198 1270 265 1319; x_wconf 90' lang='lat' dir='ltr'>tunc</span> <span class='ocrx_word' id='word_1_162' title='bbox 281 1264 371 1319; x_wconf 84' lang='lat' dir='ltr'>levius</span> <span class='ocrx_word' id='word_1_163' title='bbox 391 1264 571 1334; x_wconf 89' lang='lat' dir='ltr'>gravabatur.</span> <span class='ocrx_word' id='word_1_164' title='bbox 591 1265 623 1318; x_wconf 79' lang='lat' dir='ltr'>lit</span> <span class='ocrx_word' id='word_1_165' title='bbox 638 1279 683 1318; x_wconf 93' lang='lat' dir='ltr'>me</span> <span class='ocrx_word' id='word_1_166' title='bbox 703 1263 847 1334; x_wconf 83' lang='lat' dir='ltr'>cogitante</span> <span class='ocrx_word' id='word_1_167' title='bbox 862 1268 890 1318; x_wconf 91' lang='lat' dir='ltr'>et</span> <span class='ocrx_word' id='word_1_168' title='bbox 904 1265 975 1318; x_wconf 88' lang='lat' dir='ltr'>seire</span> <span class='ocrx_word' id='word_1_169' title='bbox 1030 1268 1058 1318; x_wconf 90' lang='lat' dir='ltr'>et</span> <span class='ocrx_word' id='word_1_170' title='bbox 1072 1264 1225 1320; x_wconf 72' lang='lat' dir='ltr'>lucidentur</span> <span class='ocrx_word' id='word_1_171' title='bbox 1248 1267 1427 1338; x_wconf 83' lang='lat' dir='ltr'>propensius,</span> <span class='ocrx_word' id='word_1_172' title='bbox 1452 1267 1519 1321; x_wconf 89' lang='lat' dir='ltr'>licet</span> <span class='ocrx_word' id='word_1_173' title='bbox 1543 1267 1665 1332; x_wconf 89' lang='lat' dir='ltr'>occulta,</span> <span class='ocrx_word' id='word_1_174' title='bbox 1689 1281 1804 1336; x_wconf 85' lang='lat' dir='ltr'>semper</span> <span class='ocrx_word' id='word_1_175' title='bbox 1831 1270 1878 1319; x_wconf 92' lang='lat' dir='ltr'>ta-</span> 
     </span>
     <span class='ocr_line' id='line_1_14' title="bbox 123 1351 1879 1426; baseline 0.002 -22"><span class='ocrx_word' id='word_1_176' title='bbox 123 1351 248 1418; x_wconf 88' lang='lat' dir='ltr'>volente,</span> <span class='ocrx_word' id='word_1_177' title='bbox 264 1353 408 1423; x_wconf 90' lang='lat' dir='ltr'>quomodo</span> <span class='ocrx_word' id='word_1_178' title='bbox 419 1352 559 1407; x_wconf 89' lang='lat' dir='ltr'>diabolica</span> <span class='ocrx_word' id='word_1_179' title='bbox 580 1351 672 1406; x_wconf 90' lang='lat' dir='ltr'>forma</span> <span class='ocrx_word' id='word_1_180' title='bbox 684 1351 831 1406; x_wconf 87' lang='lat' dir='ltr'>bominem</span> <span class='ocrx_word' id='word_1_181' title='bbox 842 1351 974 1420; x_wconf 85' lang='lat' dir='ltr'>intraret,</span> <span class='ocrx_word' id='word_1_182' title='bbox 1030 1353 1193 1424; x_wconf 87' lang='lat' dir='ltr'>menjusta,</span> <span class='ocrx_word' id='word_1_183' title='bbox 1211 1355 1385 1426; x_wconf 86' lang='lat' dir='ltr'>bcijudicia.</span> <span class='ocrx_word' id='word_1_184' title='bbox 1403 1358 1472 1411; x_wconf 83' lang='lat' dir='ltr'>Curn</span> <span class='ocrx_word' id='word_1_185' title='bbox 1488 1356 1565 1410; x_wconf 91' lang='lat' dir='ltr'>enim</span> <span class='ocrx_word' id='word_1_186' title='bbox 1582 1360 1646 1424; x_wconf 86' lang='lat' dir='ltr'>post</span> <span class='ocrx_word' id='word_1_187' title='bbox 1660 1361 1769 1426; x_wconf 86' lang='lat' dir='ltr'>septem</span> <span class='ocrx_word' id='word_1_188' title='bbox 1785 1370 1879 1410; x_wconf 91' lang='lat' dir='ltr'>annos</span> 
     </span>
    </p>
   </div>
   <div class='ocr_carea' id='block_1_4' title="bbox 123 1438 1981 1602">
    <p class='ocr_par' dir='ltr' id='par_1_5' title="bbox 123 1438 1981 1602">
     <span class='ocr_line' id='line_1_15' title="bbox 123 1438 1981 1512; baseline 0.003 -20"><span class='ocrx_word' id='word_1_189' title='bbox 123 1438 192 1507; x_wconf 82' lang='lat' dir='ltr'>vidi,</span> <span class='ocrx_word' id='word_1_190' title='bbox 220 1446 249 1494; x_wconf 91' lang='lat' dir='ltr'>et</span> <span class='ocrx_word' id='word_1_191' title='bbox 271 1453 439 1512; x_wconf 75' lang='lat' dir='ltr'>responsum</span> <span class='ocrx_word' id='word_1_192' title='bbox 458 1439 656 1512; x_wconf 91' lang='lat' dir='ltr'>audivi,quod</span> <span class='ocrx_word' id='word_1_193' title='bbox 679 1438 810 1494; x_wconf 89' lang='lat' dir='ltr'>diabolus</span> <span class='ocrx_word' id='word_1_194' title='bbox 830 1440 859 1494; x_wconf 95' lang='lat' dir='ltr'>in</span> <span class='ocrx_word' id='word_1_195' title='bbox 879 1440 972 1494; x_wconf 89' lang='lat' dir='ltr'>forma</span> <span class='ocrx_word' id='word_1_196' title='bbox 1030 1439 1093 1512; x_wconf 88' lang='lat' dir='ltr'>ipsa</span> <span class='ocrx_word' id='word_1_197' title='bbox 1112 1442 1217 1496; x_wconf 89' lang='lat' dir='ltr'>mulier</span> <span class='ocrx_word' id='word_1_198' title='bbox 1237 1443 1391 1497; x_wconf 80' lang='lat' dir='ltr'>Brarnwilre</span> <span class='ocrx_word' id='word_1_199' title='bbox 1417 1443 1617 1510; x_wconf 89' lang='lat' dir='ltr'>adduceretur,</span> <span class='ocrx_word' id='word_1_200' title='bbox 1642 1448 1674 1498; x_wconf 91' lang='lat' dir='ltr'>ut</span> <span class='ocrx_word' id='word_1_201' title='bbox 1696 1443 1736 1498; x_wconf 89' lang='lat' dir='ltr'>ihi</span> <span class='ocrx_word' id='word_1_202' title='bbox 1767 1442 1879 1498; x_wconf 90' lang='lat' dir='ltr'>meritis</span> <span class='ocrx_word' id='word_1_203' title='bbox 1980 1444 1981 1469; x_wconf 63' lang='lat'>¹</span> 
     </span>
     <span class='ocr_line' id='line_1_16' title="bbox 128 1527 1981 1602; baseline 0.001 -20"><span class='ocrx_word' id='word_1_204' title='bbox 128 1543 191 1596; x_wconf 88' lang='lat' dir='ltr'>sna,</span> <span class='ocrx_word' id='word_1_205' title='bbox 207 1534 239 1583; x_wconf 91' lang='lat' dir='ltr'>ut</span> <span class='ocrx_word' id='word_1_206' title='bbox 259 1534 310 1597; x_wconf 91' lang='lat' dir='ltr'>est,</span> <span class='ocrx_word' id='word_1_207' title='bbox 330 1527 480 1584; x_wconf 89' lang='lat' dir='ltr'>hominem</span> <span class='ocrx_word' id='word_1_208' title='bbox 497 1544 553 1582; x_wconf 95' lang='lat' dir='ltr'>non</span> <span class='ocrx_word' id='word_1_209' title='bbox 573 1529 662 1582; x_wconf 92' lang='lat' dir='ltr'>intrat</span> <span class='ocrx_word' id='word_1_210' title='bbox 678 1527 744 1599; x_wconf 79' lang='lat'>(50),</span> <span class='ocrx_word' id='word_1_211' title='bbox 768 1528 897 1583; x_wconf 89' lang='lat' dir='ltr'>sedcum</span> <span class='ocrx_word' id='word_1_212' title='bbox 913 1543 975 1583; x_wconf 91' lang='lat' dir='ltr'>urn-</span> <span class='ocrx_word' id='word_1_213' title='bbox 1030 1529 1121 1583; x_wconf 89' lang='lat' dir='ltr'>sancti</span> <span class='ocrx_word' id='word_1_214' title='bbox 1145 1528 1251 1584; x_wconf 85' lang='lat' dir='ltr'>Nicolai</span> <span class='ocrx_word' id='word_1_215' title='bbox 1280 1530 1462 1600; x_wconf 86' lang='lat' dir='ltr'>liberaretur,</span> <span class='ocrx_word' id='word_1_216' title='bbox 1485 1547 1611 1602; x_wconf 89' lang='lat' dir='ltr'>nequam</span> <span class='ocrx_word' id='word_1_217' title='bbox 1639 1531 1757 1602; x_wconf 74' lang='lat' dir='ltr'>spiritus</span> <span class='ocrx_word' id='word_1_218' title='bbox 1776 1532 1879 1602; x_wconf 89' lang='lat' dir='ltr'>cunju—</span> <span class='ocrx_word' id='word_1_219' title='bbox 1980 1590 1981 1593; x_wconf 8' lang='grc' dir='ltr'><strong>Ἴ</strong></span> 
     </span>
    </p>
   </div>
   <div class='ocr_carea' id='block_1_5' title="bbox 122 1585 1879 3104">
    <p class='ocr_par' dir='ltr' id='par_1_6' title="bbox 122 1585 1879 3104">
     <span class='ocr_line' id='line_1_17' title="bbox 124 1585 1879 1688; baseline 0.002 -17"><span class='ocrx_word' id='word_1_220' title='bbox 124 1615 175 1671; x_wconf 88' lang='lat' dir='ltr'>bra</span> <span class='ocrx_word' id='word_1_221' title='bbox 187 1620 215 1671; x_wconf 94' lang='lat' dir='ltr'>et</span> <span class='ocrx_word' id='word_1_222' title='bbox 233 1616 312 1670; x_wconf 89' lang='lat' dir='ltr'>fumo</span> <span class='ocrx_word' id='word_1_223' title='bbox 328 1615 486 1688; x_wconf 90' lang='lat' dir='ltr'>nigredinis</span> <span class='ocrx_word' id='word_1_224' title='bbox 500 1632 559 1671; x_wconf 80' lang='lat' dir='ltr'>sue</span> <span class='ocrx_word' id='word_1_225' title='bbox 578 1615 732 1671; x_wconf 88' lang='lat' dir='ltr'>obumbrat</span> <span class='ocrx_word' id='word_1_226' title='bbox 751 1619 780 1670; x_wconf 92' lang='lat' dir='ltr'>et</span> <span class='ocrx_word' id='word_1_227' title='bbox 799 1615 919 1686; x_wconf 85' lang='lat' dir='ltr'>obtegit.</span> <span class='ocrx_word' id='word_1_228' title='bbox 940 1614 970 1671; x_wconf 85' lang='lat' dir='ltr'>si</span> <span class='ocrx_word' id='word_1_229' title='bbox 992 1585 1014 1641; x_wconf 74' lang='grc' dir='ltr'><strong>Β</strong></span> <span class='ocrx_word' id='word_1_230' title='bbox 1029 1622 1120 1687; x_wconf 87' lang='lat' dir='ltr'>ratus,</span> <span class='ocrx_word' id='word_1_231' title='bbox 1131 1618 1203 1674; x_wconf 85' lang='lat' dir='ltr'>dixit</span> <span class='ocrx_word' id='word_1_232' title='bbox 1227 1635 1257 1674; x_wconf 91' lang='lat' dir='ltr'>se</span> <span class='ocrx_word' id='word_1_233' title='bbox 1282 1636 1366 1674; x_wconf 81' lang='lat' dir='ltr'>suram</span> <span class='ocrx_word' id='word_1_234' title='bbox 1389 1636 1449 1675; x_wconf 92' lang='lat' dir='ltr'>neu</span> <span class='ocrx_word' id='word_1_235' title='bbox 1467 1621 1633 1677; x_wconf 89' lang='lat' dir='ltr'>relicturum</span> <span class='ocrx_word' id='word_1_236' title='bbox 1650 1621 1809 1685; x_wconf 89' lang='lat' dir='ltr'>vasculum,</span> <span class='ocrx_word' id='word_1_237' title='bbox 1824 1619 1879 1674; x_wconf 90' lang='lat' dir='ltr'>nisi</span> 
     </span>
     <span class='ocr_line' id='line_1_18' title="bbox 125 1702 1878 1781; baseline 0.002 -23"><span class='ocrx_word' id='word_1_238' title='bbox 125 1703 201 1758; x_wconf 90' lang='lat' dir='ltr'>anim</span> <span class='ocrx_word' id='word_1_239' title='bbox 217 1703 310 1759; x_wconf 92' lang='lat' dir='ltr'>forma</span> <span class='ocrx_word' id='word_1_240' title='bbox 323 1703 402 1759; x_wconf 91' lang='lat' dir='ltr'>illius</span> <span class='ocrx_word' id='word_1_241' title='bbox 417 1703 566 1759; x_wconf 90' lang='lat' dir='ltr'>homiuem</span> <span class='ocrx_word' id='word_1_242' title='bbox 581 1703 712 1770; x_wconf 89' lang='lat' dir='ltr'>intraret,</span> <span class='ocrx_word' id='word_1_243' title='bbox 738 1703 823 1757; x_wconf 90' lang='lat' dir='ltr'>citius</span> <span class='ocrx_word' id='word_1_244' title='bbox 842 1702 975 1758; x_wconf 90' lang='lat' dir='ltr'>membra</span> <span class='ocrx_word' id='word_1_245' title='bbox 1030 1721 1083 1776; x_wconf 89' lang='lat' dir='ltr'>per</span> <span class='ocrx_word' id='word_1_246' title='bbox 1099 1707 1249 1778; x_wconf 87' lang='lat' dir='ltr'>cujusdam</span> <span class='ocrx_word' id='word_1_247' title='bbox 1261 1708 1363 1764; x_wconf 78' lang='lat' dir='ltr'>vetulae</span> <span class='ocrx_word' id='word_1_248' title='bbox 1374 1708 1405 1763; x_wconf 90' lang='lat' dir='ltr'>in</span> <span class='ocrx_word' id='word_1_249' title='bbox 1420 1709 1618 1781; x_wconf 85' lang='lat' dir='ltr'>superioribus</span> <span class='ocrx_word' id='word_1_250' title='bbox 1628 1709 1721 1766; x_wconf 83' lang='lat' dir='ltr'>Rheni</span> <span class='ocrx_word' id='word_1_251' title='bbox 1737 1708 1878 1780; x_wconf 85' lang='lat' dir='ltr'>partibus,</span> 
     </span>
     <span class='ocr_line' id='line_1_19' title="bbox 127 1790 1878 1868; baseline 0.002 -22"><span class='ocrx_word' id='word_1_252' title='bbox 127 1791 190 1863; x_wconf 87' lang='lat' dir='ltr'>ejus</span> <span class='ocrx_word' id='word_1_253' title='bbox 205 1791 395 1860; x_wconf 84' lang='lat' dir='ltr'>solverentur,</span> <span class='ocrx_word' id='word_1_254' title='bbox 411 1809 499 1864; x_wconf 91' lang='lat' dir='ltr'>qnam</span> <span class='ocrx_word' id='word_1_255' title='bbox 513 1793 648 1863; x_wconf 83' lang='lat' dir='ltr'>stipulae</span> <span class='ocrx_word' id='word_1_256' title='bbox 673 1796 756 1846; x_wconf 81' lang='lat' dir='ltr'>rento</span> <span class='ocrx_word' id='word_1_257' title='bbox 781 1790 974 1864; x_wconf 82' lang='lat' dir='ltr'>dispergatur.</span> <span class='ocrx_word' id='word_1_258' title='bbox 1030 1793 1104 1847; x_wconf 91' lang='lat' dir='ltr'>sicut</span> <span class='ocrx_word' id='word_1_259' title='bbox 1129 1794 1192 1865; x_wconf 86' lang='lat' dir='ltr'>ipsa</span> <span class='ocrx_word' id='word_1_260' title='bbox 1220 1812 1306 1868; x_wconf 90' lang='lat' dir='ltr'>supra</span> <span class='ocrx_word' id='word_1_261' title='bbox 1335 1796 1456 1866; x_wconf 81' lang='lat' dir='ltr'>dixerat,</span> <span class='ocrx_word' id='word_1_262' title='bbox 1490 1797 1642 1852; x_wconf 89' lang='lat' dir='ltr'>consilium</span> <span class='ocrx_word' id='word_1_263' title='bbox 1671 1801 1701 1852; x_wconf 93' lang='lat' dir='ltr'>et</span> <span class='ocrx_word' id='word_1_264' title='bbox 1727 1795 1878 1865; x_wconf 90' lang='lat' dir='ltr'>auxilium,</span> 
     </span>
     <span class='ocr_line' id='line_1_20' title="bbox 122 1879 1877 1958; baseline 0.003 -25"><span class='ocrx_word' id='word_1_265' title='bbox 122 1880 307 1952; x_wconf 82' lang='lat' dir='ltr'>Quapropter</span> <span class='ocrx_word' id='word_1_266' title='bbox 332 1881 407 1938; x_wconf 84' lang='lat' dir='ltr'>[teus</span> <span class='ocrx_word' id='word_1_267' title='bbox 431 1897 489 1936; x_wconf 92' lang='lat' dir='ltr'>non</span> <span class='ocrx_word' id='word_1_268' title='bbox 514 1879 657 1954; x_wconf 90' lang='lat' dir='ltr'>permittit</span> <span class='ocrx_word' id='word_1_269' title='bbox 672 1880 747 1951; x_wconf 92' lang='lat' dir='ltr'>qnod</span> <span class='ocrx_word' id='word_1_270' title='bbox 776 1879 923 1935; x_wconf 91' lang='lat' dir='ltr'>homiuem</span> <span class='ocrx_word' id='word_1_271' title='bbox 945 1879 974 1934; x_wconf 93' lang='lat' dir='ltr'>iu</span> <span class='ocrx_word' id='word_1_272' title='bbox 1029 1884 1212 1954; x_wconf 74' lang='lat' dir='ltr'>nomenoius</span> <span class='ocrx_word' id='word_1_273' title='bbox 1232 1891 1370 1954; x_wconf 88' lang='lat' dir='ltr'>evertens,</span> <span class='ocrx_word' id='word_1_274' title='bbox 1392 1891 1422 1940; x_wconf 92' lang='lat' dir='ltr'>et</span> <span class='ocrx_word' id='word_1_275' title='bbox 1435 1885 1513 1958; x_wconf 89' lang='lat' dir='ltr'>quod</span> <span class='ocrx_word' id='word_1_276' title='bbox 1528 1885 1769 1958; x_wconf 80' lang='lat' dir='ltr'>scrumpilgardis</span> <span class='ocrx_word' id='word_1_277' title='bbox 1793 1902 1877 1940; x_wconf 84' lang='lat' dir='ltr'>voca·</span> 
     </span>
     <span class='ocr_line' id='line_1_21' title="bbox 123 1966 1879 2044; baseline 0.001 -20"><span class='ocrx_word' id='word_1_278' title='bbox 123 1985 173 2024; x_wconf 84' lang='lat' dir='ltr'>sue</span> <span class='ocrx_word' id='word_1_279' title='bbox 201 1970 294 2024; x_wconf 90' lang='lat' dir='ltr'>forma</span> <span class='ocrx_word' id='word_1_280' title='bbox 320 1970 417 2024; x_wconf 91' lang='lat' dir='ltr'>intret.</span> <span class='ocrx_word' id='word_1_281' title='bbox 449 1969 503 2026; x_wconf 89' lang='lat' dir='ltr'>Sed</span> <span class='ocrx_word' id='word_1_282' title='bbox 527 1969 697 2042; x_wconf 87' lang='lat' dir='ltr'>supradictis</span> <span class='ocrx_word' id='word_1_283' title='bbox 724 1967 910 2040; x_wconf 83' lang='lat' dir='ltr'>perfundens,</span> <span class='ocrx_word' id='word_1_284' title='bbox 939 1966 976 2022; x_wconf 89' lang='lat' dir='ltr'>ad</span> <span class='ocrx_word' id='word_1_285' title='bbox 1030 1975 1120 2039; x_wconf 88' lang='lat' dir='ltr'>retur,</span> <span class='ocrx_word' id='word_1_286' title='bbox 1135 1971 1278 2027; x_wconf 90' lang='lat' dir='ltr'>deridens.</span> <span class='ocrx_word' id='word_1_287' title='bbox 1304 1974 1402 2044; x_wconf 83' lang='lat' dir='ltr'>ltaque</span> <span class='ocrx_word' id='word_1_288' title='bbox 1429 1973 1579 2028; x_wconf 90' lang='lat' dir='ltr'>consilium</span> <span class='ocrx_word' id='word_1_289' title='bbox 1597 1973 1781 2041; x_wconf 89' lang='lat' dir='ltr'>inierunt,et</span> <span class='ocrx_word' id='word_1_290' title='bbox 1799 1972 1879 2026; x_wconf 93' lang='lat' dir='ltr'>litte-</span> 
     </span>
     <span class='ocr_line' id='line_1_22' title="bbox 122 2055 1877 2132; baseline 0.001 -20"><span class='ocrx_word' id='word_1_291' title='bbox 122 2055 265 2113; x_wconf 92' lang='lat' dir='ltr'>insaniam</span> <span class='ocrx_word' id='word_1_292' title='bbox 297 2061 326 2114; x_wconf 90' lang='lat' dir='ltr'>et</span> <span class='ocrx_word' id='word_1_293' title='bbox 357 2056 593 2113; x_wconf 88' lang='lat' dir='ltr'>inconvenientia</span> <span class='ocrx_word' id='word_1_294' title='bbox 627 2057 737 2125; x_wconf 87' lang='lat' dir='ltr'>evertit,</span> <span class='ocrx_word' id='word_1_295' title='bbox 767 2061 795 2111; x_wconf 90' lang='lat' dir='ltr'>ct</span> <span class='ocrx_word' id='word_1_296' title='bbox 819 2073 872 2127; x_wconf 87' lang='lat' dir='ltr'>per</span> <span class='ocrx_word' id='word_1_297' title='bbox 897 2072 975 2126; x_wconf 89' lang='lat' dir='ltr'>eum,</span> <span class='ocrx_word' id='word_1_298' title='bbox 1029 2075 1077 2114; x_wconf 91' lang='lat' dir='ltr'>ras</span> <span class='ocrx_word' id='word_1_299' title='bbox 1109 2061 1320 2132; x_wconf 88' lang='lat' dir='ltr'>deprecatorias</span> <span class='ocrx_word' id='word_1_300' title='bbox 1349 2061 1380 2117; x_wconf 94' lang='lat' dir='ltr'>in</span> <span class='ocrx_word' id='word_1_301' title='bbox 1408 2062 1484 2117; x_wconf 90' lang='lat' dir='ltr'>hunc</span> <span class='ocrx_word' id='word_1_302' title='bbox 1518 2062 1637 2117; x_wconf 90' lang='lat' dir='ltr'>modum</span> <span class='ocrx_word' id='word_1_303' title='bbox 1667 2061 1695 2116; x_wconf 93' lang='lat' dir='ltr'>ei</span> <span class='ocrx_word' id='word_1_304' title='bbox 1721 2061 1877 2115; x_wconf 91' lang='lat' dir='ltr'>miserunt:</span> 
     </span>
     <span class='ocr_line' id='line_1_23' title="bbox 125 2144 1878 2220; baseline 0.002 -20"><span class='ocrx_word' id='word_1_305' title='bbox 125 2146 208 2218; x_wconf 90' lang='lat' dir='ltr'>quasi</span> <span class='ocrx_word' id='word_1_306' title='bbox 229 2162 282 2219; x_wconf 87' lang='lat' dir='ltr'>per</span> <span class='ocrx_word' id='word_1_307' title='bbox 317 2148 472 2202; x_wconf 82' lang='lat' dir='ltr'>fenestram</span> <span class='ocrx_word' id='word_1_308' title='bbox 497 2145 678 2214; x_wconf 84' lang='lat' dir='ltr'>vociferatur,</span> <span class='ocrx_word' id='word_1_309' title='bbox 703 2150 732 2200; x_wconf 89' lang='lat' dir='ltr'>et</span> <span class='ocrx_word' id='word_1_310' title='bbox 751 2144 880 2200; x_wconf 90' lang='lat' dir='ltr'>membra</span> <span class='ocrx_word' id='word_1_311' title='bbox 898 2144 976 2199; x_wconf 86' lang='lat' dir='ltr'>iltius</span> <span class='ocrx_word' id='word_1_312' title='bbox 1033 2169 1044 2197; x_wconf 84' lang='grc' dir='ltr'>ι</span> <span class='ocrx_word' id='word_1_313' title='bbox 1064 2149 1227 2219; x_wconf 88' lang='lat' dir='ltr'>llildegardi</span> <span class='ocrx_word' id='word_1_314' title='bbox 1244 2150 1370 2205; x_wconf 81' lang='lat' dir='ltr'>dumiuoe</span> <span class='ocrx_word' id='word_1_315' title='bbox 1389 2155 1419 2206; x_wconf 93' lang='lat' dir='ltr'>et</span> <span class='ocrx_word' id='word_1_316' title='bbox 1431 2150 1518 2205; x_wconf 90' lang='lat' dir='ltr'>matri</span> <span class='ocrx_word' id='word_1_317' title='bbox 1545 2150 1725 2219; x_wconf 80' lang='lat' dir='ltr'>venerandae,</span> <span class='ocrx_word' id='word_1_318' title='bbox 1752 2149 1878 2220; x_wconf 91' lang='lat' dir='ltr'>totisque</span> 
     </span>
     <span class='ocr_line' id='line_1_24' title="bbox 124 2233 1878 2311; baseline 0.001 -21"><span class='ocrx_word' id='word_1_319' title='bbox 124 2234 253 2290; x_wconf 90' lang='lat' dir='ltr'>exterius</span> <span class='ocrx_word' id='word_1_320' title='bbox 268 2240 373 2306; x_wconf 87' lang='lat' dir='ltr'>movet,</span> <span class='ocrx_word' id='word_1_321' title='bbox 389 2251 455 2291; x_wconf 90' lang='lat' dir='ltr'>cnm</span> <span class='ocrx_word' id='word_1_322' title='bbox 469 2239 566 2291; x_wconf 92' lang='lat' dir='ltr'>tamen</span> <span class='ocrx_word' id='word_1_323' title='bbox 592 2235 622 2289; x_wconf 91' lang='lat' dir='ltr'>in</span> <span class='ocrx_word' id='word_1_324' title='bbox 645 2233 733 2289; x_wconf 89' lang='lat' dir='ltr'>eisin</span> <span class='ocrx_word' id='word_1_325' title='bbox 759 2233 975 2308; x_wconf 85' lang='lat' dir='ltr'>formasuain-</span> <span class='ocrx_word' id='word_1_326' title='bbox 1030 2236 1187 2292; x_wconf 85' lang='lat' dir='ltr'>visceribus</span> <span class='ocrx_word' id='word_1_327' title='bbox 1216 2239 1422 2310; x_wconf 81' lang='lat' dir='ltr'>amplectandae</span> <span class='ocrx_word' id='word_1_328' title='bbox 1454 2238 1559 2295; x_wconf 88' lang='lat' dir='ltr'>Christi</span> <span class='ocrx_word' id='word_1_329' title='bbox 1587 2255 1710 2311; x_wconf 76' lang='lat' dir='ltr'>sponse,</span> <span class='ocrx_word' id='word_1_330' title='bbox 1739 2243 1769 2293; x_wconf 93' lang='lat' dir='ltr'>et</span> <span class='ocrx_word' id='word_1_331' title='bbox 1791 2237 1878 2308; x_wconf 83' lang='lat' dir='ltr'>Regis</span> 
     </span>
     <span class='ocr_line' id='line_1_25' title="bbox 123 2322 1876 2400; baseline 0.001 -21"><span class='ocrx_word' id='word_1_332' title='bbox 123 2324 215 2379; x_wconf 86' lang='lat' dir='ltr'>terius</span> <span class='ocrx_word' id='word_1_333' title='bbox 233 2340 290 2379; x_wconf 91' lang='lat' dir='ltr'>non</span> <span class='ocrx_word' id='word_1_334' title='bbox 306 2325 352 2392; x_wconf 90' lang='lat' dir='ltr'>sit,</span> <span class='ocrx_word' id='word_1_335' title='bbox 370 2323 468 2380; x_wconf 88' lang='lat' dir='ltr'>anima</span> <span class='ocrx_word' id='word_1_336' title='bbox 484 2323 600 2379; x_wconf 90' lang='lat' dir='ltr'>interim</span> <span class='ocrx_word' id='word_1_337' title='bbox 612 2323 695 2395; x_wconf 89' lang='lat' dir='ltr'>quasi</span> <span class='ocrx_word' id='word_1_338' title='bbox 714 2322 817 2393; x_wconf 87' lang='lat' dir='ltr'>sopita,</span> <span class='ocrx_word' id='word_1_339' title='bbox 839 2325 869 2377; x_wconf 88' lang='lat' dir='ltr'>et</span> <span class='ocrx_word' id='word_1_340' title='bbox 893 2323 974 2393; x_wconf 92' lang='lat' dir='ltr'>iguo·</span> <span class='ocrx_word' id='word_1_341' title='bbox 1030 2325 1162 2381; x_wconf 91' lang='lat' dir='ltr'>altissimi</span> <span class='ocrx_word' id='word_1_342' title='bbox 1188 2326 1263 2395; x_wconf 73' lang='lat' dir='ltr'>filiae,</span> <span class='ocrx_word' id='word_1_343' title='bbox 1287 2328 1318 2383; x_wconf 89' lang='lat' dir='ltr'>G.</span> <span class='ocrx_word' id='word_1_344' title='bbox 1335 2327 1544 2400; x_wconf 89' lang='lat' dir='ltr'>qualiscunque</span> <span class='ocrx_word' id='word_1_345' title='bbox 1566 2326 1799 2382; x_wconf 82' lang='lat' dir='ltr'>Brnnwilareueis</span> <span class='ocrx_word' id='word_1_346' title='bbox 1820 2342 1876 2381; x_wconf 85' lang='lat' dir='ltr'>coe·</span> 
     </span>
     <span class='ocr_line' id='line_1_26' title="bbox 124 2411 1876 2486; baseline 0.001 -19"><span class='ocrx_word' id='word_1_347' title='bbox 124 2417 220 2480; x_wconf 84' lang='lat' dir='ltr'>rante,</span> <span class='ocrx_word' id='word_1_348' title='bbox 236 2411 306 2484; x_wconf 90' lang='lat' dir='ltr'>qnid</span> <span class='ocrx_word' id='word_1_349' title='bbox 326 2428 391 2468; x_wconf 84' lang='lat' dir='ltr'>raro</span> <span class='ocrx_word' id='word_1_350' title='bbox 413 2412 542 2484; x_wconf 84' lang='lat' dir='ltr'>corporis</span> <span class='ocrx_word' id='word_1_351' title='bbox 561 2413 654 2466; x_wconf 89' lang='lat' dir='ltr'>faciat.</span> <span class='ocrx_word' id='word_1_352' title='bbox 1029 2414 1110 2470; x_wconf 90' lang='lat' dir='ltr'>nobii</span> <span class='ocrx_word' id='word_1_353' title='bbox 1135 2415 1265 2486; x_wconf 85' lang='lat' dir='ltr'>provisor</span> <span class='ocrx_word' id='word_1_354' title='bbox 1289 2432 1354 2471; x_wconf 93' lang='lat' dir='ltr'>cum</span> <span class='ocrx_word' id='word_1_355' title='bbox 1385 2416 1444 2470; x_wconf 90' lang='lat' dir='ltr'>suis</span> <span class='ocrx_word' id='word_1_356' title='bbox 1472 2416 1608 2471; x_wconf 89' lang='lat' dir='ltr'>fratribus</span> <span class='ocrx_word' id='word_1_357' title='bbox 1632 2416 1662 2471; x_wconf 91' lang='lat' dir='ltr'>in</span> <span class='ocrx_word' id='word_1_358' title='bbox 1684 2417 1758 2471; x_wconf 86' lang='lat' dir='ltr'>valle</span> <span class='ocrx_word' id='word_1_359' title='bbox 1786 2416 1876 2485; x_wconf 88' lang='lat' dir='ltr'>lacry-</span> 
     </span>
     <span class='ocr_line' id='line_1_27' title="bbox 160 2491 1876 2576; baseline -0.001 -18"><span class='ocrx_word' id='word_1_360' title='bbox 160 2503 202 2558; x_wconf 73' lang='lat'>46.</span> <span class='ocrx_word' id='word_1_361' title='bbox 221 2491 245 2555; x_wconf 66' lang='lat' dir='ltr'>¹a</span> <span class='ocrx_word' id='word_1_362' title='bbox 273 2503 380 2558; x_wconf 86' lang='lat' dir='ltr'>Deinde</span> <span class='ocrx_word' id='word_1_363' title='bbox 401 2503 460 2558; x_wconf 82' lang='lat' dir='ltr'>vidi</span> <span class='ocrx_word' id='word_1_364' title='bbox 482 2501 625 2573; x_wconf 69' lang='lat' dir='ltr'>predictae</span> <span class='ocrx_word' id='word_1_365' title='bbox 645 2501 713 2556; x_wconf 88' lang='lat' dir='ltr'>artis</span> <span class='ocrx_word' id='word_1_366' title='bbox 733 2507 762 2555; x_wconf 92' lang='lat' dir='ltr'>et</span> <span class='ocrx_word' id='word_1_367' title='bbox 780 2499 975 2572; x_wconf 81' lang='lat' dir='ltr'>perversitatis</span> <span class='ocrx_word' id='word_1_368' title='bbox 1030 2520 1141 2558; x_wconf 91' lang='lat' dir='ltr'>marum</span> <span class='ocrx_word' id='word_1_369' title='bbox 1157 2503 1332 2571; x_wconf 89' lang='lat' dir='ltr'>sedentibus,</span> <span class='ocrx_word' id='word_1_370' title='bbox 1355 2509 1388 2559; x_wconf 90' lang='lat' dir='ltr'>nt</span> <span class='ocrx_word' id='word_1_371' title='bbox 1415 2510 1547 2576; x_wconf 88' lang='lat' dir='ltr'>possunt,</span> <span class='ocrx_word' id='word_1_372' title='bbox 1574 2503 1876 2560; x_wconf 89' lang='lat' dir='ltr'>inurationihuaom·</span> 
     </span>
     <span class='ocr_line' id='line_1_28' title="bbox 124 2585 1875 2660; baseline 0.001 -17"><span class='ocrx_word' id='word_1_373' title='bbox 124 2604 228 2660; x_wconf 87' lang='lat' dir='ltr'>agmen</span> <span class='ocrx_word' id='word_1_374' title='bbox 248 2588 440 2660; x_wconf 89' lang='lat' dir='ltr'>malignorum</span> <span class='ocrx_word' id='word_1_375' title='bbox 469 2586 631 2659; x_wconf 87' lang='lat' dir='ltr'>spirituum.</span> <span class='ocrx_word' id='word_1_376' title='bbox 652 2585 700 2657; x_wconf 88' lang='lat' dir='ltr'>qui</span> <span class='ocrx_word' id='word_1_377' title='bbox 725 2589 817 2640; x_wconf 82' lang='lat' dir='ltr'>fotum</span> <span class='ocrx_word' id='word_1_378' title='bbox 834 2585 975 2640; x_wconf 84' lang='lat' dir='ltr'>muudum</span> <span class='ocrx_word' id='word_1_379' title='bbox 1030 2591 1154 2647; x_wconf 80' lang='lat' dir='ltr'>nimodae</span> <span class='ocrx_word' id='word_1_380' title='bbox 1177 2592 1340 2647; x_wconf 88' lang='lat' dir='ltr'>dilectionis</span> <span class='ocrx_word' id='word_1_381' title='bbox 1361 2594 1497 2648; x_wconf 83' lang='lat' dir='ltr'>devotum</span> <span class='ocrx_word' id='word_1_382' title='bbox 1521 2593 1702 2648; x_wconf 88' lang='lat' dir='ltr'>famulatum.</span> <span class='ocrx_word' id='word_1_383' title='bbox 1731 2591 1875 2658; x_wconf 83' lang='lat' dir='ltr'>Quamvis,</span> 
     </span>
     <span class='ocr_line' id='line_1_29' title="bbox 124 2673 1875 2752; baseline -0.005 -22"><span class='ocrx_word' id='word_1_384' title='bbox 124 2681 338 2748; x_wconf 89' lang='lat' dir='ltr'>pertranseunt,</span> <span class='ocrx_word' id='word_1_385' title='bbox 368 2681 541 2748; x_wconf 75' lang='lat' dir='ltr'>quarentes,</span> <span class='ocrx_word' id='word_1_386' title='bbox 581 2673 629 2729; x_wconf 92' lang='lat' dir='ltr'>ubi</span> <span class='ocrx_word' id='word_1_387' title='bbox 663 2674 810 2728; x_wconf 79' lang='lat' dir='ltr'>inveniant</span> <span class='ocrx_word' id='word_1_388' title='bbox 838 2690 894 2741; x_wconf 87' lang='lat' dir='ltr'>eos,</span> <span class='ocrx_word' id='word_1_389' title='bbox 923 2689 975 2744; x_wconf 89' lang='lat' dir='ltr'>per</span> <span class='ocrx_word' id='word_1_390' title='bbox 1029 2681 1224 2736; x_wconf 64' lang='lat' dir='ltr'>amantissima</span> <span class='ocrx_word' id='word_1_391' title='bbox 1245 2682 1402 2750; x_wconf 37' lang='lat' dir='ltr'>nomiman,</span> <span class='ocrx_word' id='word_1_392' title='bbox 1422 2686 1477 2736; x_wconf 59' lang='grc' dir='ltr'>θη,</span> <span class='ocrx_word' id='word_1_393' title='bbox 1497 2684 1599 2737; x_wconf 59' lang='lat' dir='ltr'>purae</span> <span class='ocrx_word' id='word_1_394' title='bbox 1620 2681 1652 2736; x_wconf 61' lang='lat' dir='ltr'>{n</span> <span class='ocrx_word' id='word_1_395' title='bbox 1676 2680 1752 2739; x_wconf 63' lang='lat' dir='ltr'>um</span> <span class='ocrx_word' id='word_1_396' title='bbox 1772 2679 1875 2752; x_wconf 54' lang='lat' dir='ltr'>epm.</span> 
     </span>
     <span class='ocr_line' id='line_1_30' title="bbox 124 2762 1591 2842; baseline -0.003 -21"><span class='ocrx_word' id='word_1_397' title='bbox 124 2782 196 2838; x_wconf 91' lang='lat' dir='ltr'>quos</span> <span class='ocrx_word' id='word_1_398' title='bbox 212 2765 364 2820; x_wconf 87' lang='lat' dir='ltr'>schismata</span> <span class='ocrx_word' id='word_1_399' title='bbox 393 2769 423 2819; x_wconf 92' lang='lat' dir='ltr'>et</span> <span class='ocrx_word' id='word_1_400' title='bbox 447 2763 625 2818; x_wconf 73' lang='lat' dir='ltr'>diversitates</span> <span class='ocrx_word' id='word_1_401' title='bbox 652 2778 766 2817; x_wconf 92' lang='lat' dir='ltr'>morum</span> <span class='ocrx_word' id='word_1_402' title='bbox 793 2763 907 2817; x_wconf 88' lang='lat' dir='ltr'>faciant.</span> <span class='ocrx_word' id='word_1_403' title='bbox 940 2762 973 2818; x_wconf 88' lang='lat' dir='ltr'>lli</span> <span class='ocrx_word' id='word_1_404' title='bbox 1029 2769 1591 2842; x_wconf 54' lang='lat' dir='ltr'>lammsflifdepardissnbnumget),</span> 
     </span>
     <span class='ocr_line' id='line_1_31' title="bbox 124 2851 1875 2938; baseline -0.001 -27"><span class='ocrx_word' id='word_1_405' title='bbox 124 2856 160 2912; x_wconf 91' lang='lat' dir='ltr'>ob</span> <span class='ocrx_word' id='word_1_406' title='bbox 174 2855 267 2924; x_wconf 92' lang='lat' dir='ltr'>initio,</span> <span class='ocrx_word' id='word_1_407' title='bbox 288 2859 321 2909; x_wconf 90' lang='lat' dir='ltr'>ut</span> <span class='ocrx_word' id='word_1_408' title='bbox 347 2854 434 2908; x_wconf 87' lang='lat' dir='ltr'>creati</span> <span class='ocrx_word' id='word_1_409' title='bbox 467 2859 543 2918; x_wconf 87' lang='lat' dir='ltr'>sunt,</span> <span class='ocrx_word' id='word_1_410' title='bbox 560 2868 655 2907; x_wconf 80' lang='lat' dir='ltr'>corum</span> <span class='ocrx_word' id='word_1_411' title='bbox 672 2851 839 2923; x_wconf 82' lang='lat' dir='ltr'>justissimis</span> <span class='ocrx_word' id='word_1_412' title='bbox 865 2853 1015 2938; x_wconf 65' lang='lat' dir='ltr'>auguliae</span> <span class='ocrx_word' id='word_1_413' title='bbox 1064 2858 1107 2912; x_wconf 81' lang='lat'>48.</span> <span class='ocrx_word' id='word_1_414' title='bbox 1127 2858 1258 2928; x_wconf 91' lang='lat' dir='ltr'>Cumque</span> <span class='ocrx_word' id='word_1_415' title='bbox 1274 2857 1357 2913; x_wconf 89' lang='lat' dir='ltr'>beata</span> <span class='ocrx_word' id='word_1_416' title='bbox 1377 2857 1556 2929; x_wconf 88' lang='lat' dir='ltr'>llildegardis</span> <span class='ocrx_word' id='word_1_417' title='bbox 1566 2858 1675 2913; x_wconf 89' lang='lat' dir='ltr'>litteras</span> <span class='ocrx_word' id='word_1_418' title='bbox 1690 2857 1755 2911; x_wconf 85' lang='lat' dir='ltr'>istas</span> <span class='ocrx_word' id='word_1_419' title='bbox 1779 2873 1875 2910; x_wconf 84' lang='lat' dir='ltr'>susce-</span> 
     </span>
     <span class='ocr_line' id='line_1_32' title="bbox 124 2940 1876 3018; baseline -0.001 -20"><span class='ocrx_word' id='word_1_420' title='bbox 124 2943 214 2998; x_wconf 89' lang='lat' dir='ltr'>Dcum</span> <span class='ocrx_word' id='word_1_421' title='bbox 235 2947 478 3014; x_wconf 84' lang='lat' dir='ltr'>contempserunt,</span> <span class='ocrx_word' id='word_1_422' title='bbox 501 2942 646 2996; x_wconf 90' lang='lat' dir='ltr'>dicentes:</span> <span class='ocrx_word' id='word_1_423' title='bbox 674 2940 973 3012; x_wconf 79' lang='lat' dir='ltr'>«Qarisestiste,qui</span> <span class='ocrx_word' id='word_1_424' title='bbox 1029 2944 1128 3016; x_wconf 84' lang='lat' dir='ltr'>pisset,</span> <span class='ocrx_word' id='word_1_425' title='bbox 1153 2945 1363 3017; x_wconf 89' lang='lat' dir='ltr'>diligenterque</span> <span class='ocrx_word' id='word_1_426' title='bbox 1394 2945 1593 3018; x_wconf 82' lang='lat' dir='ltr'>perspexisset,</span> <span class='ocrx_word' id='word_1_427' title='bbox 1628 2943 1797 3016; x_wconf 80' lang='lat' dir='ltr'>rogantibus</span> <span class='ocrx_word' id='word_1_428' title='bbox 1830 2944 1876 3015; x_wconf 91' lang='lat' dir='ltr'>pie</span> 
     </span>
     <span class='ocr_line' id='line_1_33' title="bbox 127 3029 1876 3104; baseline 0.002 -23"><span class='ocrx_word' id='word_1_429' title='bbox 127 3035 265 3086; x_wconf 75' lang='lat' dir='ltr'>»tautam</span> <span class='ocrx_word' id='word_1_430' title='bbox 290 3032 377 3086; x_wconf 89' lang='lat' dir='ltr'>babet</span> <span class='ocrx_word' id='word_1_431' title='bbox 399 3034 569 3102; x_wconf 88' lang='lat' dir='ltr'>potestatem</span> <span class='ocrx_word' id='word_1_432' title='bbox 587 3045 675 3101; x_wconf 91' lang='lat' dir='ltr'>super</span> <span class='ocrx_word' id='word_1_433' title='bbox 690 3045 742 3083; x_wconf 91' lang='lat' dir='ltr'>nos</span> <span class='ocrx_word' id='word_1_434' title='bbox 754 3031 770 3083; x_wconf 78' lang='lat'>⁴?</span> <span class='ocrx_word' id='word_1_435' title='bbox 783 3047 799 3080; x_wconf 75' lang='lat' dir='ltr'>a</span> <span class='ocrx_word' id='word_1_436' title='bbox 816 3030 872 3083; x_wconf 90' lang='lat' dir='ltr'>lloc</span> <span class='ocrx_word' id='word_1_437' title='bbox 886 3029 915 3083; x_wconf 93' lang='lat' dir='ltr'>in</span> <span class='ocrx_word' id='word_1_438' title='bbox 930 3029 973 3084; x_wconf 91' lang='lat' dir='ltr'>iu·</span> <span class='ocrx_word' id='word_1_439' title='bbox 1029 3034 1195 3096; x_wconf 86' lang='lat' dir='ltr'>condolens,</span> <span class='ocrx_word' id='word_1_440' title='bbox 1217 3049 1317 3088; x_wconf 93' lang='lat' dir='ltr'>omnes</span> <span class='ocrx_word' id='word_1_441' title='bbox 1331 3050 1445 3089; x_wconf 88' lang='lat' dir='ltr'>sorores</span> <span class='ocrx_word' id='word_1_442' title='bbox 1469 3033 1593 3098; x_wconf 90' lang='lat' dir='ltr'>monuit,</span> <span class='ocrx_word' id='word_1_443' title='bbox 1620 3037 1652 3087; x_wconf 90' lang='lat' dir='ltr'>ut</span> <span class='ocrx_word' id='word_1_444' title='bbox 1679 3049 1731 3104; x_wconf 93' lang='lat' dir='ltr'>pro</span> <span class='ocrx_word' id='word_1_445' title='bbox 1759 3033 1876 3103; x_wconf 77' lang='lat' dir='ltr'>praefata</span> 
     </span>
    </p>
   </div>
   <div class='ocr_carea' id='block_1_6' title="bbox 26 3117 1876 3196">
    <p class='ocr_par' dir='ltr' id='par_1_7' title="bbox 26 3117 1876 3196">
     <span class='ocr_line' id='line_1_34' title="bbox 26 3117 1876 3196; baseline 0 -23"><span class='ocrx_word' id='word_1_446' title='bbox 26 3183 33 3196; x_wconf 87' lang='lat'>.</span> <span class='ocrx_word' id='word_1_447' title='bbox 123 3119 211 3185; x_wconf 87' lang='lat' dir='ltr'>vidia,</span> <span class='ocrx_word' id='word_1_448' title='bbox 231 3119 298 3173; x_wconf 92' lang='lat' dir='ltr'>odio</span> <span class='ocrx_word' id='word_1_449' title='bbox 318 3123 347 3172; x_wconf 94' lang='lat' dir='ltr'>et</span> <span class='ocrx_word' id='word_1_450' title='bbox 361 3118 495 3172; x_wconf 86' lang='lat' dir='ltr'>irrisione</span> <span class='ocrx_word' id='word_1_451' title='bbox 508 3117 646 3183; x_wconf 88' lang='lat' dir='ltr'>dicentes,</span> <span class='ocrx_word' id='word_1_452' title='bbox 667 3118 760 3173; x_wconf 89' lang='lat' dir='ltr'>adhuc</span> <span class='ocrx_word' id='word_1_453' title='bbox 773 3117 803 3172; x_wconf 92' lang='lat' dir='ltr'>in</span> <span class='ocrx_word' id='word_1_454' title='bbox 819 3118 864 3174; x_wconf 90' lang='lat' dir='ltr'>his</span> <span class='ocrx_word' id='word_1_455' title='bbox 881 3135 974 3190; x_wconf 87' lang='lat' dir='ltr'>perse·</span> <span class='ocrx_word' id='word_1_456' title='bbox 1028 3122 1197 3176; x_wconf 83' lang='lat' dir='ltr'>necessitate</span> <span class='ocrx_word' id='word_1_457' title='bbox 1213 3121 1335 3194; x_wconf 89' lang='lat' dir='ltr'>puhlicis</span> <span class='ocrx_word' id='word_1_458' title='bbox 1353 3126 1382 3176; x_wconf 91' lang='lat' dir='ltr'>et</span> <span class='ocrx_word' id='word_1_459' title='bbox 1399 3122 1519 3194; x_wconf 84' lang='lat' dir='ltr'>privatis</span> <span class='ocrx_word' id='word_1_460' title='bbox 1536 3120 1716 3176; x_wconf 90' lang='lat' dir='ltr'>orationibus</span> <span class='ocrx_word' id='word_1_461' title='bbox 1728 3119 1876 3174; x_wconf 89' lang='lat' dir='ltr'>humiliter</span> 
     </span>
    </p>
   </div>
   <div class='ocr_carea' id='block_1_7' title="bbox 43 3206 1878 4966">
    <p class='ocr_par' dir='ltr' id='par_1_8' title="bbox 43 3206 1877 3904">
     <span class='ocr_line' id='line_1_35' title="bbox 123 3206 1877 3282; baseline -0.001 -19"><span class='ocrx_word' id='word_1_462' title='bbox 123 3213 233 3275; x_wconf 83' lang='lat' dir='ltr'>verant,</span> <span class='ocrx_word' id='word_1_463' title='bbox 256 3211 284 3261; x_wconf 93' lang='lat' dir='ltr'>et</span> <span class='ocrx_word' id='word_1_464' title='bbox 309 3206 407 3262; x_wconf 90' lang='lat' dir='ltr'>omnia</span> <span class='ocrx_word' id='word_1_465' title='bbox 431 3207 461 3261; x_wconf 91' lang='lat' dir='ltr'>iu</span> <span class='ocrx_word' id='word_1_466' title='bbox 478 3206 523 3261; x_wconf 89' lang='lat' dir='ltr'>his</span> <span class='ocrx_word' id='word_1_467' title='bbox 546 3207 664 3274; x_wconf 91' lang='lat' dir='ltr'>faciunt,</span> <span class='ocrx_word' id='word_1_468' title='bbox 681 3206 748 3278; x_wconf 88' lang='lat' dir='ltr'>quia</span> <span class='ocrx_word' id='word_1_469' title='bbox 764 3223 891 3262; x_wconf 89' lang='lat' dir='ltr'>errorem</span> <span class='ocrx_word' id='word_1_470' title='bbox 908 3207 973 3262; x_wconf 90' lang='lat' dir='ltr'>irri·</span> <span class='ocrx_word' id='word_1_471' title='bbox 1028 3210 1224 3265; x_wconf 86' lang='lat' dir='ltr'>insisterent:</span> <span class='ocrx_word' id='word_1_472' title='bbox 1253 3210 1382 3282; x_wconf 83' lang='lat' dir='ltr'>ipsaque,</span> <span class='ocrx_word' id='word_1_473' title='bbox 1416 3211 1544 3264; x_wconf 91' lang='lat' dir='ltr'>oratione</span> <span class='ocrx_word' id='word_1_474' title='bbox 1581 3209 1741 3282; x_wconf 83' lang='lat' dir='ltr'>praemissa,</span> <span class='ocrx_word' id='word_1_475' title='bbox 1778 3210 1877 3263; x_wconf 92' lang='lat' dir='ltr'>oculos</span> 
     </span>
     <span class='ocr_line' id='line_1_36' title="bbox 123 3294 1874 3368; baseline 0 -18"><span class='ocrx_word' id='word_1_476' title='bbox 123 3295 211 3350; x_wconf 88' lang='lat' dir='ltr'>sienis</span> <span class='ocrx_word' id='word_1_477' title='bbox 219 3295 507 3368; x_wconf 84' lang='lat' dir='ltr'>primiiucoeperunt.</span> <span class='ocrx_word' id='word_1_478' title='bbox 519 3294 661 3359; x_wconf 86' lang='lat' dir='ltr'>Quoniam</span> <span class='ocrx_word' id='word_1_479' title='bbox 675 3296 821 3350; x_wconf 87' lang='lat' dir='ltr'>vcrobeus</span> <span class='ocrx_word' id='word_1_480' title='bbox 831 3297 973 3367; x_wconf 90' lang='lat' dir='ltr'>populum</span> <span class='ocrx_word' id='word_1_481' title='bbox 1028 3300 1135 3354; x_wconf 89' lang='lat' dir='ltr'>mentis</span> <span class='ocrx_word' id='word_1_482' title='bbox 1154 3299 1188 3354; x_wconf 95' lang='lat' dir='ltr'>ad</span> <span class='ocrx_word' id='word_1_483' title='bbox 1213 3299 1366 3354; x_wconf 84' lang='lat' dir='ltr'>[lominum</span> <span class='ocrx_word' id='word_1_484' title='bbox 1386 3299 1515 3354; x_wconf 87' lang='lat' dir='ltr'>elevabat</span> <span class='ocrx_word' id='word_1_485' title='bbox 1535 3314 1542 3353; x_wconf 78' lang='grc' dir='ltr'><strong><em>ε</em></strong></span> <span class='ocrx_word' id='word_1_486' title='bbox 1563 3303 1592 3352; x_wconf 91' lang='lat' dir='ltr'>et</span> <span class='ocrx_word' id='word_1_487' title='bbox 1614 3313 1783 3368; x_wconf 88' lang='lat' dir='ltr'>responsum</span> <span class='ocrx_word' id='word_1_488' title='bbox 1810 3298 1874 3364; x_wconf 92' lang='lat' dir='ltr'>bor,</span> 
     </span>
     <span class='ocr_line' id='line_1_37' title="bbox 123 3383 1877 3458; baseline 0 -19"><span class='ocrx_word' id='word_1_489' title='bbox 123 3400 176 3455; x_wconf 88' lang='lat' dir='ltr'>per</span> <span class='ocrx_word' id='word_1_490' title='bbox 190 3384 258 3439; x_wconf 88' lang='lat' dir='ltr'>istos</span> <span class='ocrx_word' id='word_1_491' title='bbox 273 3399 397 3456; x_wconf 88' lang='lat' dir='ltr'>purgare</span> <span class='ocrx_word' id='word_1_492' title='bbox 413 3384 483 3452; x_wconf 84' lang='lat' dir='ltr'>vult,</span> <span class='ocrx_word' id='word_1_493' title='bbox 500 3383 689 3454; x_wconf 89' lang='lat' dir='ltr'>permissione</span> <span class='ocrx_word' id='word_1_494' title='bbox 705 3389 733 3438; x_wconf 90' lang='lat' dir='ltr'>ct</span> <span class='ocrx_word' id='word_1_495' title='bbox 749 3383 881 3456; x_wconf 86' lang='lat' dir='ltr'>jussione</span> <span class='ocrx_word' id='word_1_496' title='bbox 912 3385 974 3456; x_wconf 89' lang='lat' dir='ltr'>ejus</span> <span class='ocrx_word' id='word_1_497' title='bbox 1029 3388 1187 3442; x_wconf 86' lang='lat' dir='ltr'>secundum</span> <span class='ocrx_word' id='word_1_498' title='bbox 1208 3389 1285 3458; x_wconf 92' lang='lat' dir='ltr'>qnod</span> <span class='ocrx_word' id='word_1_499' title='bbox 1305 3389 1335 3442; x_wconf 89' lang='lat' dir='ltr'>in</span> <span class='ocrx_word' id='word_1_500' title='bbox 1357 3404 1423 3442; x_wconf 84' lang='lat' dir='ltr'>aera</span> <span class='ocrx_word' id='word_1_501' title='bbox 1443 3386 1551 3442; x_wconf 84' lang='lat' dir='ltr'>visione</span> <span class='ocrx_word' id='word_1_502' title='bbox 1571 3385 1641 3440; x_wconf 89' lang='lat' dir='ltr'>vidit</span> <span class='ocrx_word' id='word_1_503' title='bbox 1659 3390 1688 3440; x_wconf 87' lang='lat' dir='ltr'>et</span> <span class='ocrx_word' id='word_1_504' title='bbox 1707 3385 1826 3450; x_wconf 81' lang='lat' dir='ltr'>audivit,</span> <span class='ocrx_word' id='word_1_505' title='bbox 1849 3391 1877 3440; x_wconf 92' lang='lat' dir='ltr'>et</span> 
     </span>
     <span class='ocr_line' id='line_1_38' title="bbox 123 3473 1874 3548; baseline 0 -21"><span class='ocrx_word' id='word_1_506' title='bbox 123 3473 312 3544; x_wconf 88' lang='lat' dir='ltr'>stuporemin</span> <span class='ocrx_word' id='word_1_507' title='bbox 332 3478 653 3542; x_wconf 88' lang='lat' dir='ltr'>aerecommovent,ac</span> <span class='ocrx_word' id='word_1_508' title='bbox 670 3489 722 3544; x_wconf 86' lang='lat' dir='ltr'>per</span> <span class='ocrx_word' id='word_1_509' title='bbox 750 3489 884 3544; x_wconf 84' lang='lat' dir='ltr'>spumam</span> <span class='ocrx_word' id='word_1_510' title='bbox 900 3473 973 3528; x_wconf 80' lang='lat' dir='ltr'>aeris</span> <span class='ocrx_word' id='word_1_511' title='bbox 1030 3491 1088 3530; x_wconf 90' lang='lat' dir='ltr'>nou</span> <span class='ocrx_word' id='word_1_512' title='bbox 1110 3491 1162 3546; x_wconf 91' lang='lat' dir='ltr'>per</span> <span class='ocrx_word' id='word_1_513' title='bbox 1186 3476 1286 3543; x_wconf 90' lang='lat' dir='ltr'>alium,</span> <span class='ocrx_word' id='word_1_514' title='bbox 1307 3492 1393 3548; x_wconf 88' lang='lat' dir='ltr'>quam</span> <span class='ocrx_word' id='word_1_515' title='bbox 1413 3491 1466 3547; x_wconf 87' lang='lat' dir='ltr'>per</span> <span class='ocrx_word' id='word_1_516' title='bbox 1485 3474 1684 3530; x_wconf 81' lang='lat' dir='ltr'>inexhaustam</span> <span class='ocrx_word' id='word_1_517' title='bbox 1704 3473 1874 3544; x_wconf 89' lang='lat' dir='ltr'>sapientiam</span> 
     </span>
     <span class='ocr_line' id='line_1_39' title="bbox 125 3560 1875 3634; baseline -0.001 -19"><span class='ocrx_word' id='word_1_518' title='bbox 125 3560 319 3632; x_wconf 86' lang='lat' dir='ltr'>pestilentiam</span> <span class='ocrx_word' id='word_1_519' title='bbox 346 3567 496 3630; x_wconf 81' lang='lat' dir='ltr'>emerunt,</span> <span class='ocrx_word' id='word_1_520' title='bbox 513 3567 598 3633; x_wconf 86' lang='lat' dir='ltr'>atque</span> <span class='ocrx_word' id='word_1_521' title='bbox 615 3561 819 3616; x_wconf 82' lang='lat' dir='ltr'>inundationes</span> <span class='ocrx_word' id='word_1_522' title='bbox 841 3567 869 3616; x_wconf 89' lang='lat' dir='ltr'>et</span> <span class='ocrx_word' id='word_1_523' title='bbox 892 3562 973 3634; x_wconf 90' lang='lat' dir='ltr'>peri·</span> <span class='ocrx_word' id='word_1_524' title='bbox 1009 3564 1176 3632; x_wconf 89' lang='lat' dir='ltr'>dictatum,</span> <span class='ocrx_word' id='word_1_525' title='bbox 1200 3564 1240 3618; x_wconf 92' lang='lat' dir='ltr'>ita</span> <span class='ocrx_word' id='word_1_526' title='bbox 1266 3563 1425 3620; x_wconf 85' lang='lat' dir='ltr'>rescribit:</span> <span class='ocrx_word' id='word_1_527' title='bbox 1453 3563 1522 3617; x_wconf 78' lang='lat' dir='ltr'>«C.</span> <span class='ocrx_word' id='word_1_528' title='bbox 1554 3562 1680 3617; x_wconf 77' lang='lat' dir='ltr'>ecclesiae</span> <span class='ocrx_word' id='word_1_529' title='bbox 1709 3562 1875 3617; x_wconf 86' lang='lat' dir='ltr'>Brunwilla-</span> 
     </span>
     <span class='ocr_line' id='line_1_40' title="bbox 123 3645 1877 3724; baseline -0.003 -17"><span class='ocrx_word' id='word_1_530' title='bbox 123 3652 188 3707; x_wconf 90' lang='lat' dir='ltr'>cula</span> <span class='ocrx_word' id='word_1_531' title='bbox 216 3652 245 3706; x_wconf 93' lang='lat' dir='ltr'>iu</span> <span class='ocrx_word' id='word_1_532' title='bbox 271 3645 497 3724; x_wconf 58' lang='lat' dir='ltr'>aquis&#39;faciunt,</span> <span class='ocrx_word' id='word_1_533' title='bbox 528 3650 604 3705; x_wconf 90' lang='lat' dir='ltr'>bella</span> <span class='ocrx_word' id='word_1_534' title='bbox 633 3649 767 3719; x_wconf 87' lang='lat' dir='ltr'>excitant,</span> <span class='ocrx_word' id='word_1_535' title='bbox 788 3652 974 3706; x_wconf 79' lang='lat' dir='ltr'>adversitates</span> <span class='ocrx_word' id='word_1_536' title='bbox 1027 3652 1119 3708; x_wconf 87' lang='lat' dir='ltr'>rensis</span> <span class='ocrx_word' id='word_1_537' title='bbox 1137 3653 1245 3720; x_wconf 89' lang='lat' dir='ltr'>abbati,</span> <span class='ocrx_word' id='word_1_538' title='bbox 1276 3655 1307 3708; x_wconf 90' lang='lat' dir='ltr'>ll.</span> <span class='ocrx_word' id='word_1_539' title='bbox 1339 3654 1408 3709; x_wconf 91' lang='lat' dir='ltr'>Cum</span> <span class='ocrx_word' id='word_1_540' title='bbox 1429 3651 1553 3724; x_wconf 85' lang='lat' dir='ltr'>flagellis</span> <span class='ocrx_word' id='word_1_541' title='bbox 1584 3651 1633 3706; x_wconf 84' lang='lat' dir='ltr'>uei</span> <span class='ocrx_word' id='word_1_542' title='bbox 1658 3650 1713 3706; x_wconf 94' lang='lat' dir='ltr'>sim</span> <span class='ocrx_word' id='word_1_543' title='bbox 1736 3650 1822 3720; x_wconf 88' lang='lat' dir='ltr'>longa</span> <span class='ocrx_word' id='word_1_544' title='bbox 1848 3652 1877 3702; x_wconf 91' lang='lat' dir='ltr'>et</span> 
     </span>
     <span class='ocr_line' id='line_1_41' title="bbox 125 3737 1874 3814; baseline -0.002 -18"><span class='ocrx_word' id='word_1_545' title='bbox 125 3745 154 3796; x_wconf 92' lang='lat' dir='ltr'>et</span> <span class='ocrx_word' id='word_1_546' title='bbox 173 3740 249 3796; x_wconf 90' lang='lat' dir='ltr'>mala</span> <span class='ocrx_word' id='word_1_547' title='bbox 269 3741 444 3813; x_wconf 86' lang='lat' dir='ltr'>producunt.</span> <span class='ocrx_word' id='word_1_548' title='bbox 463 3743 527 3797; x_wconf 82' lang='lat' dir='ltr'>llaec</span> <span class='ocrx_word' id='word_1_549' title='bbox 557 3741 631 3795; x_wconf 87' lang='lat' dir='ltr'>Deus</span> <span class='ocrx_word' id='word_1_550' title='bbox 658 3746 726 3794; x_wconf 89' lang='lat' dir='ltr'>tunc</span> <span class='ocrx_word' id='word_1_551' title='bbox 743 3740 805 3794; x_wconf 87' lang='lat' dir='ltr'>lieri</span> <span class='ocrx_word' id='word_1_552' title='bbox 820 3740 972 3811; x_wconf 90' lang='lat' dir='ltr'>permittit,</span> <span class='ocrx_word' id='word_1_553' title='bbox 1027 3742 1107 3813; x_wconf 83' lang='lat' dir='ltr'>gravi</span> <span class='ocrx_word' id='word_1_554' title='bbox 1133 3742 1304 3814; x_wconf 74' lang='lat' dir='ltr'>egritudine</span> <span class='ocrx_word' id='word_1_555' title='bbox 1323 3742 1487 3809; x_wconf 88' lang='lat' dir='ltr'>constricta,</span> <span class='ocrx_word' id='word_1_556' title='bbox 1506 3763 1516 3791; x_wconf 78' lang='grc' dir='ltr'><strong>ι</strong></span> <span class='ocrx_word' id='word_1_557' title='bbox 1538 3746 1590 3796; x_wconf 92' lang='lat' dir='ltr'>etc.</span> <span class='ocrx_word' id='word_1_558' title='bbox 1610 3739 1685 3796; x_wconf 81' lang='lat' dir='ltr'>Vide</span> <span class='ocrx_word' id='word_1_559' title='bbox 1698 3737 1780 3806; x_wconf 71' lang='lat' dir='ltr'>inid,</span> <span class='ocrx_word' id='word_1_560' title='bbox 1799 3753 1874 3808; x_wconf 79' lang='lat' dir='ltr'>resp.</span> 
     </span>
     <span class='ocr_line' id='line_1_42' title="bbox 43 3827 1187 3904; baseline 0 -19"><span class='ocrx_word' id='word_1_561' title='bbox 43 3838 45 3842; x_wconf 87' lang='grc'><strong>’</strong></span> <span class='ocrx_word' id='word_1_562' title='bbox 124 3845 189 3884; x_wconf 89' lang='lat' dir='ltr'>cum</span> <span class='ocrx_word' id='word_1_563' title='bbox 204 3830 336 3885; x_wconf 90' lang='lat' dir='ltr'>homiues</span> <span class='ocrx_word' id='word_1_564' title='bbox 352 3845 405 3902; x_wconf 93' lang='lat' dir='ltr'>per</span> <span class='ocrx_word' id='word_1_565' title='bbox 424 3829 619 3900; x_wconf 86' lang='lat' dir='ltr'>arrogantiam</span> <span class='ocrx_word' id='word_1_566' title='bbox 635 3827 803 3904; x_wconf 85' lang='lat' dir='ltr'>criminibus</span> <span class='ocrx_word' id='word_1_567' title='bbox 822 3844 855 3882; x_wconf 89' lang='lat' dir='ltr'>ac</span> <span class='ocrx_word' id='word_1_568' title='bbox 874 3829 972 3883; x_wconf 89' lang='lat' dir='ltr'>hemi·</span> <span class='ocrx_word' id='word_1_569' title='bbox 1027 3829 1125 3902; x_wconf 83' lang='lat' dir='ltr'>adep.</span> <span class='ocrx_word' id='word_1_570' title='bbox 1142 3833 1187 3885; x_wconf 82' lang='grc'>60.</span> 
     </span>
    </p>

    <p class='ocr_par' dir='ltr' id='par_1_9' title="bbox 48 3914 1878 4966">
     <span class='ocr_line' id='line_1_43' title="bbox 124 3914 1875 3990; baseline -0.002 -18"><span class='ocrx_word' id='word_1_571' title='bbox 124 3917 206 3973; x_wconf 90' lang='lat' dir='ltr'>cidiis</span> <span class='ocrx_word' id='word_1_572' title='bbox 221 3917 413 3973; x_wconf 83' lang='lat' dir='ltr'>involvuntur.</span> <span class='ocrx_word' id='word_1_573' title='bbox 431 3917 484 3973; x_wconf 89' lang='lat' dir='ltr'>Sed</span> <span class='ocrx_word' id='word_1_574' title='bbox 498 3932 563 3972; x_wconf 90' lang='lat' dir='ltr'>cum</span> <span class='ocrx_word' id='word_1_575' title='bbox 580 3917 654 3971; x_wconf 86' lang='lat' dir='ltr'>Deus</span> <span class='ocrx_word' id='word_1_576' title='bbox 673 3917 813 3988; x_wconf 88' lang='lat' dir='ltr'>populum</span> <span class='ocrx_word' id='word_1_577' title='bbox 833 3933 918 3972; x_wconf 93' lang='lat' dir='ltr'>sunm</span> <span class='ocrx_word' id='word_1_578' title='bbox 933 3917 974 3972; x_wconf 89' lang='lat' dir='ltr'>sic</span> <span class='ocrx_word' id='word_1_579' title='bbox 1063 3918 1192 3990; x_wconf 90' lang='lat' dir='ltr'>Cumque</span> <span class='ocrx_word' id='word_1_580' title='bbox 1206 3922 1303 3973; x_wconf 87' lang='lat' dir='ltr'>sancta</span> <span class='ocrx_word' id='word_1_581' title='bbox 1318 3917 1397 3989; x_wconf 81' lang='lat' dir='ltr'>virgo</span> <span class='ocrx_word' id='word_1_582' title='bbox 1413 3918 1523 3973; x_wconf 86' lang='lat' dir='ltr'>litteras</span> <span class='ocrx_word' id='word_1_583' title='bbox 1544 3915 1623 3981; x_wconf 88' lang='lat' dir='ltr'>istas,</span> <span class='ocrx_word' id='word_1_584' title='bbox 1655 3914 1763 3987; x_wconf 90' lang='lat' dir='ltr'>Spiritu</span> <span class='ocrx_word' id='word_1_585' title='bbox 1778 3917 1875 3968; x_wconf 89' lang='lat' dir='ltr'>sancto</span> 
     </span>
     <span class='ocr_line' id='line_1_44' title="bbox 124 4001 1874 4079; baseline -0.004 -18"><span class='ocrx_word' id='word_1_586' title='bbox 124 4007 299 4079; x_wconf 75' lang='lat' dir='ltr'>purgaverit,</span> <span class='ocrx_word' id='word_1_587' title='bbox 321 4005 436 4061; x_wconf 89' lang='lat' dir='ltr'>eosdem</span> <span class='ocrx_word' id='word_1_588' title='bbox 461 4005 577 4076; x_wconf 88' lang='lat' dir='ltr'>spiritns</span> <span class='ocrx_word' id='word_1_589' title='bbox 605 4005 635 4060; x_wconf 91' lang='lat' dir='ltr'>in</span> <span class='ocrx_word' id='word_1_590' title='bbox 664 4005 862 4060; x_wconf 90' lang='lat' dir='ltr'>confusionem</span> <span class='ocrx_word' id='word_1_591' title='bbox 884 4005 971 4072; x_wconf 87' lang='lat' dir='ltr'>ducit,</span> <span class='ocrx_word' id='word_1_592' title='bbox 1027 4007 1182 4073; x_wconf 83' lang='lat' dir='ltr'>revelante,</span> <span class='ocrx_word' id='word_1_593' title='bbox 1202 4006 1377 4077; x_wconf 87' lang='lat' dir='ltr'>perfecisset,</span> <span class='ocrx_word' id='word_1_594' title='bbox 1408 4022 1461 4076; x_wconf 91' lang='lat' dir='ltr'>per</span> <span class='ocrx_word' id='word_1_595' title='bbox 1488 4020 1591 4060; x_wconf 89' lang='lat' dir='ltr'>manus</span> <span class='ocrx_word' id='word_1_596' title='bbox 1610 4003 1749 4076; x_wconf 87' lang='lat' dir='ltr'>ejus,qui</span> <span class='ocrx_word' id='word_1_597' title='bbox 1765 4001 1874 4055; x_wconf 90' lang='lat' dir='ltr'>occulte</span> 
     </span>
     <span class='ocr_line' id='line_1_45' title="bbox 125 4092 1875 4167; baseline -0.003 -18"><span class='ocrx_word' id='word_1_598' title='bbox 125 4095 197 4150; x_wconf 86' lang='lat' dir='ltr'>sicut</span> <span class='ocrx_word' id='word_1_599' title='bbox 208 4094 236 4149; x_wconf 93' lang='lat' dir='ltr'>in</span> <span class='ocrx_word' id='word_1_600' title='bbox 256 4094 376 4166; x_wconf 83' lang='lat' dir='ltr'>praefate</span> <span class='ocrx_word' id='word_1_601' title='bbox 387 4094 506 4150; x_wconf 89' lang='lat' dir='ltr'>muliere</span> <span class='ocrx_word' id='word_1_602' title='bbox 520 4093 649 4165; x_wconf 84' lang='lat' dir='ltr'>contigit.</span> <span class='ocrx_word' id='word_1_603' title='bbox 666 4094 737 4149; x_wconf 90' lang='lat' dir='ltr'>Cum</span> <span class='ocrx_word' id='word_1_604' title='bbox 752 4094 830 4148; x_wconf 91' lang='lat' dir='ltr'>euim</span> <span class='ocrx_word' id='word_1_605' title='bbox 846 4110 970 4165; x_wconf 89' lang='lat' dir='ltr'>nequam</span> <span class='ocrx_word' id='word_1_606' title='bbox 1026 4096 1191 4167; x_wconf 74' lang='lat' dir='ltr'>quesierat,</span> <span class='ocrx_word' id='word_1_607' title='bbox 1206 4095 1280 4149; x_wconf 89' lang='lat' dir='ltr'>sicut</span> <span class='ocrx_word' id='word_1_608' title='bbox 1294 4094 1324 4149; x_wconf 91' lang='lat' dir='ltr'>in</span> <span class='ocrx_word' id='word_1_609' title='bbox 1346 4095 1420 4149; x_wconf 91' lang='lat' dir='ltr'>libro</span> <span class='ocrx_word' id='word_1_610' title='bbox 1442 4093 1556 4151; x_wconf 82' lang='lat' dir='ltr'>Sciriua</span> <span class='ocrx_word' id='word_1_611' title='bbox 1575 4092 1654 4159; x_wconf 90' lang='lat' dir='ltr'>dicit,</span> <span class='ocrx_word' id='word_1_612' title='bbox 1680 4093 1716 4147; x_wconf 85' lang='lat' dir='ltr'>ad</span> <span class='ocrx_word' id='word_1_613' title='bbox 1732 4096 1875 4146; x_wconf 90' lang='lat' dir='ltr'>monaste·</span> 
     </span>
     <span class='ocr_line' id='line_1_46' title="bbox 125 4181 1875 4256; baseline -0.004 -18"><span class='ocrx_word' id='word_1_614' title='bbox 125 4182 253 4256; x_wconf 90' lang='lat' dir='ltr'>spiritus,</span> <span class='ocrx_word' id='word_1_615' title='bbox 262 4183 623 4256; x_wconf 85' lang='lat' dir='ltr'>Deopermittcnte,plures</span> <span class='ocrx_word' id='word_1_616' title='bbox 634 4198 685 4253; x_wconf 88' lang='lat' dir='ltr'>per</span> <span class='ocrx_word' id='word_1_617' title='bbox 696 4187 900 4253; x_wconf 88' lang='lat' dir='ltr'>eam,propter</span> <span class='ocrx_word' id='word_1_618' title='bbox 910 4197 974 4253; x_wconf 89' lang='lat' dir='ltr'>pra·</span> <span class='ocrx_word' id='word_1_619' title='bbox 993 4184 1116 4251; x_wconf 74' lang='lat' dir='ltr'>urium,</span> <span class='ocrx_word' id='word_1_620' title='bbox 1133 4183 1182 4238; x_wconf 94' lang='lat' dir='ltr'>uhi</span> <span class='ocrx_word' id='word_1_621' title='bbox 1198 4183 1302 4238; x_wconf 87' lang='lat' dir='ltr'>mulier</span> <span class='ocrx_word' id='word_1_622' title='bbox 1325 4182 1486 4250; x_wconf 90' lang='lat' dir='ltr'>tenebatur,</span> <span class='ocrx_word' id='word_1_623' title='bbox 1521 4181 1610 4246; x_wconf 91' lang='lat' dir='ltr'>misit,</span> <span class='ocrx_word' id='word_1_624' title='bbox 1644 4187 1676 4235; x_wconf 92' lang='lat' dir='ltr'>ut</span> <span class='ocrx_word' id='word_1_625' title='bbox 1702 4195 1789 4250; x_wconf 91' lang='lat' dir='ltr'>super</span> <span class='ocrx_word' id='word_1_626' title='bbox 1813 4194 1875 4231; x_wconf 89' lang='lat' dir='ltr'>eam</span> 
     </span>
     <span class='ocr_line' id='line_1_47' title="bbox 124 4266 1877 4344; baseline -0.003 -16"><span class='ocrx_word' id='word_1_627' title='bbox 124 4289 174 4328; x_wconf 86' lang='lat' dir='ltr'>vos</span> <span class='ocrx_word' id='word_1_628' title='bbox 191 4289 283 4328; x_wconf 89' lang='lat' dir='ltr'>mores</span> <span class='ocrx_word' id='word_1_629' title='bbox 297 4279 327 4328; x_wconf 90' lang='lat' dir='ltr'>et</span> <span class='ocrx_word' id='word_1_630' title='bbox 342 4275 463 4344; x_wconf 88' lang='lat' dir='ltr'>peccata,</span> <span class='ocrx_word' id='word_1_631' title='bbox 474 4289 540 4344; x_wconf 79' lang='lat' dir='ltr'>quaa</span> <span class='ocrx_word' id='word_1_632' title='bbox 551 4271 786 4344; x_wconf 86' lang='lat' dir='ltr'>eispcrsuaserat,</span> <span class='ocrx_word' id='word_1_633' title='bbox 804 4273 897 4343; x_wconf 86' lang='lat' dir='ltr'>palum</span> <span class='ocrx_word' id='word_1_634' title='bbox 911 4287 974 4326; x_wconf 90' lang='lat' dir='ltr'>con·</span> <span class='ocrx_word' id='word_1_635' title='bbox 1028 4272 1177 4327; x_wconf 91' lang='lat' dir='ltr'>humiliter</span> <span class='ocrx_word' id='word_1_636' title='bbox 1193 4272 1390 4328; x_wconf 88' lang='lat' dir='ltr'>recitarentur.</span> <span class='ocrx_word' id='word_1_637' title='bbox 1419 4273 1549 4342; x_wconf 84' lang='lat' dir='ltr'>Cumque</span> <span class='ocrx_word' id='word_1_638' title='bbox 1574 4271 1697 4324; x_wconf 89' lang='lat' dir='ltr'>venisset</span> <span class='ocrx_word' id='word_1_639' title='bbox 1732 4268 1822 4322; x_wconf 87' lang='lat' dir='ltr'>lector</span> <span class='ocrx_word' id='word_1_640' title='bbox 1841 4266 1877 4322; x_wconf 88' lang='lat' dir='ltr'>ad</span> 
     </span>
     <span class='ocr_line' id='line_1_48' title="bbox 125 4357 1875 4434; baseline -0.005 -16"><span class='ocrx_word' id='word_1_641' title='bbox 125 4361 267 4430; x_wconf 89' lang='lat' dir='ltr'>funderet,</span> <span class='ocrx_word' id='word_1_642' title='bbox 289 4362 461 4434; x_wconf 85' lang='lat' dir='ltr'>quibusdam</span> <span class='ocrx_word' id='word_1_643' title='bbox 475 4362 629 4427; x_wconf 89' lang='lat' dir='ltr'>exterritis,</span> <span class='ocrx_word' id='word_1_644' title='bbox 647 4367 675 4416; x_wconf 93' lang='lat' dir='ltr'>et</span> <span class='ocrx_word' id='word_1_645' title='bbox 697 4378 748 4432; x_wconf 91' lang='lat' dir='ltr'>per</span> <span class='ocrx_word' id='word_1_646' title='bbox 763 4361 816 4415; x_wconf 94' lang='lat' dir='ltr'>hoc</span> <span class='ocrx_word' id='word_1_647' title='bbox 831 4361 973 4431; x_wconf 90' lang='lat' dir='ltr'>poeniteu·</span> <span class='ocrx_word' id='word_1_648' title='bbox 1027 4361 1123 4416; x_wconf 90' lang='lat' dir='ltr'>locum</span> <span class='ocrx_word' id='word_1_649' title='bbox 1139 4361 1233 4429; x_wconf 92' lang='lat' dir='ltr'>illum,</span> <span class='ocrx_word' id='word_1_650' title='bbox 1249 4360 1299 4416; x_wconf 90' lang='lat' dir='ltr'>ubi</span> <span class='ocrx_word' id='word_1_651' title='bbox 1314 4361 1343 4416; x_wconf 91' lang='lat' dir='ltr'>in</span> <span class='ocrx_word' id='word_1_652' title='bbox 1370 4361 1457 4416; x_wconf 91' lang='lat' dir='ltr'>finem</span> <span class='ocrx_word' id='word_1_653' title='bbox 1482 4360 1623 4430; x_wconf 88' lang='lat' dir='ltr'>scriptum</span> <span class='ocrx_word' id='word_1_654' title='bbox 1646 4365 1711 4412; x_wconf 91' lang='lat' dir='ltr'>est:</span> <span class='ocrx_word' id='word_1_655' title='bbox 1735 4378 1749 4407; x_wconf 86' lang='lat' dir='ltr'>u</span> <span class='ocrx_word' id='word_1_656' title='bbox 1767 4357 1801 4412; x_wconf 86' lang='lat' dir='ltr'>Et</span> <span class='ocrx_word' id='word_1_657' title='bbox 1822 4370 1875 4427; x_wconf 87' lang='lat' dir='ltr'>ego</span> 
     </span>
     <span class='ocr_line' id='line_1_49' title="bbox 125 4444 1876 4522; baseline -0.005 -16"><span class='ocrx_word' id='word_1_658' title='bbox 125 4451 201 4506; x_wconf 92' lang='lat' dir='ltr'>tibus</span> <span class='ocrx_word' id='word_1_659' title='bbox 214 4451 292 4506; x_wconf 92' lang='lat' dir='ltr'>idem</span> <span class='ocrx_word' id='word_1_660' title='bbox 313 4450 731 4522; x_wconf 86' lang='lat' dir='ltr'>malignusspiritusconfusua</span> <span class='ocrx_word' id='word_1_661' title='bbox 744 4455 796 4505; x_wconf 84' lang='lat' dir='ltr'>est.</span> <span class='ocrx_word' id='word_1_662' title='bbox 813 4451 882 4504; x_wconf 82' lang='lat' dir='ltr'>llam</span> <span class='ocrx_word' id='word_1_663' title='bbox 900 4450 974 4504; x_wconf 87' lang='lat' dir='ltr'>Deus</span> <span class='ocrx_word' id='word_1_664' title='bbox 1026 4449 1143 4505; x_wconf 89' lang='lat' dir='ltr'>indocta</span> <span class='ocrx_word' id='word_1_665' title='bbox 1159 4450 1371 4520; x_wconf 90' lang='lat' dir='ltr'>ctpaupercula</span> <span class='ocrx_word' id='word_1_666' title='bbox 1386 4449 1510 4504; x_wconf 89' lang='lat' dir='ltr'>feminea</span> <span class='ocrx_word' id='word_1_667' title='bbox 1534 4447 1637 4517; x_wconf 89' lang='lat' dir='ltr'>forma,</span> <span class='ocrx_word' id='word_1_668' title='bbox 1652 4463 1670 4501; x_wconf 91' lang='lat' dir='ltr'>o</span> <span class='ocrx_word' id='word_1_669' title='bbox 1688 4444 1876 4516; x_wconf 87' lang='lat' dir='ltr'>blasphemiae</span> 
     </span>
     <span class='ocr_line' id='line_1_50' title="bbox 125 4535 1878 4609; baseline -0.005 -14"><span class='ocrx_word' id='word_1_670' title='bbox 125 4539 231 4595; x_wconf 90' lang='lat' dir='ltr'>amicos</span> <span class='ocrx_word' id='word_1_671' title='bbox 252 4556 320 4594; x_wconf 88' lang='lat' dir='ltr'>suos</span> <span class='ocrx_word' id='word_1_672' title='bbox 346 4539 567 4594; x_wconf 88' lang='lat' dir='ltr'>adversitatibus</span> <span class='ocrx_word' id='word_1_673' title='bbox 585 4544 613 4594; x_wconf 93' lang='lat' dir='ltr'>et</span> <span class='ocrx_word' id='word_1_674' title='bbox 636 4537 852 4594; x_wconf 86' lang='lat' dir='ltr'>infirmitatibus</span> <span class='ocrx_word' id='word_1_675' title='bbox 882 4538 974 4609; x_wconf 89' lang='lat' dir='ltr'>affligi</span> <span class='ocrx_word' id='word_1_676' title='bbox 1028 4544 1057 4593; x_wconf 93' lang='lat' dir='ltr'>et</span> <span class='ocrx_word' id='word_1_677' title='bbox 1076 4537 1186 4593; x_wconf 87' lang='lat' dir='ltr'>derisor</span> <span class='ocrx_word' id='word_1_678' title='bbox 1213 4537 1340 4609; x_wconf 85' lang='lat' dir='ltr'>spiritns,</span> <span class='ocrx_word' id='word_1_679' title='bbox 1372 4537 1422 4592; x_wconf 91' lang='lat' dir='ltr'>tibi</span> <span class='ocrx_word' id='word_1_680' title='bbox 1450 4537 1513 4593; x_wconf 87' lang='lat' dir='ltr'>dico</span> <span class='ocrx_word' id='word_1_681' title='bbox 1540 4537 1643 4591; x_wconf 85' lang='lat' dir='ltr'>inille</span> <span class='ocrx_word' id='word_1_682' title='bbox 1671 4535 1799 4602; x_wconf 83' lang='lat' dir='ltr'>veritate,</span> <span class='ocrx_word' id='word_1_683' title='bbox 1820 4549 1878 4604; x_wconf 92' lang='lat' dir='ltr'>qua</span> 
     </span>
     <span class='ocr_line' id='line_1_51' title="bbox 48 4622 1876 4701; baseline -0.005 -17"><span class='ocrx_word' id='word_1_684' title='bbox 48 4657 49 4663; x_wconf 60' lang='lat'>.</span> <span class='ocrx_word' id='word_1_685' title='bbox 125 4627 275 4701; x_wconf 90' lang='lat' dir='ltr'>permittit,</span> <span class='ocrx_word' id='word_1_686' title='bbox 290 4634 318 4683; x_wconf 93' lang='lat' dir='ltr'>ut</span> <span class='ocrx_word' id='word_1_687' title='bbox 335 4646 350 4682; x_wconf 90' lang='lat' dir='ltr'>a</span> <span class='ocrx_word' id='word_1_688' title='bbox 366 4627 448 4682; x_wconf 91' lang='lat' dir='ltr'>malis</span> <span class='ocrx_word' id='word_1_689' title='bbox 464 4633 634 4699; x_wconf 85' lang='lat' dir='ltr'>purgentur,</span> <span class='ocrx_word' id='word_1_690' title='bbox 648 4627 723 4682; x_wconf 92' lang='lat' dir='ltr'>unde</span> <span class='ocrx_word' id='word_1_691' title='bbox 732 4627 841 4683; x_wconf 92' lang='lat' dir='ltr'>inimici</span> <span class='ocrx_word' id='word_1_692' title='bbox 856 4627 974 4682; x_wconf 91' lang='lat' dir='ltr'>confun·</span> <span class='ocrx_word' id='word_1_693' title='bbox 1028 4643 1082 4699; x_wconf 86' lang='lat' dir='ltr'>ego</span> <span class='ocrx_word' id='word_1_694' title='bbox 1097 4627 1271 4698; x_wconf 87' lang='lat' dir='ltr'>paupercula</span> <span class='ocrx_word' id='word_1_695' title='bbox 1288 4632 1317 4682; x_wconf 86' lang='lat' dir='ltr'>et</span> <span class='ocrx_word' id='word_1_696' title='bbox 1330 4627 1447 4681; x_wconf 92' lang='lat' dir='ltr'>indocta</span> <span class='ocrx_word' id='word_1_697' title='bbox 1465 4626 1559 4680; x_wconf 90' lang='lat' dir='ltr'>forma</span> <span class='ocrx_word' id='word_1_698' title='bbox 1574 4623 1609 4680; x_wconf 90' lang='lat' dir='ltr'>de</span> <span class='ocrx_word' id='word_1_699' title='bbox 1632 4624 1743 4678; x_wconf 90' lang='lat' dir='ltr'>lumine</span> <span class='ocrx_word' id='word_1_700' title='bbox 1763 4622 1876 4693; x_wconf 89' lang='lat' dir='ltr'>sapien·</span> 
     </span>
     <span class='ocr_line' id='line_1_52' title="bbox 126 4710 1876 4787; baseline -0.005 -15"><span class='ocrx_word' id='word_1_701' title='bbox 126 4716 473 4787; x_wconf 85' lang='lat' dir='ltr'>duntur,cumelectiper</span> <span class='ocrx_word' id='word_1_702' title='bbox 487 4715 691 4787; x_wconf 91' lang='lat' dir='ltr'>purgationem</span> <span class='ocrx_word' id='word_1_703' title='bbox 704 4715 890 4786; x_wconf 87' lang='lat' dir='ltr'>fulgentiores</span> <span class='ocrx_word' id='word_1_704' title='bbox 902 4715 973 4786; x_wconf 90' lang='lat' dir='ltr'>lapi·</span> <span class='ocrx_word' id='word_1_705' title='bbox 1028 4716 1229 4771; x_wconf 78' lang='lat' dir='ltr'>tiahaecvidi</span> <span class='ocrx_word' id='word_1_706' title='bbox 1258 4720 1286 4771; x_wconf 89' lang='lat' dir='ltr'>et</span> <span class='ocrx_word' id='word_1_707' title='bbox 1307 4715 1458 4784; x_wconf 57' lang='lat' dir='ltr'>audiebat</span> <span class='ocrx_word' id='word_1_708' title='bbox 1484 4731 1537 4787; x_wconf 89' lang='lat' dir='ltr'>per</span> <span class='ocrx_word' id='word_1_709' title='bbox 1558 4712 1690 4768; x_wconf 90' lang='lat' dir='ltr'>eamdem</span> <span class='ocrx_word' id='word_1_710' title='bbox 1704 4710 1876 4784; x_wconf 88' lang='lat' dir='ltr'>sapientiam</span> 
     </span>
     <span class='ocr_line' id='line_1_53' title="bbox 125 4799 1876 4876; baseline -0.004 -15"><span class='ocrx_word' id='word_1_711' title='bbox 125 4806 277 4861; x_wconf 86' lang='lat' dir='ltr'>desceram</span> <span class='ocrx_word' id='word_1_712' title='bbox 288 4805 346 4860; x_wconf 86' lang='lat' dir='ltr'>beo</span> <span class='ocrx_word' id='word_1_713' title='bbox 355 4804 530 4860; x_wconf 88' lang='lat' dir='ltr'>efficiuntur.</span> <span class='ocrx_word' id='word_1_714' title='bbox 542 4806 671 4876; x_wconf 85' lang='lat' dir='ltr'>Cumque</span> <span class='ocrx_word' id='word_1_715' title='bbox 684 4803 842 4858; x_wconf 85' lang='lat' dir='ltr'>mulierilln</span> <span class='ocrx_word' id='word_1_716' title='bbox 850 4820 902 4874; x_wconf 80' lang='lat' dir='ltr'>por</span> <span class='ocrx_word' id='word_1_717' title='bbox 911 4803 976 4876; x_wconf 91' lang='lat' dir='ltr'>plu·</span> <span class='ocrx_word' id='word_1_718' title='bbox 1027 4804 1082 4860; x_wconf 92' lang='lat' dir='ltr'>tibi</span> <span class='ocrx_word' id='word_1_719' title='bbox 1101 4803 1250 4876; x_wconf 72' lang='lat' dir='ltr'>precipio,</span> <span class='ocrx_word' id='word_1_720' title='bbox 1276 4809 1309 4860; x_wconf 91' lang='lat' dir='ltr'>ut</span> <span class='ocrx_word' id='word_1_721' title='bbox 1322 4803 1357 4859; x_wconf 91' lang='lat' dir='ltr'>de</span> <span class='ocrx_word' id='word_1_722' title='bbox 1373 4804 1427 4860; x_wconf 88' lang='lat' dir='ltr'>ista</span> <span class='ocrx_word' id='word_1_723' title='bbox 1441 4803 1557 4858; x_wconf 91' lang='lat' dir='ltr'>homine</span> <span class='ocrx_word' id='word_1_724' title='bbox 1570 4802 1601 4856; x_wconf 91' lang='lat' dir='ltr'>in</span> <span class='ocrx_word' id='word_1_725' title='bbox 1628 4818 1695 4857; x_wconf 89' lang='lat' dir='ltr'>vera</span> <span class='ocrx_word' id='word_1_726' title='bbox 1712 4799 1876 4869; x_wconf 89' lang='lat' dir='ltr'>stabilitate,</span> 
     </span>
     <span class='ocr_line' id='line_1_54' title="bbox 126 4886 1877 4966; baseline -0.004 -17"><span class='ocrx_word' id='word_1_727' title='bbox 126 4893 199 4950; x_wconf 88' lang='lat' dir='ltr'>rima</span> <span class='ocrx_word' id='word_1_728' title='bbox 214 4895 275 4950; x_wconf 89' lang='lat' dir='ltr'>loca</span> <span class='ocrx_word' id='word_1_729' title='bbox 290 4894 448 4950; x_wconf 87' lang='lat' dir='ltr'>adsauctos</span> <span class='ocrx_word' id='word_1_730' title='bbox 463 4898 536 4949; x_wconf 87' lang='lat' dir='ltr'>esset</span> <span class='ocrx_word' id='word_1_731' title='bbox 550 4890 682 4961; x_wconf 88' lang='lat' dir='ltr'>deducta,</span> <span class='ocrx_word' id='word_1_732' title='bbox 702 4893 820 4964; x_wconf 88' lang='lat' dir='ltr'>spiritus</span> <span class='ocrx_word' id='word_1_733' title='bbox 835 4892 885 4966; x_wconf 89' lang='lat' dir='ltr'>qui</span> <span class='ocrx_word' id='word_1_734' title='bbox 910 4909 975 4949; x_wconf 88' lang='lat' dir='ltr'>eam</span> <span class='ocrx_word' id='word_1_735' title='bbox 1028 4897 1059 4948; x_wconf 91' lang='lat' dir='ltr'>et</span> <span class='ocrx_word' id='word_1_736' title='bbox 1073 4907 1131 4946; x_wconf 90' lang='lat' dir='ltr'>nou</span> <span class='ocrx_word' id='word_1_737' title='bbox 1145 4891 1176 4946; x_wconf 93' lang='lat' dir='ltr'>iu</span> <span class='ocrx_word' id='word_1_738' title='bbox 1199 4891 1314 4947; x_wconf 91' lang='lat' dir='ltr'>turbine</span> <span class='ocrx_word' id='word_1_739' title='bbox 1339 4889 1536 4946; x_wconf 88' lang='lat' dir='ltr'>instabilitatis</span> <span class='ocrx_word' id='word_1_740' title='bbox 1562 4894 1618 4944; x_wconf 79' lang='lat' dir='ltr'>ture</span> <span class='ocrx_word' id='word_1_741' title='bbox 1646 4904 1739 4955; x_wconf 87' lang='lat' dir='ltr'>excas,</span> <span class='ocrx_word' id='word_1_742' title='bbox 1762 4907 1777 4939; x_wconf 81' lang='lat' dir='ltr'>s</span> <span class='ocrx_word' id='word_1_743' title='bbox 1800 4886 1877 4942; x_wconf 88' lang='lat' dir='ltr'>idem</span> 
     </span>
    </p>
   </div>
   <div class='ocr_carea' id='block_1_8' title="bbox 125 5064 1878 5496">
    <p class='ocr_par' dir='ltr' id='par_1_10' title="bbox 125 5064 1878 5349">
     <span class='ocr_line' id='line_1_55' title="bbox 163 5064 1877 5143; baseline -0.006 -17"><span class='ocrx_word' id='word_1_744' title='bbox 163 5071 217 5142; x_wconf 82' lang='grc'>(50)</span> <span class='ocrx_word' id='word_1_745' title='bbox 253 5073 317 5127; x_wconf 85' lang='lat' dir='ltr'>llaec</span> <span class='ocrx_word' id='word_1_746' title='bbox 349 5087 406 5126; x_wconf 91' lang='lat' dir='ltr'>non</span> <span class='ocrx_word' id='word_1_747' title='bbox 431 5075 594 5143; x_wconf 87' lang='lat' dir='ltr'>congruunt</span> <span class='ocrx_word' id='word_1_748' title='bbox 621 5085 686 5124; x_wconf 88' lang='lat' dir='ltr'>cnm</span> <span class='ocrx_word' id='word_1_749' title='bbox 720 5070 862 5124; x_wconf 83' lang='lat' dir='ltr'>sententia</span> <span class='ocrx_word' id='word_1_750' title='bbox 893 5069 974 5124; x_wconf 84' lang='lat' dir='ltr'>ibeo·</span> <span class='ocrx_word' id='word_1_751' title='bbox 1030 5066 1280 5133; x_wconf 77' lang='lat' dir='ltr'>Brunwillcn&#39;um,</span> <span class='ocrx_word' id='word_1_752' title='bbox 1305 5072 1354 5122; x_wconf 92' lang='lat' dir='ltr'>ant</span> <span class='ocrx_word' id='word_1_753' title='bbox 1376 5066 1462 5121; x_wconf 79' lang='lat' dir='ltr'>etiam</span> <span class='ocrx_word' id='word_1_754' title='bbox 1480 5064 1768 5122; x_wconf 84' lang='lat' dir='ltr'>Bruwilervocatum</span> <span class='ocrx_word' id='word_1_755' title='bbox 1793 5077 1877 5133; x_wconf 89' lang='lat' dir='ltr'>repe·</span> 
     </span>
     <span class='ocr_line' id='line_1_56' title="bbox 126 5132 1876 5216; baseline -0.006 -20"><span class='ocrx_word' id='word_1_756' title='bbox 126 5143 269 5212; x_wconf 88' lang='lat' dir='ltr'>iugerum.</span> <span class='ocrx_word' id='word_1_757' title='bbox 299 5142 369 5198; x_wconf 90' lang='lat' dir='ltr'>Vide</span> <span class='ocrx_word' id='word_1_758' title='bbox 398 5143 493 5214; x_wconf 89' lang='lat' dir='ltr'>itaque</span> <span class='ocrx_word' id='word_1_759' title='bbox 534 5139 718 5197; x_wconf 79' lang='lat' dir='ltr'>benedictum</span> <span class='ocrx_word' id='word_1_760' title='bbox 744 5141 801 5196; x_wconf 85' lang='lat' dir='ltr'>xlv</span> <span class='ocrx_word' id='word_1_761' title='bbox 834 5141 864 5195; x_wconf 91' lang='lat' dir='ltr'>in</span> <span class='ocrx_word' id='word_1_762' title='bbox 888 5155 975 5212; x_wconf 88' lang='lat' dir='ltr'>opera</span> <span class='ocrx_word' id='word_1_763' title='bbox 1028 5138 1083 5192; x_wconf 87' lang='lat' dir='ltr'>rio.</span> <span class='ocrx_word' id='word_1_764' title='bbox 1099 5140 1262 5195; x_wconf 65' lang='lat' dir='ltr'>&amp;orandum</span> <span class='ocrx_word' id='word_1_765' title='bbox 1290 5139 1457 5209; x_wconf 91' lang='lat' dir='ltr'>Catalognm</span> <span class='ocrx_word' id='word_1_766' title='bbox 1483 5137 1631 5203; x_wconf 89' lang='lat' dir='ltr'>abbatum,</span> <span class='ocrx_word' id='word_1_767' title='bbox 1649 5151 1735 5206; x_wconf 92' lang='lat' dir='ltr'>quem</span> <span class='ocrx_word' id='word_1_768' title='bbox 1751 5140 1820 5216; x_wconf 76' lang='lat' dir='ltr'>torn.</span> <span class='ocrx_word' id='word_1_769' title='bbox 1835 5132 1876 5214; x_wconf 95' lang='grc' dir='ltr'>Ι111</span> 
     </span>
     <span class='ocr_line' id='line_1_57' title="bbox 125 5206 1878 5287; baseline -0.006 -20"><span class='ocrx_word' id='word_1_770' title='bbox 125 5213 292 5284; x_wconf 91' lang='lat' dir='ltr'>frequenter</span> <span class='ocrx_word' id='word_1_771' title='bbox 330 5213 454 5282; x_wconf 85' lang='lat' dir='ltr'>laudato,</span> <span class='ocrx_word' id='word_1_772' title='bbox 497 5212 546 5267; x_wconf 91' lang='lat' dir='ltr'>lib.</span> <span class='ocrx_word' id='word_1_773' title='bbox 586 5227 624 5280; x_wconf 87' lang='lat' dir='ltr'>rv,</span> <span class='ocrx_word' id='word_1_774' title='bbox 664 5216 739 5282; x_wconf 90' lang='lat' dir='ltr'>part.</span> <span class='ocrx_word' id='word_1_775' title='bbox 780 5227 796 5274; x_wconf 87' lang='grc' dir='ltr'>ι,</span> <span class='ocrx_word' id='word_1_776' title='bbox 830 5228 894 5283; x_wconf 90' lang='lat' dir='ltr'>cap.</span> <span class='ocrx_word' id='word_1_777' title='bbox 928 5213 974 5280; x_wconf 71' lang='lat'>⁸29,</span> <span class='ocrx_word' id='word_1_778' title='bbox 1030 5209 1133 5266; x_wconf 78' lang='lat' dir='ltr'>Gellia</span> <span class='ocrx_word' id='word_1_779' title='bbox 1147 5209 1324 5276; x_wconf 76' lang='lat' dir='ltr'>Christiane,</span> <span class='ocrx_word' id='word_1_780' title='bbox 1345 5211 1400 5264; x_wconf 88' lang='lat' dir='ltr'>cul.</span> <span class='ocrx_word' id='word_1_781' title='bbox 1424 5210 1521 5263; x_wconf 70' lang='lat' dir='ltr'>libet</span> <span class='ocrx_word' id='word_1_782' title='bbox 1546 5224 1627 5278; x_wconf 89' lang='lat' dir='ltr'>seqq.</span> <span class='ocrx_word' id='word_1_783' title='bbox 1657 5207 1706 5260; x_wconf 90' lang='lat' dir='ltr'>dat</span> <span class='ocrx_word' id='word_1_784' title='bbox 1729 5206 1878 5287; x_wconf 80' lang='lat' dir='ltr'>Dionysius</span> 
     </span>
     <span class='ocr_line' id='line_1_58' title="bbox 127 5276 1877 5349; baseline -0.006 -11"><span class='ocrx_word' id='word_1_785' title='bbox 127 5299 207 5338; x_wconf 90' lang='lat' dir='ltr'>num.</span> <span class='ocrx_word' id='word_1_786' title='bbox 228 5287 256 5338; x_wconf 73' lang='lat'>2.</span> <span class='ocrx_word' id='word_1_787' title='bbox 1029 5280 1277 5349; x_wconf 77' lang='lat' dir='ltr'>sammarthanus,</span> <span class='ocrx_word' id='word_1_788' title='bbox 1309 5280 1397 5336; x_wconf 89' lang='lat' dir='ltr'>abbas</span> <span class='ocrx_word' id='word_1_789' title='bbox 1444 5279 1492 5335; x_wconf 91' lang='lat' dir='ltr'>hic</span> <span class='ocrx_word' id='word_1_790' title='bbox 1522 5278 1654 5333; x_wconf 86' lang='lat' dir='ltr'>laudatus</span> <span class='ocrx_word' id='word_1_791' title='bbox 1686 5276 1787 5331; x_wconf 80' lang='lat' dir='ltr'>debuit</span> <span class='ocrx_word' id='word_1_792' title='bbox 1816 5290 1877 5329; x_wconf 86' lang='lat' dir='ltr'>esse</span> 
     </span>
    </p>

    <p class='ocr_par' dir='ltr' id='par_1_11' title="bbox 128 5349 1706 5496">
     <span class='ocr_line' id='line_1_59' title="bbox 164 5349 1706 5423; baseline -0.005 -15"><span class='ocrx_word' id='word_1_793' title='bbox 164 5356 218 5423; x_wconf 69' lang='lat'>(5¹)</span> <span class='ocrx_word' id='word_1_794' title='bbox 236 5355 403 5410; x_wconf 81' lang='lat' dir='ltr'>Cmnohium</span> <span class='ocrx_word' id='word_1_795' title='bbox 424 5359 468 5410; x_wconf 87' lang='lat' dir='ltr'>est</span> <span class='ocrx_word' id='word_1_796' title='bbox 486 5353 597 5409; x_wconf 89' lang='lat' dir='ltr'>ordinis</span> <span class='ocrx_word' id='word_1_797' title='bbox 614 5352 768 5417; x_wconf 82' lang='lat' dir='ltr'>Benedicti,</span> <span class='ocrx_word' id='word_1_798' title='bbox 789 5353 875 5408; x_wconf 91' lang='lat' dir='ltr'>unius</span> <span class='ocrx_word' id='word_1_799' title='bbox 896 5353 975 5408; x_wconf 82' lang='lat' dir='ltr'>borae</span> <span class='ocrx_word' id='word_1_800' title='bbox 1029 5352 1215 5423; x_wconf 83' lang='lat' dir='ltr'>Coldotphus,</span> <span class='ocrx_word' id='word_1_801' title='bbox 1229 5354 1312 5422; x_wconf 79' lang='lat' dir='ltr'>cujus</span> <span class='ocrx_word' id='word_1_802' title='bbox 1332 5367 1410 5408; x_wconf 88' lang='lat' dir='ltr'>mors</span> <span class='ocrx_word' id='word_1_803' title='bbox 1424 5349 1610 5421; x_wconf 88' lang='lat' dir='ltr'>figiturauue</span> <span class='ocrx_word' id='word_1_804' title='bbox 1629 5350 1706 5402; x_wconf 86' lang='grc'><strong>1177.</strong></span> 
     </span>
     <span class='ocr_line' id='line_1_60' title="bbox 128 5424 976 5496; baseline 0.002 -18"><span class='ocrx_word' id='word_1_805' title='bbox 128 5425 232 5480; x_wconf 90' lang='lat' dir='ltr'>itinere</span> <span class='ocrx_word' id='word_1_806' title='bbox 270 5426 389 5482; x_wconf 91' lang='lat' dir='ltr'>Colonia</span> <span class='ocrx_word' id='word_1_807' title='bbox 415 5426 534 5492; x_wconf 90' lang='lat' dir='ltr'>distans,</span> <span class='ocrx_word' id='word_1_808' title='bbox 568 5425 645 5496; x_wconf 93' lang='lat' dir='ltr'>quod</span> <span class='ocrx_word' id='word_1_809' title='bbox 677 5424 899 5481; x_wconf 88' lang='lat' dir='ltr'>Brunvillurium</span> <span class='ocrx_word' id='word_1_810' title='bbox 926 5428 976 5480; x_wconf 90' lang='lat' dir='ltr'>aut</span> 
     </span>
    </p>
   </div>
   <div class='ocr_carea' id='block_1_9' title="bbox 0 0 1996 6034">
    <p class='ocr_par' dir='ltr' id='par_1_12' title="bbox 0 0 1996 6034">
     <span class='ocr_line' id='line_1_61' title="bbox 0 0 1996 6034; baseline 0 0"><span class='ocrx_word' id='word_1_811' title='bbox 0 0 1996 6034; x_wconf 95' lang='lat' dir='ltr'> </span> 
     </span>
    </p>
   </div>
  </div>
 </body>
</html>
