3984 6034
101 219 148 266 ior
730 222 873 278 SCll'le.
891 253 923 260 -
935 222 1001 278 titt.
1026 224 1061 280 tl.
1083 223 1170 278 visto
1191 225 1219 277 l.
1731 275 1734 282 .
1805 231 1852 284 titt

95 352 269 417 Quomodo?
293 353 365 409 Cum
391 354 542 410 saculares
565 369 666 410 causas
690 354 721 410 iu
737 371 836 412 amore
860 357 910 412 llei
930 373 947 411 a
964 361 987 413 Α
1003 363 1101 430 postea
1115 359 1146 414 in
1160 359 1253 415 calore
1268 360 1379 415 terrens
1408 360 1447 416 ita
1465 361 1493 416 ei
1517 363 1669 434 copuletur
1692 363 1850 420 sectandum

94 457 217 514 corpore
248 447 299 496 tao
331 441 480 514 abjeceris,
516 447 585 497 tunc
620 444 704 516 quasi
735 445 947 516 pulcherrimus
1001 448 1080 519 quod
1109 449 1163 504 boc
1187 448 1324 520 perlicere
1342 449 1420 519 vult;
1438 449 1509 506 illud
1536 451 1667 508 videlicet
1695 454 1850 526 transposi-

93 530 150 586 llos
164 530 304 586 ascendes
329 532 380 603 qui
405 532 436 587 in
456 532 565 587 eoelesti
587 533 765 588 Hierusalem
780 533 946 590 sineeridi-
1001 540 1064 590 tom
1085 541 1135 592 aut
1166 537 1197 591 in
1217 536 1388 593 exaltatione
1419 538 1534 604 mentis,
1559 545 1608 594 aut
1634 541 1663 594 iu
1690 541 1849 612 petulantia

93 622 235 675 tetecum
255 620 326 676 titio
351 621 401 675 llei
422 620 516 688 floret,
533 622 637 693 inquo
658 622 757 676 omnia
778 630 947 679 ornamenta
1001 623 1170 688 camisam
1198 624 1227 678 in
1256 625 1402 695 superflua
1428 624 1595 696 pollutione,
1624 632 1673 682 aut
1694 627 1724 682 in
1752 643 1848 683 occea-

95 708 264 764 aoimarum
290 715 448 779 apparent;
465 710 534 780 quia
555 715 636 765 vetus
656 710 744 765 bomo
765 712 945 767 omnessbo-
1000 713 1081 768 sione
1093 711 1295 781 excusationis,
1318 719 1368 768 aut
1394 713 1424 767 in
1449 713 1644 770 vicissitudine
1672 715 1848 786 operationis

96 797 272 852 minationes
294 797 447 853 hominum
462 798 582 871 protect,
601 816 692 855 novus
710 804 807 856 eutem
829 817 946 857 omnem
1000 817 1114 856 sursum
1158 805 1207 856 aut
1245 801 1380 856 deorsum
1413 801 1611 874 imprudenter
1642 803 1757 872 vadens,
1794 821 1847 861 nec

94 885 351 942 sanctificationem
385 887 524 942 virtutum
558 887 690 944 aedificat.
723 888 758 943 Et
787 889 853 944 ideo
880 906 947 945 eum
1001 889 1084 962 quale
1108 889 1328 946 fundamentum
1348 889 1385 944 sit
1402 889 1578 959 discernens,
1602 895 1631 946 et
1646 907 1681 946 an
1708 893 1777 948 utile
1796 900 1847 948 aut

93 973 130 1027 ad
153 973 230 1028 hanc
249 973 503 1029 sanctificationem
535 976 658 1044 veneris,
697 977 833 1034 erubesce
866 978 944 1034 anti·
1001 977 1103 1056 inutile
1128 979 1175 1046 sit,
1193 977 1264 1033 scire
1290 982 1495 1032 contemnens:
1511 994 1578 1033 vero
1602 978 1657 1034 boc
1678 979 1756 1050 justo
1769 979 1846 1050 judi-

94 1077 188 1134 quum
210 1066 376 1138 sexpeptem
409 1063 460 1136 qui
486 1065 674 1136 semetipsum
706 1082 724 1118 a
758 1065 947 1122 beatitudinis
1000 1065 1043 1122 cio
1066 1066 1239 1133 destruetur,
1264 1066 1401 1138 quoniam
1426 1066 1635 1137 plantationem
1658 1065 1847 1124 illamintali

94 1150 159 1206 loco
186 1149 300 1222 dejecit,
332 1166 385 1222 per
416 1151 577 1224 appetitum
611 1151 706 1208 inanis
746 1154 849 1226 gloriae
882 1154 945 1210 imi·
1000 1171 1058 1210 non
1083 1155 1222 1226 plantavit
1252 1154 1337 1209 Pater
1359 1154 1423 1222 ille;
1449 1154 1498 1226 qui
1529 1154 1665 1210 emiorum
1696 1161 1725 1211 et
1753 1157 1847 1212 omnis

93 1239 161 1293 tari.
187 1239 263 1305 Quid
286 1239 364 1294 hoc?
401 1239 432 1296 si
461 1239 567 1296 videris
605 1241 733 1314 aliquem
765 1247 793 1297 te
824 1243 946 1299 ornatio-
995 1241 1272 1313 justitimhabitator
1296 1245 1347 1310 est,
1370 1246 1399 1297 et
1425 1241 1491 1296 ideo
1518 1241 1609 1313 ejecta
1631 1245 1749 1308 arescet,
1778 1243 1847 1315 quia

95 1343 169 1397 rem,
196 1343 263 1382 cave
287 1343 325 1384 ne
355 1344 407 1400 per
426 1329 613 1401 cupiditatem
646 1331 752 1386 mentis
774 1336 831 1386 tua·
860 1347 947 1404 snper
1001 1330 1036 1386 de
1051 1331 1192 1386 rorecoeli
1207 1347 1266 1386 nou
1281 1329 1419 1392 aseendit,
1436 1330 1483 1386 sed
1513 1330 1548 1386 de
1578 1347 1662 1387 succo
1687 1331 1782 1387 carnis
1797 1345 1848 1386 ve-

94 1430 163 1472 eum
180 1416 327 1482 ascendas,
358 1417 471 1474 diceus:
502 1418 570 1473 velo
597 1434 684 1490 super
705 1419 799 1486 illum,
816 1424 866 1475 aut
888 1421 945 1475 sic·
1001 1420 1053 1474 nit.
1075 1420 1248 1485 Quomodo?
1273 1419 1345 1485 Quia
1375 1419 1463 1474 bomo
1491 1435 1544 1490 per
1558 1421 1675 1476 attritam
1700 1420 1848 1476 scientiam

93 1512 128 1561 nt
151 1505 201 1560 ille
216 1509 261 1559 est
281 1520 356 1562 esse.
374 1504 453 1570 Quod
477 1505 502 1560 si
524 1505 579 1560 boc
605 1507 691 1561 modo
717 1511 744 1560 tc
768 1508 945 1575 exaltaveris,
1001 1523 1082 1564 suam
1097 1510 1152 1564 huc
1168 1523 1241 1580 opus
1256 1508 1374 1575 taciens,
1396 1523 1449 1562 nec
1468 1506 1610 1580 justitiam
1639 1522 1692 1562 nec
1715 1508 1845 1562 volunta·

93 1591 229 1666 nunquid
250 1599 319 1649 tune
342 1593 435 1649 tidelis
463 1609 561 1649 servus
582 1610 623 1662 es,
646 1609 711 1648 cum
730 1595 883 1651 Dominum
910 1597 945 1652 ad
1001 1599 1058 1652 tem
1084 1596 1224 1654 Crantoris
1245 1595 1288 1651 soi
1317 1595 1460 1666 inspicere
1488 1595 1597 1661 voluit;
1625 1594 1675 1649 sed
1705 1595 1741 1649 ad
1767 1595 1848 1650 illum

95 1681 274 1738 iracundiam
292 1698 439 1753 provocas,
455 1682 496 1736 ita
509 1682 587 1753 quod
603 1687 631 1738 ta
642 1681 684 1737 illi
696 1684 838 1755 opponis?
852 1685 906 1741 Sed
921 1685 945 1739 si
965 1653 1050 1758 Bqui
1069 1699 1183 1756 sempor
1206 1689 1298 1739 rotam
1328 1683 1422 1738 carnis
1449 1682 1539 1754 ipsius
1563 1683 1781 1752 infatigabiliter
1799 1699 1848 1738 ex-

96 1772 273 1827 intellexeris
297 1771 425 1842 aliquam
450 1771 593 1826 valentius
625 1777 747 1840 nature,
771 1773 871 1843 gratiae
897 1779 947 1830 aut
1000 1773 1097 1842 agitat,
1117 1771 1253 1842 respexit.
1273 1773 1343 1826 Nam
1363 1771 1439 1844 qood
1464 1770 1629 1826 hominibus
1648 1787 1714 1826 earm
1732 1774 1848 1827 oculum

95 1861 217 1914 tonante
232 1860 341 1914 douram
357 1860 463 1914 babere
482 1875 570 1931 quiem
594 1863 624 1914 to
643 1861 758 1926 babeas,
774 1863 798 1914 si
816 1867 884 1916 tunc
904 1863 943 1918 illi
1000 1864 1181 1916 suumacule
1199 1863 1227 1914 in
1256 1860 1348 1915 lteram
1379 1859 1598 1930 ligerenolunt‚
1629 1875 1680 1931 par
1704 1859 1847 1931 deceptio-

95 1965 147 2019 per
179 1949 317 2004 invidiam
349 1948 518 2014 detraxeris,
542 1949 660 2019 planam
680 1949 754 2004 viam
776 1951 948 2006 nonambu·
1002 1965 1067 2004 nem
1093 1948 1196 2004 mentis
1224 1964 1283 2002 sua
1305 1947 1460 2020 aliquando
1483 1947 1733 2014 bonumvidatur3
1751 1949 1774 2002 si
1795 1949 1848 2003 hoc

95 2041 148 2102 las,
172 2037 222 2092 sed
249 2053 301 2108 per
329 2037 412 2092 devia
440 2037 560 2092 incedis.
597 2037 779 2108 Quapropter
801 2039 885 2094 stude
915 2039 946 2094 in
1001 2038 1152 2110 inspiratio
1169 2037 1292 2108 Spiritus
1305 2035 1395 2092 saneti
1412 2052 1469 2091 nou
1496 2035 1636 2103 calefacit,
1654 2036 1683 2090 in
1700 2035 1847 2092 interitum

96 2126 263 2182 bumilitate
291 2127 349 2181 ileo
380 2126 496 2190 servire,
532 2132 561 2180 et
591 2142 650 2181 non
674 2126 704 2181 iu
729 2128 864 2198 superbia
884 2128 947 2182 hac·
1002 2125 1064 2192 ibit,
1092 2126 1162 2198 quia
1189 2126 1250 2180 hacc
1279 2136 1352 2180 vana
1381 2125 1473 2195 gloria
1492 2123 1658 2196 pertransit.
1681 2125 1752 2179 Cum
1770 2125 1848 2180 enim

94 2212 187 2280 eleari,
212 2229 266 2268 nec
289 2219 317 2268 te
350 2229 402 2283 per
434 2213 595 2268 raninatem
639 2214 830 2269 simulationis
861 2231 949 2287 super
1001 2215 1067 2270 vani
1095 2213 1228 2270 homines
1254 2213 1283 2269 in
1313 2229 1371 2268 uno
1396 2229 1447 2286 pcr
1471 2214 1591 2269 taedium
1614 2213 1796 2284 alliciuntur3
1819 2215 1847 2269 in

95 2304 179 2357 illum
202 2303 327 2369 extolle,
345 2302 394 2373 qui
408 2302 488 2371 justa
512 2302 723 2357 examinatione
747 2303 851 2374 majori
872 2303 947 2359 desi·
1002 2305 1091 2359 altero
1114 2319 1166 2374 per
1194 2317 1297 2357 vanam
1328 2301 1450 2372 gloriam
1478 2302 1665 2370 innovantur,
1681 2302 1850 2376 frequenter

94 2389 177 2446 derio
201 2395 317 2445 aeternae
340 2390 404 2445 vita
427 2391 503 2445 ltreet
519 2406 605 2462 quam
622 2399 651 2444 tu
673 2391 786 2462 ardeas,
809 2392 845 2447 ad
872 2393 947 2463 ejus·
1001 2393 1032 2446 in
1047 2390 1182 2463 snperbia
1202 2395 1231 2444 at
1255 2390 1283 2445 in
1307 2389 1501 2445 stimulatione
1517 2407 1549 2446 ac
1576 2390 1606 2446 in
1624 2391 1726 2462 spirito
1743 2391 1849 2462 zeloty-

95 2480 163 2534 dem
197 2477 385 2533 beatitudinis
412 2477 526 2534 eulmen
549 2494 602 2548 per
633 2495 792 2550 supernum
814 2480 947 2536 ardorem
1002 2477 1057 2547 piae
1072 2493 1102 2532 se
1122 2476 1300 2546 extollentes,
1326 2485 1355 2532 et
1370 2477 1457 2534 etlam
1479 2479 1647 2550 frequenter
1673 2480 1703 2534 in
1718 2482 1849 2536 molestia

96 2565 137 2620 ita
171 2565 309 2620 invitatus
335 2567 373 2620 ab
400 2566 450 2622 illo
473 2566 524 2638 qui
548 2567 683 2622 omuibus
708 2568 857 2624 veritatem
879 2569 947 2624 diti·
1002 2567 1031 2618 et
1060 2563 1090 2619 in
1116 2563 1315 2634 indignatione
1339 2579 1370 2618 ec
1408 2563 1437 2618 in
1464 2565 1688 2622 contradictione
1727 2568 1849 2624 aliarum

95 2653 233 2724 gentibus
256 2655 338 2725 pium
361 2671 392 2708 se
415 2655 590 2723 manifestat,
613 2671 649 2711 ne
671 2656 702 2711 in
722 2656 820 2711 omnia
841 2656 948 2712 sciente
1003 2651 1215 2706 institutionum
1252 2667 1317 2724 quae
1352 2653 1388 2707 de
1417 2667 1463 2708 me
1493 2653 1638 2709 fluxerunt
1667 2655 1850 2724 altercantes,

96 2743 181 2797 oculo
203 2743 323 2798 veniens
341 2742 389 2797 illa
414 2743 464 2813 qni
483 2747 512 2796 te
540 2743 714 2798 humilitatis
737 2743 888 2816 obsequio,
921 2751 949 2800 et
1003 2756 1116 2796 necnon
1129 2740 1160 2796 in
1174 2741 1286 2795 calaris
1302 2739 1385 2797 bonis
1399 2757 1463 2812 quan
1489 2757 1546 2796 non
1563 2747 1630 2798 saint
1644 2741 1679 2798 ad
1703 2749 1849 2817 torporem

96 2831 181 2885 illum
215 2831 246 2884 in
270 2831 420 2886 charitatis
442 2831 520 2885 dono
543 2847 595 2903 per
617 2830 838 2903 inspirationem
857 2834 949 2890 beatae
1003 2827 1092 2897 taedii,
1108 2829 1156 2884 sed
1172 2829 1202 2882 in
1218 2829 1320 2885 ardore
1346 2828 1482 2886 desiderii
1503 2829 1538 2884 de
1562 2830 1608 2886 die
1625 2830 1655 2886 in
1683 2831 1760 2886 diem
1788 2848 1852 2904 pro-

96 2918 306 2975 admonitionis
333 2919 453 2986 vocavit,
478 2924 556 2974 recto
586 2919 694 2990 jndicio
728 2936 782 2975 suo
814 2921 950 2992 dijudicet
969 2915 1128 2996 eliciendi,
1146 2933 1175 2972 se
1203 2916 1325 2971 invicem
1353 2916 1585 2990 comprimentes.
1618 2919 1688 2974 Nam
1713 2919 1791 2991 qood
1816 2921 1851 2975 de

97 3012 136 3074 tc,
165 3008 283 3064 dicans:
308 3009 348 3064 To
382 3008 432 3081 qui
455 3013 483 3063 te
513 3024 566 3081 per
594 3009 764 3080 tlagrantem
783 3009 949 3082 superbiam
1004 3003 1174 3060 metluxerit
1189 3004 1301 3060 dulcem
1318 3013 1346 3060 et
1372 3021 1487 3060 suavem
1512 3013 1628 3078 gustum
1643 3008 1747 3064 animae
1774 3025 1851 3081 prae-

96 3096 248 3151 inlocum
275 3095 357 3150 illum
384 3094 501 3151 erexisti
526 3096 608 3166 cujus
638 3096 733 3150 socios
754 3112 816 3151 non
839 3113 880 3159 es,
907 3115 949 3152 re·
1003 3095 1178 3166 betsemper
1201 3094 1229 3148 in
1254 3099 1467 3166 perseverantes
1492 3095 1655 3167 proficiens,
1687 3103 1716 3152 et
1748 3099 1850 3154 nonin

96 3185 197 3256 linque
211 3199 316 3240 vanam
331 3184 454 3256 gloriam
470 3190 561 3250 tuam,
578 3188 607 3239 at
619 3184 656 3239 da
678 3184 863 3255 subjectionis
883 3185 946 3240 olli-
1003 3181 1186 3238 instabilitate
1210 3187 1285 3238 retro
1315 3183 1464 3255 aspiciens.
1493 3185 1571 3240 Unde
1600 3185 1649 3242 illa
1679 3186 1778 3242 beatus
1799 3195 1849 3256 cst,

96 3273 141 3328 cio
171 3272 238 3328 boio
265 3272 369 3328 dilecto
395 3289 459 3328 meo
487 3273 602 3328 crrlmeu
630 3273 760 3341 honoris,
796 3274 875 3346 quod
907 3278 947 3328 te·
1003 3270 1095 3342 quiin
1111 3287 1157 3328 me
1184 3271 1286 3339 fidens,
1307 3287 1387 3343 spem
1409 3288 1490 3328 suam
1515 3278 1543 3328 et
1568 3273 1681 3330 initium
1705 3291 1738 3330 ac
1762 3275 1851 3332 linem

96 3377 179 3417 mera
193 3359 325 3432 rapuisti.
350 3361 385 3415 Et
408 3360 478 3434 qnid
493 3366 562 3416 tone
582 3361 618 3416 de
637 3361 685 3417 te‘l
703 3361 845 3427 Quoniam
861 3362 885 3418 si
897 3363 951 3418 boc
1004 3375 1329 3432 operumsuorumnou
1358 3361 1433 3416 insa
1457 3361 1551 3418 sedin
1579 3378 1625 3418 me
1655 3364 1854 3436 repositorii

98 3449 326 3520 mododejectus
350 3448 449 3517 fueris,
475 3449 598 3520 incipies
620 3465 674 3520 per
696 3450 859 3520 angustiam
882 3465 950 3506 mue·
1004 3447 1072 3504 lacit
1099 3449 1171 3518 baec,
1200 3465 1260 3504 oon
1285 3450 1381 3516 cadet;
1399 3449 1449 3523 qui
1478 3467 1545 3506 vero
1574 3451 1636 3506 sine
1655 3468 1701 3508 me
1717 3458 1852 3508 starevo-

96 3539 172 3594 ruris
200 3541 230 3593 et
252 3537 377 3594 tristitiae
405 3538 616 3593 extremitatem
644 3538 813 3610 abjectionis
832 3538 949 3604 sentire,
1004 3537 1100 3604 luerit,
1117 3537 1246 3592 inruina
1262 3537 1324 3592 ibit.
1341 3537 1374 3592 Et
1404 3539 1453 3609 qui
1476 3545 1543 3595 suut
1562 3539 1604 3594 illi
1620 3540 1851 3614 quisemstipsos

97 3633 128 3684 et
141 3627 185 3683 ita
210 3632 238 3682 te
258 3627 420 3698 projectum
444 3625 612 3695 abhorrere,
641 3627 709 3699 quia
730 3633 826 3696 custos
844 3627 952 3682 anima·
1004 3641 1056 3696 per
1075 3625 1307 3698 vanamglorium
1324 3643 1411 3681 novos
1423 3625 1543 3696 iaciunt,
1558 3633 1587 3684 et
1601 3633 1720 3700 propter
1734 3629 1851 3686 taedium

97 3733 163 3772 rum
186 3715 298 3772 nutaret
328 3715 381 3770 tibi
402 3715 530 3771 alienum
552 3715 694 3771 honorem
723 3731 809 3787 quem
832 3715 951 3771 traudu-
1005 3713 1083 3786 quod
1110 3713 1140 3767 in
1169 3713 1319 3784 praeceptis
1345 3713 1416 3769 meis
1443 3716 1600 3786 patiuntur,
1629 3715 1659 3770 in
1690 3717 1853 3788 semetipsis

96 3806 194 3862 lenter
207 3803 356 3860 invasisti:
381 3819 448 3859 com
471 3808 499 3858 te
515 3803 558 3859 illi
577 3819 740 3876 opponens,
761 3803 815 3859 boc
841 3807 951 3859 temere
1004 3801 1167 3858 confidunt.
1185 3801 1248 3857 Non
1262 3802 1340 3858 enim
1354 3807 1482 3858 etvetus
1509 3803 1711 3860 vestimentum
1726 3807 1755 3860 in
1779 3806 1854 3878 cogi-

99 3909 204 3966 rapera
231 3891 361 3948 tentabas
389 3891 467 3965 quod
495 3890 603 3947 babere
633 3908 692 3948 non
716 3892 850 3958 debuisti,
874 3892 951 3949 unde
1006 3889 1163 3945 talionibus
1198 3889 1349 3946 hominum
1393 3891 1546 3948 molestum
1584 3897 1635 3959 est,
1670 3892 1710 3948 sic
1740 3908 1794 3965 ego
1822 3895 1853 3950 in

100 3978 454 4053 ettibiautereturquod
479 3979 725 4049 haberevolebas,
750 3987 780 4037 et
805 3981 951 4038 tibidabi·
1006 3977 1176 4034 douismcis
1196 3977 1374 4050 spernendus
1403 3994 1477 4048 sum,
1503 3979 1640 4050 qnoniam
1669 3980 1761 4037 illain
1785 3981 1851 4038 sim-

100 4078 149 4128 tur
170 4069 249 4144 quod
281 4070 389 4126 hebere
419 4068 546 4124 noluisti.
580 4069 623 4124 lta
655 4070 742 4124 etiam
769 4087 834 4126 cum
854 4071 952 4126 minor
1006 4067 1132 4140 plicitate
1157 4079 1271 4138 semper
1293 4081 1366 4122 nova
1391 4071 1468 4135 aunt,
1498 4070 1527 4120 ct
1549 4072 1657 4138 quanto
1697 4069 1854 4125 vetustiora

101 4162 175 4218 ordo
199 4175 288 4232 supra
311 4159 451 4230 maiorem
474 4173 505 4214 se
535 4158 651 4228 exaltat,
674 4174 727 4231 per
744 4159 856 4230 justum
877 4159 951 4233 judi·
1007 4160 1087 4211 tanto
1112 4154 1243 4210 chariora
1271 4160 1348 4210 sont.
1370 4154 1550 4227 Quapropter
1573 4171 1637 4228 quae
1668 4157 1799 4214 homines
1824 4158 1853 4214 in

100 4251 181 4305 cium
211 4263 309 4303 meum
336 4247 464 4318 dejectus
492 4245 692 4318 supprimitur,
722 4247 861 4318 quoniam
885 4249 950 4303 nolo
969 4231 991 4285 fl
1007 4241 1166 4315 semetipsis
1191 4243 1300 4315 absque
1327 4244 1516 4316 inspiratione
1542 4259 1607 4301 mea
1634 4246 1796 4318 excogitant
1824 4247 1854 4302 in

102 4344 134 4394 ut
156 4338 243 4393 alitur
263 4342 330 4392 aute
350 4336 448 4391 oculos
475 4350 556 4390 meos
587 4334 722 4406 superbia
748 4334 784 4390 sit
805 4352 893 4408 qoam
920 4337 950 4392 in
1008 4331 1131 4387 vanitate
1150 4347 1283 4388 morum:
1305 4333 1472 4404 perinanis
1493 4333 1707 4390 studia·corum
1732 4334 1854 4403 diffluet,

102 4426 265 4498 dejectione
291 4424 476 4480 contusionis.
502 4423 572 4478 Nam
601 4422 626 4478 si
651 4422 756 4479 ancilla
785 4438 872 4496 supra
899 4425 951 4480 do·
1007 4420 1178 4494 etquamvis
1192 4421 1348 4494 aliquando
1364 4421 1395 4476 in
1421 4428 1577 4494 conspectu
1599 4422 1752 4480 bominum
1781 4429 1856 4480 stara

101 4515 215 4570 minam
234 4528 318 4569 suam
341 4528 371 4568 se
385 4511 562 4580 exaltaverit,
577 4515 657 4567 tanto
681 4511 843 4584 despectior
858 4512 951 4568 omni·
1006 4510 1168 4576 videantur,
1200 4514 1296 4566 temen
1339 4509 1374 4565 ab
1410 4510 1499 4568 oculis
1527 4511 1597 4568 meis
1635 4513 1766 4586 projecti,
1802 4529 1855 4586 pro

101 4604 157 4658 bus
175 4618 241 4659 eam
267 4600 488 4674 inspicientibus
509 4599 575 4667 erit,
601 4598 745 4672 quiahoc
771 4599 835 4656 fieri
861 4606 953 4657 teuta·
1007 4597 1098 4655 nihilo
1123 4615 1171 4654 eos
1196 4599 1298 4667 liabeo,
1326 4605 1359 4655 ut
1389 4599 1419 4656 in
1449 4600 1605 4672 Evangelio
1630 4602 1769 4674 scriptum
1796 4606 1853 4659 cst:

101 4692 190 4760 verit;
206 4690 287 4763 quod
301 4688 465 4746 desiderare
481 4705 540 4745 uon
555 4687 665 4745 debuit.
1008 4683 1098 4744 Sinite
1119 4683 1196 4752 illm,
1221 4685 1287 4742 caci
1298 4690 1376 4756 runt,
1399 4685 1485 4743 duces
1507 4703 1656 4746 cecorum.
1684 4691 1777 4746 cecus
1803 4705 1855 4745 eu-

137 4781 318 4853 Quaprupter
340 4777 392 4850 qui
418 4777 475 4832 sibi
496 4775 657 4832 seeundum
687 4792 737 4831 cur
764 4792 846 4832 suum
876 4777 953 4848 leges
1008 4777 1065 4830 tem
1078 4773 1106 4829 si
1119 4789 1190 4831 ceco
1212 4773 1352 4830 ducatum
1370 4777 1498 4848 prestet,
1519 4776 1604 4834 ambo
1629 4776 1661 4833 tn
1681 4777 1791 4850 meeum
1807 4793 1855 4832 ce-

101 4873 222 4935 taeiunt,
238 4869 310 4923 etin
329 4866 575 4922 hocvoluntatem
605 4880 698 4920 meam
725 4880 783 4920 non
809 4869 952 4936 quarunt,
1007 4861 1194 4932 deutlididl.
1222 4861 1295 4928 Quid
1332 4868 1374 4919 cst
1399 4862 1473 4920 boc?
1498 4862 1638 4921 Dimittite
1662 4865 1726 4922 illos
1748 4865 1799 4938 qui
1828 4867 1856 4921 iu

102 4958 197 5030 magis
215 4971 250 5013 ex
276 4957 330 5011 hoe
352 4955 381 5010 in
403 4952 593 5024 dejectionem
621 4967 708 5024 qoam
735 4953 768 5008 ad
793 4950 953 5025 proiectum
1011 4950 1090 5006 lactis
1117 4951 1175 5006 suis
1201 4951 1326 5025 perversi
1360 4957 1427 5008 sunt
1456 4952 1486 5008 iu
1510 4953 1695 5023 perversitate
1726 4970 1779 5010 sua
1806 4955 1859 5010 dit·

102 5048 235 5116 veniunt,
246 5052 280 5103 ut
294 5046 399 5102 iterum
415 5043 504 5100 Filius
517 5057 598 5100 mans
612 5043 643 5098 in
654 5042 807 5116 Evangelio
821 5045 953 5108 testatur,
1010 5039 1113 5109 ssuece;
1138 5041 1208 5113 quia
1233 5040 1264 5096 iu
1292 5041 1462 5098 rectitudine
1500 5042 1643 5099 bonorum
1678 5057 1799 5116 operum
1829 5059 1857 5097 sc

103 5139 217 5194 dicens:
234 5133 333 5192 Omnis
357 5130 502 5206 pietatatis
518 5147 607 5204 quom
630 5146 691 5188 oon
710 5127 856 5203 plantavit
872 5131 955 5186 Peter
1010 5127 1153 5202 corrigere
1169 5129 1281 5186 nolunt.
1310 5131 1341 5186 Et
1370 5130 1509 5203 quoniam
1536 5131 1567 5187 in
1592 5131 1783 5189 estimatione
1806 5149 1858 5189 sua

102 5243 185 5284 mm
210 5223 336 5281 ooelestts
361 5218 690 5291 eradicabiturldtottb.
716 5217 772 5288 xv.)
796 5217 869 5284 Quid
882 5217 955 5273 boel
1011 5218 1148 5290 sejustus
1174 5218 1405 5274 nominantcum
1433 5217 1464 5273 in
1488 5219 1597 5274 actibus
1626 5219 1685 5276 suis
1703 5219 1766 5277 vani
1791 5220 1857 5289 sint

103 5317 197 5374 Omne
211 5327 332 5386 germen
354 5309 482 5366 seientia
504 5307 599 5364 cordis
617 5312 646 5363 et
669 5306 775 5362 mentis
789 5320 823 5361 ac
841 5322 954 5363 morum
1011 5322 1045 5362 ex
1066 5307 1128 5378 ipsa
1152 5305 1288 5363 facilitate
1318 5321 1370 5362 sua
1399 5305 1467 5364 ceci
1490 5305 1665 5380 efficiuntur,
1705 5309 1776 5382 qnia
1807 5326 1861 5382 per

104 5419 228 5476 surgam
253 5402 285 5458 iu
308 5398 456 5476 fertilitate
471 5397 523 5454 illa
548 5400 736 5468 naturaeque
761 5394 849 5450 bomo
876 5394 954 5464 vivit,
1011 5394 1089 5450 viam
1113 5393 1235 5466 justitia
1268 5393 1418 5450 ambulare
1445 5399 1646 5466 contemnunt,
1672 5399 1700 5454 el
1722 5397 1861 5471 quoniam

104 5507 173 5552 cum
191 5492 281 5550 bomo
310 5487 383 5546 illud
405 5484 447 5542 ita
472 5485 503 5542 in
528 5483 684 5557 semetipso
713 5479 846 5552 seminat,
878 5481 955 5557 quod
1012 5481 1103 5558 magis
1132 5483 1205 5538 vlam
1232 5482 1399 5558 iniquitatis
1423 5498 1511 5558 quam
1534 5484 1662 5542 veritatis
1684 5485 1743 5543 illis
1764 5487 1860 5544 bomi-
