3984 6034
192 194 246 246 till
925 188 954 243 S.
975 187 1209 244 ttttunctltuls
1887 190 1936 244 ult

190 330 273 386 abac
291 330 433 385 cucusum
448 335 478 385 at
498 329 658 400 dispersam
674 327 777 395 tuerat,
793 330 823 381 at
840 341 916 382 unus
933 328 1032 380 contra
1051 326 1117 378 Aet
1139 323 1303 379 infidelibus
1326 329 1404 378 extra
1429 323 1516 378 lidam
1540 324 1639 394 positis
1654 323 1887 380 denuntiaretur.
1904 328 1940 380 Et

188 418 321 485 cbomm,
346 417 396 472 ubi
431 417 528 474 mutae
553 416 688 487 pennulse
715 429 768 486 par
803 414 885 469 ilium
913 413 1037 470 discissae
1092 411 1170 482 quod
1188 415 1273 466 tantm
1295 410 1463 485 quantitatis
1487 415 1583 468 estut
1609 427 1659 466 nac
1692 412 1863 484 magnitudo
1886 431 1939 469 nec

188 505 360 574 ceciderant,
382 511 469 578 atque
505 503 617 560 medius
638 507 737 558 contra
773 502 960 568 occidentem,
980 499 1038 558 ubi
1091 499 1212 556 altitudo
1227 500 1319 570 ipsius
1340 499 1500 556 intellectui
1513 503 1563 557 tuo
1585 505 1700 572 pateat:
1723 501 1777 557 hoc
1796 506 1840 557 est
1858 505 1939 574 qnod

186 594 314 664 plurima
347 595 464 666 putrida
488 594 567 664 ligna
592 593 628 648 ab
660 593 723 664 ipse
751 591 864 648 desecta
890 591 1035 661 jacebant,
1091 588 1191 644 eadam
1217 589 1340 645 Trinitas
1361 593 1419 644 lam
1443 588 1598 644 inellabilis
1616 588 1716 660 gloriae
1738 594 1767 644 et
1787 591 1940 662 potestatis

186 687 249 741 brec
262 686 376 758 singula
388 686 426 741 ab
446 685 555 740 eisdem
578 685 692 754 angulis
705 689 823 755 prepter
845 684 1034 738 temeritatem
1090 679 1142 745 cst,
1156 678 1232 748 qaod
1247 695 1299 734 uec
1313 679 1343 734 iu
1362 677 1561 750 magnitudine
1584 678 1750 747 majestatis,
1779 694 1831 733 nec
1847 679 1879 733 in
1893 683 1940 732 al-

189 773 320 844 ipsorum
345 774 461 829 succisa,
487 773 519 827 Et
541 771 646 827 iterum
673 771 723 827 ille
752 786 839 843 quem
861 770 1034 842 aspiciebam
1090 765 1214 821 titudine
1235 765 1394 823 divinitatis
1416 768 1476 822 ullo
1497 766 1619 822 circuitu
1638 769 1689 822 aut
1710 768 1940 838 praeaumpiione

189 860 221 916 in
234 860 373 932 predicto
388 860 492 915 throno
507 859 653 915 sedentem
667 862 696 914 et
709 859 771 914 haec
786 859 881 914 omnia
899 857 969 913 mihi
983 858 1033 914 de·
1089 853 1236 925 sapieniiae
1247 856 1381 913 humanae
1397 856 1500 914 manlia
1529 855 1714 912 determinari
1737 856 1835 927 possit.
1850 857 1938 912 Miru-

186 953 397 1004 monstrantem
419 949 491 1004 dixit
508 948 597 1004 mihi:
623 949 689 1004 ilaec
702 947 821 1019 mystica
847 951 877 1001 et
904 945 1035 1002 miranda
1088 956 1144 1014 qua
1168 943 1255 1000 modo
1284 945 1453 1016 planissima
1472 945 1580 1018 absque
1603 945 1682 1000 omni
1706 948 1845 1015 rugaest,
1865 961 1939 1016 quo·

188 1038 274 1108 atque
302 1036 400 1108 ignota
424 1035 592 1108 plenissima
614 1037 700 1103 dona,
730 1052 795 1109 qnae
819 1035 919 1103 tibio
945 1036 1033 1092 homo
1087 1029 1165 1087 niam
1181 1034 1260 1104 quod
1276 1033 1466 1090 admiratione
1489 1033 1692 1105 dignissimum
1716 1033 1822 1100 existit,
1840 1034 1939 1088 mitis-

184 1122 350 1193 clarissima,
362 1129 505 1196 apparant
526 1126 557 1180 in
571 1140 639 1179 rere
655 1124 764 1180 lumine
789 1123 842 1178 tibi
857 1123 1032 1192 demonstro,
1087 1119 1159 1176 sima
1180 1126 1223 1177 ast
1239 1122 1270 1178 in
1293 1123 1386 1195 gretia
1405 1127 1434 1179 et
1456 1139 1571 1194 semper
1594 1122 1721 1195 benigna
1741 1122 1886 1194 planaque
1900 1123 1934 1177 in

184 1212 282 1267 tribuo
309 1210 403 1268 dicere
428 1217 458 1267 et
482 1211 630 1267 ostendere
659 1212 695 1267 ad
716 1211 932 1268 accendendam
947 1211 1031 1282 ignea
1086 1206 1224 1266 suavitate
1248 1210 1369 1282 justitiae
1391 1210 1619 1278 occurrentibus,
1647 1210 1687 1266 ita
1714 1215 1747 1266 ut
1761 1210 1833 1266 nibil
1849 1226 1940 1282 rugo-

183 1300 270 1355 cerda
285 1299 424 1367 fidelium,
441 1299 491 1372 qrri
516 1300 664 1371 purissimi
684 1299 793 1372 lapides
816 1305 883 1356 sunt
896 1300 932 1356 ad
945 1299 1033 1356 redifi-
1085 1311 1149 1351 sum
1164 1297 1253 1360 ullius
1265 1298 1412 1371 injustitiae
1426 1300 1456 1354 in
1477 1315 1511 1353 ea
1530 1299 1702 1366 inveniatur,
1726 1300 1803 1371 justa
1817 1305 1846 1355 et
1860 1300 1940 1355 bona

182 1389 324 1448 catienem
340 1390 462 1445 caelestis
470 1390 640 1456 Jerusalem,
1086 1385 1210 1441 existens
1225 1386 1256 1442 in
1271 1391 1352 1460 parte
1369 1387 1545 1444 salvationis.

217 1477 289 1532 Nam
308 1483 405 1533 sancta
427 1483 457 1533 et
478 1477 631 1533 ineffabilis
657 1476 779 1533 Trinitas
798 1493 918 1532 summa
932 1478 1031 1533 unita·
1124 1474 1205 1540 Quod
1220 1483 1316 1533 autam
1340 1475 1425 1532 babel
1439 1475 1470 1532 in
1495 1475 1634 1532 extoriora
1649 1476 1693 1531 sui
1709 1480 1792 1548 parte
1812 1481 1870 1531 tres
1886 1491 1939 1532 an·

180 1564 217 1621 tis
229 1565 282 1620 snb
293 1565 365 1636 J'ngo
375 1564 447 1636 legis
460 1566 650 1622 servientibus
672 1566 824 1633 occultata,
843 1567 893 1621 sed
912 1566 943 1622 in
957 1582 1030 1622 nora
1085 1571 1167 1642 gulos
1195 1565 1306 1638 calybei
1334 1563 1437 1620 coloris
1467 1579 1484 1619 a
1517 1563 1590 1636 pede
1612 1579 1702 1634 usurae
1726 1565 1761 1620 ad
1796 1580 1937 1620 cacumen

180 1652 274 1724 gratia
300 1654 336 1708 da
354 1655 489 1710 servituto
525 1653 656 1710 liberatis
687 1652 879 1717 manifestata,
907 1655 1031 1727 simplici
1086 1659 1177 1730 ipsius
1210 1655 1291 1712 velut
1324 1653 1505 1708 acnbssimus
1538 1651 1651 1723 gladius
1679 1653 1855 1709 incidentes:
1879 1653 1937 1708 boc

179 1744 209 1796 at
235 1740 340 1796 bamili
362 1741 458 1809 corde,
493 1741 524 1797 in
547 1742 641 1798 tribus
664 1742 796 1815 personis
818 1747 934 1799 unusat
947 1758 1031 1800 rarus
1085 1745 1220 1818 estquod
1247 1741 1448 1800 contrarietate
1466 1741 1650 1798 tenebrarum
1665 1741 1798 1813 opposita
1826 1741 1856 1796 in
1871 1743 1935 1796 uni-

179 1829 254 1886 neas
280 1846 299 1885 a
319 1829 452 1886 fidelibus
470 1830 612 1887 credenda
638 1836 692 1897 est,
716 1836 746 1887 et
768 1846 827 1886 non
841 1835 1030 1904 temereper-
1084 1851 1165 1890 verso
1190 1832 1298 1888 mundo
1322 1829 1475 1886 ineffabilis
1500 1829 1623 1885 Trinitas
1637 1830 1669 1884 in
1683 1830 1792 1886 unitate
1819 1829 1935 1886 deitatis

160 1917 335 1973 ·scrutanda
359 1923 413 1986 est,
440 1935 477 1976 ne
502 1919 553 1991 qui
568 1919 693 1974 noluerit
714 1923 866 1974 contentus
880 1935 940 1974 essa
955 1920 1030 1975 dono
1084 1922 1264 1994 apertissime
1285 1923 1395 1992 speret,
1416 1935 1468 1974 nec
1488 1917 1540 1976 alli
1571 1923 1708 1974 creatura
1731 1934 1782 1974 sno
1808 1919 1933 1989 imperio

178 2006 255 2076 qnod
279 2022 296 2061 a
324 2005 433 2077 Spiritu
460 2012 560 2062 sancto
583 2006 703 2077 accepit,
731 2007 801 2062 dum
829 2005 896 2077 plns
924 2006 1030 2078 quierit
1084 2009 1419 2083 etpotesteteebscensa
1442 2007 1534 2062 latens
1549 2007 1674 2077 exceptis
1696 2006 1855 2064 incredulis
1871 2024 1934 2062 cor·

178 2109 266 2166 quam
297 2097 430 2166 oporteat
455 2100 576 2166 propter
603 2095 797 2150 temeritatem
821 2093 954 2150 clationis
968 2111 1028 2150 suaa
1084 2100 1168 2158 dibus
1182 2097 1287 2170 quibus
1310 2095 1347 2152 ob
1367 2095 1599 2152 incredulitatem
1613 2096 1744 2168 ipsorum
1760 2096 1931 2164 occultatur,

59 2223 67 2232 .
178 2182 277 2256 potins
291 2181 321 2237 in
345 2182 473 2238 deterius
500 2183 596 2255 cadat,
616 2199 703 2256 quam
728 2182 757 2238 id
772 2182 849 2255 quod
862 2182 1029 2240 indecenter
1082 2186 1290 2260 propterquod
1311 2183 1551 2256 etiamJ'udicium
1576 2184 1706 2240 [laicum
1721 2183 1933 2256 dignarecom-

177 2271 288 2344 appetit
313 2271 486 2327 inveniatur.
511 2271 593 2338 Quod
611 2277 640 2327 et
658 2271 729 2328 risio
744 2287 870 2342 praesens
890 2273 1026 2329 ostendit.
1081 2277 1251 2351 pensatione
1266 2291 1315 2330 eos
1339 2278 1371 2330 ut
1388 2273 1483 2329 meriti
1497 2276 1565 2329 sunt
1584 2272 1696 2340 occidit,
1721 2273 1809 2328 veluti
1829 2273 1929 2330 tortis-

177 2361 243 2415 llsec
262 2361 341 2418 anim
360 2360 495 2415 columna
510 2375 597 2432 quam
618 2359 697 2415 vides
711 2359 741 2414 in
765 2362 871 2431 angulo
891 2361 1026 2416 occiden·
1081 2367 1153 2423 sima
1168 2365 1264 2437 calybs
1278 2363 1351 2419 nulli
1377 2361 1600 2418 inflammationi
1615 2362 1729 2429 cadens,
1758 2361 1807 2418 sed
1823 2378 1854 2418 se
1876 2363 1931 2434 ipsi

178 2451 227 2505 tali
250 2450 438 2506 demonstrati
461 2448 586 2517 aedilicii,
610 2447 642 2502 in
666 2446 760 2520 figura
780 2464 853 2503 verm
878 2449 1026 2506 Trinitatis
1081 2454 1208 2527 opponit,
1224 2453 1301 2508 unde
1314 2456 1342 2507 et
1357 2451 1434 2524 quod
1455 2465 1597 2506 asumma
1616 2465 1709 2522 usque
1730 2449 1765 2505 ad
1781 2465 1930 2506 summam

177 2547 230 2608 est,
265 2541 403 2612 quoniam
427 2538 519 2605 Pater,
555 2537 678 2592 Verbum
701 2543 731 2591 el
756 2537 880 2608 Spiritus
909 2543 1025 2594 sanutus
1080 2544 1189 2600 tendit:
1206 2541 1242 2598 ab
1258 2540 1340 2596 initio
1366 2539 1474 2595 scilicet
1492 2538 1644 2594 creationis
1665 2537 1762 2594 seculi
1785 2539 1932 2610 usquead

176 2644 252 2684 arnus
275 2629 351 2684 Deus
366 2627 397 2683 in
424 2626 553 2681 trinitate
573 2631 603 2680 et
621 2626 722 2680 eadem
740 2625 854 2680 trinitas
869 2624 899 2680 in
915 2627 1024 2682 unitate
1079 2631 1167 2688 finem
1181 2631 1253 2701 ejus,
1270 2633 1299 2684 et
1314 2627 1392 2700 quod
1413 2630 1543 2698 superest
1560 2626 1615 2683 hoc
1628 2629 1761 2698 potenter
1776 2626 1806 2682 in
1821 2629 1930 2682 acutis-

175 2719 310 2787 rxistena,
326 2716 455 2789 perlecta
477 2716 610 2772 columna
628 2714 716 2771 totins
730 2714 801 2769 boni
823 2710 1022 2786 etpenatrans
1079 2720 1153 2776 sima
1179 2718 1329 2774 divinitate
1354 2715 1436 2787 qussi
1467 2716 1498 2770 in
1522 2715 1667 2771 incidente
1690 2714 1787 2786 gladio
1815 2731 1932 2787 semper

175 2823 287 2862 summa
310 2811 338 2860 at
352 2804 463 2874 insama,
480 2819 641 2876 regensque
664 2802 830 2859 universum
845 2804 944 2860 orbem
967 2809 1024 2860 tar·
1079 2807 1219 2880 sapientia
1231 2809 1409 2877 etpotestata
1422 2804 1583 2877 penetrarit
1596 2807 1625 2859 al
1643 2806 1784 2876 penetrat.

174 2914 282 2954 rarum.
309 2897 379 2963 Qum
406 2898 437 2951 in
458 2895 545 2967 plaga
565 2893 721 2949 occidentis
745 2898 875 2966 apparet,
898 2895 966 2967 qnia
980 2896 1065 2957 Tic
1117 2897 1150 2952 Et
1159 2894 1236 2966 quod
1256 2895 1380 2965 angulus
1395 2908 1469 2948 nnus
1490 2892 1565 2947 circa
1588 2891 1716 2947 alricum
1739 2890 1860 2962 respicit
1879 2893 1930 2948 ubi

175 2988 230 3043 lius
246 2986 296 3043 liei
324 2987 378 3041 snb
400 2990 532 3056 tempora
557 2984 640 3054 quasi
662 2982 693 3037 iu
722 2998 822 3037 occasu
845 2983 1022 3053 incarnatus,
1077 2983 1235 3056 plurimum
1250 2981 1397 3037 straminis
1412 2981 1486 3036 aridi
1507 2980 1543 3035 ab
1561 2995 1596 3034 ao
1611 2979 1752 3035 succisum
1774 2983 1803 3035 et
1819 2979 1931 3051 disper·

175 3079 287 3131 Patram
303 3089 387 3129 saum
416 3072 524 3143 ubique
539 3069 720 3141 glorificavit,
751 3074 781 3125 et
802 3069 940 3141 Spiritum
960 3085 1024 3126 sen·
1079 3073 1206 3137 sumest,
1228 3070 1283 3126 hoc
1304 3075 1347 3125 est
1368 3068 1445 3141 quod
1467 3067 1627 3138 justissima
1648 3067 1782 3124 divinitas
1804 3067 1930 3124 Trinita-

175 3170 254 3220 ctum
269 3161 418 3234 discipulis
432 3159 491 3214 suis
502 3157 648 3230 premisit,
662 3171 728 3211 cum
744 3155 830 3211 etiam
843 3156 921 3212 idem
936 3157 1024 3213 Filius
1078 3160 1126 3227 tis,
1140 3159 1171 3214 in
1195 3158 1354 3214 Christiano
1370 3156 1477 3228 populo
1500 3171 1616 3212 emnam
1643 3155 1808 3212 ariditatem
1833 3157 1929 3214 direr-

85 3234 88 3240 *
176 3256 207 3307 in
241 3251 388 3306 voluntate
413 3245 504 3302 Petris
535 3248 658 3300 mertem
685 3243 836 3300 subeundo
857 3244 1025 3316 adimplevit
1078 3248 1170 3304 sitatis
1206 3251 1235 3302 at
1260 3244 1495 3302 contradictionis
1526 3249 1612 3317 atqua
1640 3245 1807 3316 abjectionis
1831 3245 1931 3302 rectis·

177 3344 284 3396 bonam
309 3336 487 3401 bominibus,
521 3339 555 3389 ut
573 3338 602 3389 et
621 3332 678 3404 ipsi
701 3332 733 3387 in
763 3332 884 3388 aedilicio
917 3334 1025 3390 summi
1078 3337 1159 3391 simsa
1174 3334 1320 3390 catholica
1341 3332 1408 3388 ildai
1428 3333 1637 3401 adversantem,
1662 3333 1693 3388 in
1711 3334 1835 3388 muima
1850 3333 1930 3386 illins

177 3427 267 3483 Patris
281 3431 358 3482 recte
376 3424 517 3491 incedant,
538 3437 606 3477 rera
620 3425 650 3476 at
664 3421 744 3493 justa
758 3435 846 3492 opera
865 3421 895 3476 in
915 3421 1024 3494 Spiritu
1077 3424 1245 3480 contusione
1261 3421 1382 3478 succidit
1405 3426 1434 3477 et
1449 3421 1601 3490 comburit,
1625 3421 1708 3477 sicuti
1726 3422 1824 3476 lenum
1848 3421 1930 3492 quod

175 3520 273 3571 sancto
297 3511 481 3586 persiciendo.
503 3510 558 3567 Sed
586 3507 758 3575 mirabilem,
782 3513 921 3564 sacratam
937 3515 1023 3584 atqua
1077 3513 1262 3570 conculcatur
1284 3515 1315 3568 et
1334 3511 1365 3566 in
1384 3510 1451 3582 lgna
1474 3509 1684 3566 comburitura
1708 3509 1854 3566 fructuoso
1867 3509 1928 3564 t'rn·

175 3602 360 3659 fortissimam
379 3618 410 3657 se
431 3600 567 3668 ostendit,
591 3598 729 3670 queniam
745 3598 820 3654 Dans
840 3597 871 3653 in
885 3601 1024 3654 creaturis
1077 3602 1168 3658 menti
1181 3616 1272 3672 grano
1286 3604 1459 3671 separatum,
1482 3597 1559 3672 quod
1572 3599 1641 3655 fidas
1652 3601 1695 3654 eat
1707 3613 1772 3654 curn
1791 3599 1930 3670 operibns

174 3693 234 3748 suis
260 3697 321 3747 tam
339 3690 480 3747 mirabilis
504 3688 609 3757 existit,
625 3692 658 3742 nt
674 3686 754 3742 nulle
768 3686 855 3744 mode
873 3688 911 3743 ab
931 3673 972 3744 eis
986 3689 1022 3744 ad
1077 3691 1107 3746 in
1131 3689 1249 3746 scientia
1278 3688 1444 3761 Scripturas,
1473 3687 1508 3743 de
1535 3703 1700 3759 quaemus
1725 3687 1802 3760 quod
1828 3686 1927 3742 eidam

173 3781 261 3837 finem
282 3779 400 3852 perduci
422 3778 525 3851 possit,
551 3782 670 3848 tamque
694 3779 820 3832 secretus
835 3781 868 3832 nt
881 3777 1022 3832 nnllaea-
1076 3793 1152 3836 rarae
1173 3778 1240 3835 fidei
1265 3777 1443 3833 centrarium
1465 3781 1495 3832 el
1515 3776 1617 3833 inutile
1636 3781 1680 3832 ast
1703 3776 1734 3832 in
1756 3775 1928 3832 credulitate

173 3885 238 3926 rum
251 3869 371 3925 scientie
397 3866 444 3923 rel
458 3865 646 3922 sensibilitate
661 3864 848 3935 pertinaciter
868 3864 904 3920 sit
918 3865 1023 3920 exami-
1077 3884 1139 3938 aaa,
1150 3866 1323 3938 dispergitur
1341 3871 1370 3922 et
1392 3864 1530 3932 aufertur,
1556 3864 1624 3935 quie
1638 3863 1778 3935 insipiens
1800 3863 1928 3934 populus

173 3959 294 4027 naudus,
310 3962 396 4030 atque
411 3962 471 4012 tam
481 3953 565 4011 tortis
584 3953 662 4026 qnod
676 3954 771 4008 omnis
792 3953 931 4009 tortitudo
946 3953 1032 4026 ipsu-'
1076 3955 1159 4028 quasi
1173 3955 1291 4012 stultum
1306 3969 1393 4026 pecus
1405 3969 1439 4010 aa
1453 3953 1592 4009 abutitur.
1614 3956 1708 4024 Atque
1730 3966 1804 4008 unus
1825 3955 1926 4008 eontra

172 4063 238 4102 rum
264 4046 301 4102 ab
322 4061 357 4103 ec
380 4044 533 4116 dirigatur,
569 4058 622 4098 nac
657 4043 719 4115 ejus
742 4040 906 4098 tortitudini
929 4042 1023 4098 valeat
1076 4045 1195 4099 eborum
1219 4058 1248 4098 sa
1265 4041 1364 4114 dirigit
1380 4041 1428 4097 ubi
1444 4041 1542 4097 multa
1563 4041 1697 4113 pennula
1712 4040 1860 4114 perillum
1880 4040 1925 4095 dl-

172 4134 342 4207 comperari.
1040 4129 1389 4225 1,scissaradnntquia
1416 4130 1517 4185 eadam
1539 4128 1674 4185 divinitas
1698 4129 1925 4200 alstamJ'actan·

207 4222 289 4286 Quod
310 4225 408 4278 autem
426 4220 553 4276 celerem
572 4233 727 4290 purpurare
749 4217 910 4291 nigredinis
923 4218 1021 4290 babet,
1077 4219 1147 4273 tiam
1173 4217 1283 4273 ludalci
1306 4218 1419 4290 populi,
1444 4217 1494 4290 qni
1521 4233 1587 4274 cnm
1615 4233 1720 4288 magna
1743 4217 1880 4290 snperbia
1894 4217 1926 4272 in

173 4311 325 4382 eidemque
352 4309 461 4381 angulo
487 4308 528 4363 ita
553 4307 688 4377 imposita
705 4310 738 4363 ut
751 4313 781 4363 et
799 4307 877 4362 intra
890 4311 920 4363 et
938 4311 1019 4364 extra
1073 4307 1226 4363 altitudine
1254 4307 1358 4362 mantis
1381 4306 1580 4372 antevolabat,
1602 4304 1716 4376 dejecit,
1732 4321 1797 4362 cum
1813 4305 1861 4360 ille
1888 4305 1919 4360 in

172 4400 268 4471 ipsum
292 4397 445 4456 aedilicium
465 4400 622 4471 appareat:
638 4396 693 4452 boc
714 4399 758 4450 ast
782 4395 858 4467 qnod
874 4395 905 4451 in
919 4396 1020 4451 rolan-
1073 4397 1166 4468 seipso
1181 4400 1210 4452 et
1233 4411 1292 4451 non
1317 4395 1348 4450 in
1368 4397 1425 4450 Deo
1445 4396 1541 4467 justus
1563 4411 1625 4450 esse
1648 4395 1770 4462 volebat,
1793 4397 1826 4449 ut
1849 4393 1924 4449 Pha·

171 4492 229 4544 tele
242 4488 333 4545 Patris
346 4487 550 4544 unicnsFilins
563 4486 626 4558 ejus
648 4499 828 4557 purpureum
848 4483 1019 4556 sanguinem
1073 4485 1150 4540 riseri
1168 4485 1219 4558 qui
1238 4484 1268 4540 in
1296 4484 1355 4539 alta
1380 4485 1516 4540 coelorum
1541 4483 1695 4540 ascendere
1709 4483 1866 4550 tentabant,
1882 4499 1926 4538 se·

170 4591 256 4632 suum
270 4592 324 4648 pro
334 4574 488 4649 nigredine
510 4579 693 4647 peccaterum
715 4573 867 4628 hominum
882 4571 1019 4640 lundens,
1074 4575 1200 4632 cundum
1214 4573 1364 4646 propriam
1384 4572 1519 4629 liduciam
1533 4589 1614 4629 suam
1641 4572 1673 4628 iu
1698 4587 1728 4628 se
1743 4571 1813 4644 ipsis
1833 4571 1924 4626 conti·

171 4664 253 4720 etsic
273 4665 407 4737 passione
431 4679 485 4720 sua
509 4663 651 4720 mandam
676 4662 797 4729 salvam,
819 4665 1017 4717 reramatra·
1074 4665 1183 4733 dentes,
1200 4661 1522 4735 sadjustojudiciollei
1537 4662 1574 4716 ob
1591 4661 1787 4716 diversitatem
1808 4673 1923 4715 morum
1979 4691 1980 4702 ³

170 4758 245 4808 clam
260 4752 347 4809 fldem
361 4751 543 4809 credentibus
564 4750 670 4820 attulit,
687 4749 757 4823 qaia
783 4750 814 4804 in
840 4749 951 4805 delectu
967 4765 1018 4805 re-
1073 4767 1191 4809 snorum
1206 4750 1318 4806 discissi
1332 4751 1362 4806 in
1379 4752 1432 4806 hro
1448 4748 1673 4822 presumptione
1687 4748 1831 4804 cadentes.
1979 4759 1980 4822 l

73 4835 76 4838 ’
171 4841 240 4898 teris
262 4841 480 4909 observationis,
496 4844 525 4896 et
548 4840 580 4895 in
595 4843 659 4894 orta
680 4853 763 4894 nerse
784 4837 1019 4893 sanctificationis
1107 4839 1215 4897 tdsdius
1237 4855 1306 4895 raro
1324 4843 1425 4895 contra
1440 4837 1616 4895 occidentem
1638 4835 1764 4909 respicit,
1787 4835 1837 4892 ubi
1851 4834 1922 4906 plu·
1979 4845 1980 4858 ¹

171 4931 264 4986 cultas
293 4935 398 4986 sanare
432 4928 577 4984 Trinitatis
602 4926 831 4983 manifestissime
860 4927 1019 4982 declaratus
1070 4929 1144 4984 rima
1157 4927 1274 5000 putrida
1283 4925 1362 5000 ligna
1385 4929 1420 4984 eb
1443 4927 1506 4998 ipso
1525 4927 1634 4997 dejecta
1651 4926 1756 4998 jacent,
1780 4923 1920 4996 quoniam

170 5023 223 5087 est,
252 5033 318 5074 cnm
339 5022 439 5090 aperta
461 5016 602 5073 creditum
621 5020 673 5086 est,
688 5015 765 5088 quod
779 5030 921 5087 supernus
935 5015 1019 5071 Pater
1071 5017 1230 5091 peripsam
1250 5016 1419 5073 Trinitatem
1442 5014 1619 5072 abscinditur
1641 5013 1800 5070 uelandam
1822 5010 1924 5067 aidia·

171 5105 275 5162 Filium
291 5121 376 5161 suum
399 5105 479 5162 misit
498 5105 529 5161 in
559 5103 702 5161 mundum
729 5103 764 5159 de
788 5103 899 5176 Spiritu
919 5107 1017 5159 sancto
1071 5107 1196 5163 beticum
1218 5105 1338 5162 schisma
1354 5103 1594 5178 gentilispopuli,
1618 5102 1667 5176 qni
1682 5102 1714 5158 in
1735 5099 1921 5157 omasuintl-

169 5199 351 5265 concaptnm,
379 5194 429 5266 qui
443 5193 565 5266 gloriam
579 5193 671 5249 Patris
694 5197 724 5248 et
742 5207 803 5248 non
817 5207 900 5248 snam
915 5191 1017 5264 qnaesi-
1071 5193 1195 5251 dalitatis
1212 5199 1289 5250 errat
1309 5195 1341 5249 in
1365 5201 1443 5250 recta
1465 5193 1531 5262 lida,
1554 5191 1624 5264 quia
1643 5195 1676 5248 ut
1698 5188 1815 5263 putrida
1840 5187 1922 5259 ligna

170 5283 220 5350 rit,
257 5283 407 5354 sanctique
438 5282 561 5354 Spiritus
589 5280 765 5354 profundam
792 5280 1016 5336 consolationem
1071 5283 1232 5340 molestant
1245 5283 1360 5339 inutilia
1374 5286 1441 5340 sunt
1460 5281 1497 5338 ad
1511 5297 1578 5337 nans
1592 5279 1755 5346 hominum,
1778 5277 1819 5332 sic
1833 5277 1920 5332 etiam
1979 5339 1980 5350 χ

170 5371 294 5443 aperuit,
309 5375 340 5426 ul
354 5370 464 5427 dictum
478 5375 530 5439 est,
548 5370 589 5425 ita
618 5369 697 5442 qued
720 5369 775 5426 bec
786 5369 819 5425 in
837 5370 918 5425 nulla
935 5373 1017 5442 parte
1071 5371 1212 5428 abscissus
1229 5376 1258 5430 st
1269 5371 1396 5442 abiectus
1410 5375 1454 5427 ast
1466 5369 1594 5442 populns
1617 5369 1670 5426 iste
1692 5365 1830 5440 agendis
1843 5364 1919 5434 ritu,

170 5460 273 5518 lateret
286 5461 359 5535 quin
372 5465 403 5518 at
424 5459 557 5518 fidelibus
581 5461 612 5518 in
639 5460 795 5534 operabat
819 5459 1016 5528 manantibus,
1071 5460 1164 5533 magis
1178 5457 1319 5518 diabolica
1337 5464 1449 5518 sectam
1464 5459 1603 5532 figmenta
1617 5471 1706 5532 quam
1725 5453 1825 5514 dirim
1846 5467 1923 5528 praa·
