3984 6034
73 235 125 284 5:53

705 237 976 308 servits-titt.
996 239 1035 304 ll,
1055 237 1145 297 VISIO
1164 241 1207 296 Vl.

1775 253 1826 304 sol

72 367 193 422 vocibus
204 367 237 421 in
248 367 343 422 verbis
359 368 431 423 meis
450 384 499 423 eos
510 369 647 440 ligabitis,
663 376 693 426 et
711 371 752 426 eis
768 371 922 443 ligaturam
939 378 963 428 Α
977 375 1018 430 ιιι
1032 373 1189 432 obduratus
1205 337 1340 448 estquod
1364 377 1399 432 de
1420 379 1550 451 nequitia
1565 396 1617 436 sua
1631 381 1741 440 nullam
1766 386 1824 440 mi-

71 456 153 510 illam
180 455 360 523 indicabitis;
389 457 578 528 quoniamst
603 474 656 529 pro
674 461 854 515 contumacia
871 478 923 516 sua

71 560 170 599 coram
192 559 239 598 me
255 544 339 614 ligati
366 551 450 600 sunt:
479 551 511 600 ut
538 546 624 601 Filius
646 563 726 602 meus
743 549 838 620 primo
860 565 924 620 pas-

70 631 131 687 tori
154 631 287 688 Ecclesiu
307 635 433 690 ostendit
456 634 567 690 diceus:
595 635 658 690 rint
675 637 748 694 debe
766 636 860 693 clares
879 655 924 693 rc·

66 721 123 793 qni
145 720 295 776 carlorum.
326 723 367 777 lit
391 723 579 794 qaodcunque
606 723 743 797 lipocerrs
759 742 847 798 super
868 730 924 780 ter·

67 827 148 878 rum,
158 808 214 864 erit
229 807 353 881 lipsium
365 816 393 866 et
406 811 439 866 ivr
447 811 525 867 culis
537 833 547 878 ,·
558 815 586 867 et
599 813 783 886 quodcunque
795 815 924 870 solveris.

68 903 295 970 superterram,
318 900 374 956 erit
392 900 562 956 solutumst
580 901 613 955 in
636 903 717 959 celis
738 903 844 973 (Mart.
860 903 926 972 rvr).

68 987 146 1053 Quid
167 988 252 1044 hoc?
276 987 335 1060 Ego
363 988 414 1061 qui
437 994 609 1061 potestatem
639 991 703 1046 eoeli
725 999 754 1047 et
772 997 857 1048 terra
878 992 928 1049 ha.

67 1076 135 1143 beo,
157 1077 211 1133 tibi
234 1078 285 1150 qui
316 1093 362 1132 me
392 1077 493 1134 devote
513 1077 644 1135 imitatus
666 1095 696 1136 es
716 1097 768 1152 per
803 1081 926 1153 gratiam

68 1177 165 1218 meam
188 1165 264 1220 dabo
277 1165 388 1236 judicia
416 1165 465 1221 illa
488 1182 554 1237 qure
580 1165 753 1239 dignitatem
767 1169 851 1240 regni
871 1185 928 1224 cre·

68 1252 165 1307 lorum
184 1257 318 1325 tangunt,
338 1253 379 1309 ita
397 1256 430 1309 ut
446 1253 527 1310 netas
542 1255 578 1310 sit
593 1255 658 1321 hoc,
676 1256 754 1329 quod
774 1256 854 1327 justo
876 1258 921 1330 jd·

67 1340 146 1396 dicio
166 1341 301 1414 ligaveris
331 1359 418 1414 super
443 1348 560 1414 terram,
584 1343 741 1400 secundom
767 1345 846 1418 quod
870 1345 921 1400 ho·

66 1428 164 1485 mines
197 1447 287 1502 super
314 1437 421 1487 terrum
452 1447 571 1503 peecare
595 1431 720 1498 videris;
745 1434 816 1504 quia
841 1440 922 1505 post·

66 1531 157 1587 qnam
172 1517 300 1575 bominis
320 1518 448 1574 animam
465 1518 502 1574 de
523 1535 646 1591 corpore
665 1537 717 1576 suo
745 1520 922 1589 abstraxero,

980 461 1165 519 sericordiam
1187 479 1315 536 quaerere
1344 470 1435 530 curat,
1466 466 1512 521 hic
1533 469 1686 540 antiquum
1704 487 1824 544 serpen-

979 555 1038 602 tem
1058 551 1188 606 imitatur
1200 553 1251 624 qui
1272 553 1497 609 misericordiam
1520 557 1627 626 sprevit
1647 563 1677 614 et
1698 559 1748 631 qui
1763 563 1825 631 pri-

980 653 1061 694 munr
1076 639 1224 695 homiuem
1242 641 1273 694 in
1291 641 1424 712 paradiso
1448 641 1594 714 decipiens
1621 645 1651 700 iu
1674 648 1769 718 seipse
1787 647 1827 704 ita

980 727 1101 784 dicebat.
1127 727 1261 793 Orramvis
1284 745 1337 802 ego
1360 730 1395 786 de
1416 731 1492 786 coelis
1512 731 1658 804 projeetus
1672 751 1736 790 sum
1757 752 1823 792 cum

979 821 1079 872 contm
1102 818 1260 876 exereitum
1286 818 1427 877 artissimi
1449 836 1514 876 eum
1539 821 1824 896 engelismeispra-

980 902 1065 956 liatus
1086 903 1217 959 resistere
1236 920 1293 960 uou
1317 905 1467 974 valuerim,
1498 907 1637 980 quoniam
1664 909 1701 964 ab
1722 927 1756 966 eo
1781 912 1822 967 ri·

980 993 1042 1044 ctus
1062 1007 1146 1060 sum3
1171 997 1267 1047 tamen
1296 1008 1372 1048 nune
1397 995 1427 1049 in
1451 1000 1528 1050 terra
1550 995 1698 1052 homiuem
1717 997 1823 1064 iuveni,

978 1077 1009 1132 iu
1025 1095 1082 1150 quo
1097 1081 1170 1136 iram
1194 1097 1289 1138 meam
1311 1097 1444 1138 exercens
1467 1100 1512 1138 me
1527 1083 1640 1140 fortiter
1660 1085 1822 1144 vindicabo.

980 1167 1013 1221 ln
1033 1171 1110 1222 terra
1130 1168 1208 1224 enim
1230 1170 1260 1224 iu
1286 1171 1404 1226 bomine
1428 1173 1589 1243 complebo,
1605 1175 1684 1246 quod
1700 1175 1731 1230 in
1745 1175 1823 1231 coelis

979 1253 1072 1310 facere
1106 1256 1194 1324 volui,
1224 1256 1332 1312 scilieet
1361 1264 1394 1313 ut
1421 1259 1567 1316 alcuino
1593 1261 1694 1316 similis
1719 1279 1822 1321 essem.

979 1341 1050 1398 Etsi
1073 1345 1148 1398 Deus
1168 1343 1263 1414 justus
1284 1351 1335 1413 est,
1350 1351 1477 1419 potestas
1497 1348 1552 1403 ista
1574 1348 1644 1405 milri
1660 1365 1719 1406 non
1742 1351 1823 1406 anie·

978 1435 1068 1498 retur,
1089 1431 1158 1502 quia
1174 1431 1260 1488 bomo
1278 1433 1350 1489 milri
1370 1433 1531 1491 consentiet
1553 1441 1582 1490 et
1604 1437 1662 1494 ltco
1678 1453 1738 1493 nou
1754 1440 1823 1495 obe-

977 1518 1046 1575 diet.
1074 1521 1140 1576 llaec
1166 1521 1295 1577 diabolus
1314 1521 1345 1578 in
1366 1521 1460 1595 seipso
1484 1525 1622 1596 loquens:
1647 1542 1747 1582 omues
1779 1545 1822 1583 ar-

68 1606 393 1676 tuucjudiciumtuum
415 1623 585 1680 supeream
607 1623 666 1662 non
689 1609 922 1681 ostendasque
978 1613 1020 1661 tes
1042 1624 1108 1662 suas
1131 1615 1230 1664 contra
1259 1611 1408 1667 homiuem
1438 1613 1572 1668 instruxit
1596 1619 1627 1669 ut
1654 1614 1702 1670 ille
1727 1632 1744 1670 ι
1766 1617 1823 1672 lleo

67 1693 149 1750 niam
170 1695 315 1767 judicium
343 1694 416 1752 illud
445 1712 544 1752 meum
574 1702 636 1752 est:
664 1695 695 1751 in
718 1697 849 1770 nequitia
869 1715 922 1753 sira
940 1671 1132 1764 Brecederet,
1157 1697 1207 1768 qui
1227 1703 1256 1752 et
1284 1697 1431 1754 diabolum
1458 1705 1573 1756 secutus
1597 1707 1660 1770 est;
1691 1705 1769 1759 uude
1795 1712 1824 1760 et

66 1782 160 1838 vincta
175 1784 223 1852 sit,
251 1791 281 1839 ιι
299 1786 331 1838 ιιι
355 1784 528 1852 coelestibus,
552 1785 660 1840 seilicet
683 1802 701 1840 a
723 1788 805 1854 coelo,
838 1803 920 1858 sepa-
974 1798 1042 1838 eum
1064 1784 1119 1839 sibi
1138 1789 1198 1841 tum
1226 1785 1338 1842 sortiter
1364 1787 1502 1860 alligavit,
1526 1790 1605 1862 quod
1628 1791 1717 1846 bomo
1740 1793 1822 1848 illum

66 1877 133 1926 rata
156 1879 186 1928 et
210 1874 350 1944 projecta,
373 1874 441 1946 quia
467 1871 498 1927 iu
522 1889 648 1944 superna
669 1875 819 1930 mansione
840 1876 920 1930 nulla
973 1887 1026 1942 pro
1044 1871 1102 1928 lieo
1120 1872 1220 1941 coluit,
1243 1879 1273 1930 et
1287 1877 1379 1930 Deum
1402 1880 1561 1934 creatorem
1587 1893 1673 1935 suum
1695 1881 1822 1952 abuega-

67 1961 209 2033 iniquitas
231 1962 394 2018 libertatem
416 1966 466 2016 aut
486 1962 581 2018 locum
604 1963 711 2018 habere
731 1963 917 2035 permittitur.
976 1960 1025 2015 vil.

68 2048 124 2104 Sed
150 2055 180 2104 et
195 2050 344 2106 vincutum
364 2051 418 2106 hoc
438 2050 517 2122 qood
539 2049 580 2106 ita
601 2050 683 2122 prius
705 2051 736 2106 iu
761 2052 920 2108 rebellione
1008 2047 1063 2104 Sed
1073 2065 1140 2104 cum
1155 2049 1243 2106 bomo
1266 2049 1296 2104 in
1316 2054 1396 2106 tanta
1420 2051 1625 2109 tenebrositate
1643 2055 1823 2114 iulldelitatis

66 2138 273 2205 constrinxisti,
298 2153 364 2193 eum
386 2137 491 2194 deiude
512 2137 542 2193 iu
559 2138 727 2210 poeuiteutia
750 2139 920 2210 deliuquen-
972 2136 1090 2208 jaceret,
1117 2153 1170 2192 nee
1193 2155 1223 2194 se
1259 2137 1370 2211 erigere
1401 2140 1527 2196 valeret:
1566 2141 1603 2198 ad
1632 2143 1820 2202 salvationem

65 2226 142 2280 tium
162 2225 352 2294 denotaveris,
373 2232 587 2298 superterram
608 2225 663 2282 erit
684 2227 811 2283 solutum
834 2233 863 2282 at
887 2226 919 2282 iu
971 2224 1035 2295 ejus
1050 2225 1117 2280 misi
1140 2225 1245 2281 Filium
1269 2242 1366 2282 meum
1389 2228 1463 2284 miro
1479 2229 1565 2285 modo
1588 2230 1624 2286 de
1638 2232 1751 2305 virgine
1774 2235 1822 2291 in-

65 2314 203 2386 superuis
227 2315 353 2370 seeretis.
384 2315 417 2370 Et
446 2321 515 2371 tuuc
544 2319 611 2386 post
639 2320 761 2371 mortem
779 2315 917 2384 bominis,
972 2319 1134 2381 carnetum,
1150 2329 1251 2369 verum
1262 2315 1391 2372 ltcumet
1406 2331 1506 2373 verum
1521 2318 1670 2375 homiuem
1699 2321 1822 2379 eristen-

63 2418 120 2474 pro
137 2403 237 2459 anima
257 2403 321 2475 ejus
341 2402 456 2472 orabis;
470 2404 520 2459 sed
542 2408 611 2459 tuuc
626 2419 690 2460 eam
715 2403 866 2460 anexibus
881 2405 916 2460 li·
970 2406 1039 2457 tem.
1053 2401 1126 2466 ouiu
1141 2402 1220 2458 hoe?
1241 2402 1315 2467 Ouia
1336 2404 1372 2459 de
1394 2420 1441 2460 me
1462 2407 1544 2462 Patre
1568 2409 1729 2466 secundum
1749 2411 1821 2468 diri-

64 2495 178 2561 gaturae
200 2507 260 2546 sua
280 2491 426 2547 absolvere
448 2491 567 2563 poteris,
593 2491 661 2564 quia
683 2492 807 2564 gemitus
821 2493 916 2549 devoti
971 2489 1094 2546 uitatem
1119 2490 1258 2546 veraciter
1288 2491 1385 2559 exivit,
1417 2498 1446 2548 et
1478 2495 1616 2566 quoniam
1636 2497 1671 2553 de
1704 2498 1820 2570 Virgine

65 2579 440 2651 cordialieusnouabjicit.
894 2598 898 2606 ·
970 2583 1063 2633 matre
1099 2579 1258 2634 secuudum
1287 2579 1497 2636 humanitatem
1531 2583 1672 2640 veraciter
1704 2603 1820 2644 carnem

100 2669 157 2722 Vos
177 2673 317 2737 autem‚o
340 2669 512 2737 sacerdotes,
541 2671 592 2742 qui
621 2669 675 2726 boc
696 2669 785 2725 modo
801 2686 853 2742 per
872 2671 916 2726 Fi·
970 2666 1136 2739 assumpsit.
1156 2665 1227 2732 Quid
1254 2667 1334 2724 boc?
1358 2667 1380 2723 0
1404 2667 1492 2725 bomo
1522 2671 1616 2726 mollis
1638 2679 1666 2728 et
1688 2679 1770 2730 tener
1787 2676 1819 2731 iu

64 2758 138 2811 lium
172 2773 271 2812 meum
303 2762 476 2828 potestatem
510 2757 585 2812 hanc
616 2757 800 2829 percepistis:
827 2759 917 2814 nemi·
969 2759 1153 2826 tuocorpore
1176 2771 1223 2822 es;
1241 2755 1290 2810 sed
1309 2755 1398 2812 durus
1419 2763 1449 2812 et
1472 2756 1638 2815 inflexibilis
1657 2761 1687 2816 iu
1708 2763 1817 2819 tuuiu-

65 2861 132 2901 ncru
156 2846 265 2918 absque
289 2846 425 2920 culpabili
449 2862 535 2902 causa
555 2851 677 2918 propter
696 2847 804 2901 rabiem
821 2847 915 2904 cordis
969 2843 1136 2900 credulitate
1159 2859 1277 2911 maues;
1299 2860 1365 2900 nam
1395 2845 1468 2917 lapis
1490 2847 1577 2918 poliri
1600 2847 1637 2903 ad
1664 2849 1818 2909 aedilicium

66 2935 153 2989 vestri
176 2934 208 2989 iu
234 2934 328 2990 verbis
354 2937 426 2990 meis
448 2934 591 3008 ligabitis;
611 2936 662 2991 sed
681 2934 843 2992 acutissime
865 2952 913 2992 vo·
933 2937 1075 3020 cpolesl,
1091 2937 1121 2987 lu
1141 2937 1239 2988 sulem
1267 2933 1375 2988 molliri
1388 2934 1423 2989 ed
1440 2934 1527 2990 fldem
1542 2953 1600 2992 nou
1624 2937 1676 2992 vis.
1696 2941 1817 2997 Attenda

66 3022 109 3078 bis
124 3022 368 3079 considerandum
396 3028 450 3092 est,
477 3039 565 3096 quem
588 3022 629 3079 ita
650 3024 846 3096 constringere
868 3025 915 3081 de·
969 3024 1077 3076 tamen.
1102 3021 1181 3078 Sicut
1194 3021 1282 3078 homo
1298 3022 1330 3078 in
1343 3039 1408 3078 arca
1429 3039 1482 3077 sua
1495 3023 1719 3095 pulcherrimam
1740 3044 1818 3100 gem·

64 3111 167 3167 beatis.
198 3112 342 3185 Numqui
370 3127 423 3166 uae
444 3116 563 3184 propter
589 3111 733 3185 pudorem
751 3111 913 3181 homiuum,
968 3124 1047 3164 mam
1070 3110 1189 3178 babens,
1216 3128 1279 3167 sam
1304 3112 1421 3168 metallo
1451 3111 1576 3184 imponit
1598 3119 1630 3169 at
1650 3115 1817 3174 homiuibus

63 3216 117 3254 uec
148 3204 268 3272 propter
298 3200 434 3256 timorem
466 3217 574 3269 meum,
610 3217 663 3256 uec
696 3200 830 3274 precibus
861 3217 915 3257 uec
967 3203 1115 3270 appareat,
1141 3199 1180 3254 sic
1204 3205 1233 3256 et
1257 3217 1310 3272 ego
1342 3201 1372 3256 in
1396 3202 1481 3257 corde
1500 3217 1565 3258 meo
1591 3201 1695 3259 Filium
1719 3219 1816 3262 meum

62 3289 218 3360 praecptis
232 3289 474 3346 vestriscobiberi
495 3289 603 3361 poterit
624 3289 694 3363 quin
713 3291 744 3346 iu
761 3291 913 3363 iniquitate
967 3286 1077 3342 habens
1100 3303 1164 3342 eum
1193 3288 1228 3344 de
1259 3286 1375 3361 Virgine
1410 3289 1554 3345 incarnari
1590 3291 1668 3348 volni
1692 3297 1723 3348 ut
1753 3292 1815 3364 ipse

63 3393 116 3432 sna
138 3392 324 3449 perseverare
353 3375 432 3446 velit,
462 3377 539 3432 bunc
573 3377 762 3434 ecclesiastiea
794 3394 913 3434 censura
966 3375 1150 3432 credentibus
1179 3379 1300 3434 salutem
1335 3378 1402 3434 viro
1433 3379 1585 3436 conterret.
1622 3379 1706 3446 Quod
1741 3383 1766 3436 si
1789 3381 1816 3438 ei

62 3467 92 3520 iu
105 3465 202 3520 verbis
225 3465 299 3521 meis
324 3465 360 3520 ab
382 3465 508 3521 Ecclesia
531 3481 597 3522 mea
621 3465 835 3521 submovebitis.
858 3466 913 3522 Sed
966 3464 1110 3518 carnalem
1137 3469 1249 3536 patrem
1267 3465 1418 3533 dedissem,
1435 3467 1499 3538 quis
1522 3471 1590 3522 tuuc
1622 3468 1715 3524 esset?
1735 3469 1816 3526 Vide-

61 3555 250 3608 innocentem
271 3568 332 3608 uon
358 3551 503 3624 ligabitis,
529 3551 666 3625 quoniam
692 3553 717 3607 si
737 3553 819 3609 illom
844 3569 912 3608 cou-
965 3551 1032 3606 licet
1054 3567 1112 3606 nou
1141 3552 1218 3606 tilius
1244 3553 1293 3608 sed
1318 3569 1417 3608 servus
1435 3570 1530 3622 meus;
1546 3555 1596 3610 sed
1614 3556 1814 3615 lrocesseuou

61 3640 234 3698 strinxeritis
249 3640 438 3713 vosmetipsos
448 3639 480 3695 iu
491 3641 602 3696 nodum
617 3639 674 3696 diri
687 3647 784 3696 reatus
799 3641 911 3696 immit-
964 3639 1073 3694 debuit.
1099 3641 1162 3710 lpse
1183 3647 1280 3697 autem
1312 3641 1347 3696 de
1371 3641 1487 3714 Virgine
1503 3648 1598 3710 natus,
1624 3645 1757 3714 comedit,
1772 3647 1813 3702 bi·

60 3732 131 3785 titis.
147 3729 230 3796 Quod
254 3730 277 3783 si
297 3735 396 3785 ιιιιιι
417 3729 466 3784 ille
487 3729 543 3785 hoc
563 3729 651 3784 modo
674 3729 912 3786 inconvenienter
965 3727 1017 3795 bit,
1042 3733 1070 3782 ιι
1094 3727 1242 3784 dormiens
1263 3729 1417 3801 requierit,
1442 3735 1528 3803 atque
1556 3729 1626 3786 alins
1647 3735 1811 3804 corporales

60 3819 236 3874 constrictus
270 3819 359 3874 trient
400 3817 532 3890 quamvis
565 3817 705 3874 innocens
729 3818 783 3885 sit;
813 3822 911 3872 tamen
964 3810 1093 3867 miserias
1112 3813 1263 3880 sustinuit;
1291 3813 1340 3868 sed
1378 3819 1476 3870 tamen
1504 3821 1622 3886 gustum
1646 3819 1756 3890 peccati
1782 3821 1813 3877 iu

60 3907 227 3962 humillima
257 3905 442 3977 subjectionis
474 3905 638 3961 obedientia
668 3911 786 3978 propter
816 3905 909 3961 hono·
964 3917 1050 3957 carne
1068 3917 1119 3957 sua
1134 3917 1191 3956 uon
1207 3903 1312 3973 seuait3
1341 3903 1409 3974 quia
1434 3919 1493 3958 nou
1509 3905 1540 3959 iu
1554 3905 1704 3962 mandacio
1718 3907 1813 3965 sedin

61 4013 123 4051 rem
139 3995 265 4050 nominis
280 3995 337 4050 mei
358 3993 532 4050 solutionem
555 4010 682 4068 quarere
702 3993 798 4062 debet,
827 3994 909 4049 nesi
964 3989 1084 4046 veritate
1115 4007 1229 4046 caruem
1269 3992 1434 4063 assumpsit.
1471 3992 1546 4057 Quid
1574 3993 1649 4051 hoc?
1671 3995 1812 4060 Quoniam

59 4089 173 4155 spretor
196 4081 345 4150 exstiterit,
367 4089 479 4137 reatum
502 4081 645 4153 superbia
671 4081 725 4137 sibi
748 4083 908 4137 contrahat.
963 4077 1203 4135 crateribomiues
1226 4080 1257 4135 in
1276 4081 1514 4151 praevaricatione
1528 4081 1595 4138 Adae
1622 4087 1651 4138 et
1672 4085 1736 4140 Eva
1759 4101 1812 4158 per

60 4171 114 4227 Sed
130 4172 259 4244 ligatura
279 4171 335 4226 ista
352 4171 419 4226 talia
438 4169 485 4226 sit.
502 4171 593 4225 Homo
608 4169 658 4242 qui
682 4185 734 4224 uec
758 4169 840 4239 mibi,
857 4187 910 4224 uec
963 4174 1081 4240 gustum
1098 4168 1296 4224 delectationis
1323 4179 1491 4227 nascuntur.
1513 4171 1590 4242 qnod
1614 4171 1644 4226 in
1661 4173 1811 4232 mendacio

60 4260 215 4332 praeeeptis
233 4261 376 4331 majorum
400 4275 518 4314 suorum
538 4259 570 4313 iu
592 4258 826 4330 perversitatibus
850 4257 910 4314 suis
928 4261 995 4314 liet
1013 4274 1071 4312 nou
1103 4257 1264 4312 inveritate
1291 4263 1344 4314 est.
1372 4258 1435 4314 Non
1451 4259 1491 4314 sie
1520 4259 1609 4316 Filius
1623 4277 1705 4317 meus
1732 4268 1813 4320 ortus

60 4350 180 4404 obedire
209 4350 341 4416 voluerit,
369 4348 417 4404 bic
446 4347 476 4402 in
498 4349 585 4404 verbo
620 4363 686 4403 meo
709 4364 726 4401 a
746 4348 908 4404 coelestibus
963 4351 1020 4403 est:
1053 4349 1102 4404 sed
1130 4347 1162 4404 iu
1187 4349 1337 4404 sanctitate
1369 4349 1405 4404 de
1436 4349 1595 4406 castissima
1626 4351 1744 4424 Virgine
1776 4355 1809 4410 ad

59 4417 240 4510 separandus
261 4443 314 4508 est,
336 4438 416 4493 velut
446 4439 537 4494 Adam
564 4437 636 4492 mibi
657 4437 827 4493 inobediens
848 4438 908 4494 exi·
962 4435 1193 4508 redemptionem
1208 4435 1359 4492 bantinum
1381 4442 1465 4492 uatus
1480 4442 1532 4495 est.
1559 4439 1630 4493 Nam
1651 4438 1754 4495 similis
1772 4441 1810 4497 si·

58 4535 137 4581 steus
152 4526 184 4580 in
198 4533 341 4598 precepto
362 4543 427 4583 meo
442 4526 479 4582 de
499 4527 632 4598 paradiso
653 4525 760 4596 ejectus
780 4531 834 4596 est,
856 4543 909 4581 uec
962 4524 1061 4579 milem
1078 4523 1113 4579 de
1132 4525 1245 4579 viuculo
1265 4539 1317 4579 suo
1338 4525 1449 4580 solvere
1471 4540 1529 4580 uon
1544 4527 1661 4594 valeret,
1677 4527 1733 4582 nisi
1753 4545 1811 4586 ma-

57 4617 88 4671 in
114 4615 294 4672 consortium
321 4614 453 4670 fidelium
476 4615 641 4687 recipietur,
677 4613 733 4669 uisi
757 4615 788 4670 iu
817 4615 908 4687 poeni·
959 4611 1008 4682 jor
1021 4611 1132 4667 veniret
1149 4611 1198 4684 qni
1214 4628 1280 4667 eum
1297 4611 1410 4684 eripere
1424 4617 1528 4682 posset.
1541 4612 1616 4679 Quid
1636 4614 1714 4670 hoe?
1732 4617 1808 4684 Quo-

57 4705 151 4760 tentia
173 4703 363 4773 obedientia5
379 4705 453 4760 sicut
475 4704 562 4759 etiam
583 4719 674 4776 geum
694 4703 855 4759 humanum
876 4705 907 4760 in
960 4701 1041 4757 uiam
1055 4699 1141 4756 bomo
1158 4705 1240 4756 uetus
1257 4701 1288 4756 iu
1306 4700 1445 4784 peccatis,
1459 4701 1607 4756 bominem
1630 4709 1808 4775 peccatorem

57 4794 201 4864 martyrio
214 4794 374 4849 obedientis
394 4793 459 4849 Filii
485 4793 553 4861 mei,
569 4793 605 4848 ad
620 4793 762 4849 eoelestem
784 4793 907 4866 patriam
960 4787 1177 4863 deperditione
1199 4789 1299 4844 mortis
1321 4789 1444 4844 liberare
1468 4805 1528 4845 non
1552 4789 1659 4858 vuluit;
1683 4808 1808 4867 quapro-

52 4888 221 4938 resocatum
254 4888 306 4938 est.
337 4882 392 4949 Qui
413 4899 481 4939 vero
505 4882 547 4938 ita
571 4881 687 4939 rebellis
708 4888 752 4938 est
779 4883 857 4955 qnod
876 4882 907 4937 in
960 4883 1025 4951 pter
1046 4877 1132 4933 Filius
1160 4893 1240 4933 meus
1270 4877 1331 4934 sine
1358 4881 1474 4948 peceato
1498 4877 1596 4934 veuit:
1622 4877 1690 4952 quia
1712 4881 1806 4938 bomi-

52 4972 228 5028 humilitatis
250 4971 344 5028 officio
370 4971 474 5027 reverti
497 4987 558 5027 uon
573 4971 646 5039 rult,
669 4978 749 5041 tone,
772 4972 796 5026 si
814 4971 855 5026 ita
875 4971 906 5026 iu
959 4983 1028 5023 nem
1049 4966 1160 5022 devicta
1191 4971 1283 5022 morte
1315 4965 1539 5023 misericorditer
1565 4967 1601 5023 de
1635 4975 1727 5026 morte
1749 4971 1806 5026 eri·

52 5057 234 5114 contumacia
262 5075 316 5114 sua
341 5057 549 5130 perduraverit,
588 5057 765 5115 consortium
789 5057 904 5113 illorum
959 5056 1032 5129 puit.
1058 5055 1112 5111 Sed
1142 5055 1192 5128 qui
1215 5055 1401 5128 vigilantibus
1420 5055 1510 5112 oculis
1536 5055 1624 5124 videt,
1649 5063 1677 5112 et
1691 5059 1808 5115 attentis

52 5147 174 5202 babebit
197 5145 249 5220 qui
276 5145 425 5220 lapideum
452 5164 501 5204 eor
520 5148 643 5220 abjicere
663 5151 829 5204 recusantes
855 5146 905 5202 sad
959 5145 1077 5201 auribus
1106 5143 1195 5212 audit,
1226 5143 1274 5200 hic
1304 5143 1432 5218 mysticis
1460 5144 1553 5201 verbis
1576 5145 1648 5201 meis
1673 5148 1804 5204 osculum

52 5236 83 5291 in
102 5234 276 5291 infidelitate
299 5253 351 5292 sua
379 5243 594 5308 permanentes,
624 5237 747 5309 gloriam
771 5233 903 5291 ecelesia·
959 5231 1150 5305 amplexionis
1178 5233 1314 5306 praebeat,
1344 5249 1408 5306 qnae
1439 5234 1474 5288 de
1508 5249 1553 5288 me
1586 5234 1698 5290 vivente
1726 5251 1806 5292 ema·

53 5324 130 5381 stica
153 5323 342 5382 beatitudinis
375 5325 483 5382 habere
513 5328 726 5380 recusaverunt.
756 5323 827 5378 Nam
852 5322 903 5395 qui
958 5327 1041 5377 nant.

859 5464 863 5471 ι

234 5577 375 5644 Parnon.
400 5573 543 5641 cxcvii.
