3984 6034
122 224 170 274 :illl
850 227 878 282 S.
900 225 1133 284 llllulldaltltls
1818 230 1867 280 {tut

118 353 319 424 batquasitoo
334 353 488 419 biansore,
503 354 727 425 lingueextensa
750 371 783 411 es
812 373 863 415 ere
888 358 962 429 eius,
981 354 1078 422 allai,
1095 354 1205 427 quein
1233 354 1451 410 circumcisione
1472 351 1578 410 multis'
1591 353 1686 410 nsodls
1699 358 1730 410 et
1749 354 1869 410 dirersis

119 445 149 495 et
162 439 342 496 etiamsolut
361 440 480 511 quidam
502 441 647 512 homiues,
672 458 797 514 quocum
825 445 875 500 alii
889 445 967 501 tubis
1020 440 1277 514 significationibus
1296 441 1477 496 manifestata
1491 446 1536 496 est
1554 457 1562 495 :
1583 440 1623 496 ita
1644 442 1722 512 quod
1741 441 1816 497 Deus
1837 442 1868 497 in

118 529 304 596 resonabant,
333 528 382 584 elii
408 529 581 601 quibusdam
620 532 818 588 instrumentis
848 533 966 590 ludicris
1019 529 1134 601 siguum
1149 528 1278 599 ejusdem
1288 528 1514 584 circumcisionis
1526 529 1734 584 demonstravit
1763 531 1868 602 legem,

113 616 280 685 ioculariter
300 620 521 689 concrepabant,
551 619 652 676 etalii
677 619 796 679 diversis
817 622 892 679 ludis
916 624 967 679 lu·
1019 624 1048 673 et
1062 633 1115 688 per
1129 616 1356 690 legemgratism
1377 615 1536 688 Euangelii3
1551 617 1687 688 quoniam
1708 617 1766 674 lide
1795 633 1867 690 pro-

117 705 332 778 debant:quos
358 707 455 779 imago
482 707 532 764 illa
558 709 644 764 simul
671 715 700 764 et
729 709 825 782 ipsum
841 705 965 774 lleouem
1018 705 1114 775 palata
1132 705 1164 760 in
1185 704 1264 761 lldeli
1287 704 1455 760 Abraham:
1483 704 1605 759 surrexit
1627 705 1657 760 in
1686 705 1751 776 ipso
1779 707 1865 762 etiam

115 797 503 868 podibuasuiscuuculcaus,
529 798 612 854 hesta
639 815 727 872 quam
751 799 868 856 dextera
886 803 965 852 tene·
1018 794 1237 850 circumcisiein
1260 795 1395 866 mysterio
1412 783 1487 848 v'erac
1513 792 1772 865 prmligtrratiunia3
1797 796 1867 867 quia

115 885 166 942 bat
193 887 296 942 acriter
316 886 531 956 transfodiebat,
555 892 587 942 et
611 887 700 945 dixit:
745 888 834 944 uinco
860 886 963 942 lorlem
1017 882 1208 955 perdivinnm
1230 882 1388 954 potentiam
1416 882 1615 938 instruxerunt
1635 899 1665 940 se
1689 883 1779 940 tomes
1807 885 1865 940 vir·

115 975 264 1032 diabnlum
279 981 309 1031 et
334 979 362 1030 te
377 976 477 1032 odium
495 981 524 1031 et
537 975 685 1046 iuvidiam,
696 981 782 1050 alque
796 984 863 1042 teo
878 991 962 1046 spur·
1016 977 1091 1028 tutes
1100 971 1272 1043 incipientes
1286 971 1317 1027 in
1329 970 1473 1026 Abraham
1485 971 1567 1042 qnasi
1590 970 1621 1026 in
1647 970 1741 1026 medio
1769 972 1865 1042 lungi-

115 1064 270 1133 niliacum
295 1063 463 1121 ludentibus
491 1064 585 1120 teliaci
612 1065 790 1139 deceptione.
804 1065 861 1122 Sed
886 1064 963 1120 intra
1016 1059 1125 1116 tudinis
1139 1059 1319 1132 speculativae
1333 1059 1462 1115 scientia
1472 1059 1595 1114 duarum
1610 1059 1746 1116 hnmanae
1769 1062 1865 1131 optio-

115 1153 188 1209 illud
200 1147 355 1210 aedilicium
369 1153 428 1208 ridi
445 1154 516 1208 duas
528 1153 599 1209 alias
612 1153 753 1225 imagines
767 1169 868 1209 versus
888 1155 963 1209 banc
1016 1149 1061 1204 uis
1075 1148 1187 1204 viarum
1201 1149 1255 1204 snb
1277 1148 1436 1204 munitione
1465 1147 1638 1203 firmissimae
1660 1149 1797 1204 bonitatis
1816 1165 1865 1205 su·
1938 1165 1942 1172 ·

115 1241 247 1296 eamdem
259 1241 363 1296 turrim
376 1246 509 1296 stantes:
545 1257 667 1314 quarum
697 1242 778 1314 prior
805 1242 964 1314 apparebat
1015 1235 1210 1308 pernil’atris,
1225 1251 1291 1292 cum
1315 1235 1498 1308 postmodum
1517 1241 1626 1306 apertae
1652 1235 1759 1292 laturre
1783 1241 1866 1292 erant

115 1335 193 1386 stans
220 1345 309 1400 snpra
323 1329 521 1402 pavimentum
551 1330 642 1402 ipsius
675 1331 801 1400 editicii,
829 1331 912 1403 quasi
929 1331 962 1386 in
1014 1340 1068 1396 per
1093 1326 1270 1382 voluntatem
1297 1325 1361 1394 Ilei,
1383 1323 1456 1378 illud
1483 1323 1515 1380 in
1536 1324 1631 1394 ligura
1655 1324 1866 1402 praesignantes

114 1418 273 1491 arcnignei
288 1419 449 1490 splendoris
476 1419 595 1474 dirersis
622 1419 798 1490 imaginibus
819 1420 961 1491 maligue·
1016 1415 1093 1486 quod
1109 1415 1185 1470 Deus
1216 1414 1309 1470 lacere
1325 1412 1415 1469 voluit
1438 1412 1608 1486 priusquam
1631 1413 1687 1468 laec
1714 1413 1865 1470 manifeste

112 1524 178 1563 snm
190 1508 342 1578 spirituum
358 1507 478 1563 interim
493 1508 616 1577 depicto,
634 1514 663 1564 ct
677 1516 777 1565 contra
794 1509 960 1580 predictam
1016 1501 1220 1556 ostendentia
1231 1517 1329 1573 opere.
1345 1501 1414 1566 tluae
1434 1501 1520 1556 terret
1548 1501 1653 1557 cotom
1675 1507 1728 1570 est,
1750 1500 1866 1574 ipsique

112 1596 337 1668 turrimlposito,
360 1598 449 1652 allcra
474 1612 541 1652 vero
563 1597 619 1668 ipsi
646 1599 724 1653 arcui
743 1599 866 1653 exterius
898 1602 961 1652 tan·
1015 1604 1097 1644 muto
1119 1588 1242 1645 exterius
1264 1592 1408 1661 impositu,
1430 1605 1495 1660 quae
1514 1595 1558 1645 eat
1575 1589 1686 1658 lustitia
1705 1589 1756 1646 llei
1779 1589 1864 1647 tortis

112 1693 174 1740 tum
187 1686 361 1742 collateralis
383 1686 413 1740 in
431 1686 511 1741 nollo
526 1702 591 1742 arcu
616 1686 786 1756 consistens,
803 1688 897 1742 ambe
922 1686 962 1741 vi·
979 1661 1001 1713 Β
1016 1684 1045 1734 et
1059 1676 1242 1744 invincibilis,
1257 1693 1287 1732 ss
1308 1679 1337 1733 in
1361 1678 1424 1750 ipss
1443 1679 1617 1750 speculativa
1635 1678 1755 1736 scicntia
1781 1680 1865 1751 qussi

112 1774 216 1828 delicet
229 1774 373 1830 interdum
397 1773 432 1828 sd
456 1775 623 1845 predictam
651 1775 754 1830 turrim
780 1775 960 1846 aspicientes,
1016 1765 1142 1822 exterius
1157 1767 1312 1848 ostendens
1330 1767 1639 1837 percirccmclstonem
1654 1783 1719 1839 qnoe
1735 1783 1765 1822 sc
1793 1767 1864 1824 loris

111 1866 140 1916 el
169 1863 316 1918 interdum
345 1862 380 1917 ad
395 1861 530 1917 homines
557 1862 713 1918 aedilicium
756 1864 897 1918 intrantes
932 1869 961 1918 el
1014 1855 1167 1912 carnaliter
1184 1855 1316 1910 tornavit
1328 1855 1422 1926 positu
1442 1871 1508 1910 eum
1535 1855 1625 1912 haulis
1651 1856 1803 1912 virtutibus
1830 1857 1863 1910 in

111 1956 259 2006 exeuntes.
276 1950 390 2005 Vcstiloe
406 1955 500 2004 autem
516 1955 599 2005 erant
623 1951 710 2004 etiam
738 1951 810 2022 ipses
832 1949 961 2005 sericinis
1014 1944 1210 2016 spiritualibus
1223 1943 1380 2016 spiritualis
1396 1943 1482 2010 muri,
1497 1958 1585 2015 quem
1610 1944 1760 2000 constituit
1786 1945 1862 2000 Deus

109 2039 277 2094 restituam
290 2039 391 2094 velatae
405 2038 435 2093 in
459 2038 584 2111 ligatura
597 2038 698 2110 capitis
725 2039 791 2095 albo
818 2038 960 2094 velamine
1013 2031 1230 2088 inhominibua.
1247 2032 1279 2086 Et
1300 2031 1400 2087 eadem
1423 2029 1510 2088 turris
1533 2037 1575 2086 est
1601 2032 1763 2090 latitudiuis
1791 2047 1862 2104 qua-

109 2141 191 2182 more
218 2127 356 2196 leminea,
386 2141 445 2182 uun
480 2126 702 2201 circumamictu
731 2126 837 2198 palliis,
851 2126 960 2182 indutae
1012 2126 1080 2175 lttot
1107 2119 1369 2192 amitarumque
1410 2135 1464 2191 1³⁰¹*
1498 2121 1676 2176 t⁰lt¹1¹l⁸2⁰ffl
1709 2119 1761 2176 ⁰05
1788 2121 1861 2192 ipsse

109 2231 175 2271 vero
200 2214 400 2270 calceamentis
424 2215 506 2270 albis.
530 2215 586 2271 Sed
606 2215 687 2286 prior
712 2231 811 2270 cartam
834 2214 960 2271 habebat
1012 2209 1131 2265 virtutes
1160 2214 1316 2281 operantur
1336 2209 1366 2263 in
1395 2207 1522 2276 homine,
1548 2209 1644 2280 posito
1669 2209 1723 2264 etth
1763 2214 1863 2265 extem

109 2304 139 2358 in
153 2304 248 2375 capite
262 2319 314 2359 suo
329 2301 411 2375 quasi
426 2302 634 2373 triangularem
647 2319 784 2359 coronam
794 2303 957 2372 rubentem,
1011 2297 1091 2354 sione
1106 2302 1229 2370 quatuor
1248 2298 1466 2368 elementorum,
1495 2313 1560 2354 cunt
1588 2298 1693 2370 quibus
1713 2303 1862 2370 vegetatur

108 2397 141 2447 ut
167 2392 273 2447 rubeus
296 2390 469 2463 hyacinthus
487 2391 571 2446 rubet
591 2391 623 2446 in
650 2391 745 2447 colore
769 2408 832 2460 suo,
856 2392 959 2449 induta
1011 2388 1198 2460 corporaliter
1220 2388 1250 2442 in
1264 2401 1395 2458 corpore,
1411 2389 1441 2442 el
1462 2387 1623 2442 altitudinis
1649 2391 1758 2458 septem
1783 2387 1861 2443 cubi·

107 2495 223 2553 quoque
247 2480 344 2536 tunica
364 2479 457 2549 nivea,
469 2480 552 2551 cujus
566 2480 781 2551 implicamenta
807 2487 892 2536 erant
914 2480 955 2537 ri·
1011 2481 1124 2544 turum;
1136 2475 1246 2548 quirin
1259 2475 1410 2531 altitudine
1439 2478 1550 2548 septem
1567 2475 1711 2531 donorum
1738 2475 1860 2548 Spiritus

107 2569 163 2625 ridi
177 2569 272 2625 colore
288 2568 394 2641 ubique
408 2568 551 2639 distincta,
565 2569 671 2626 etait:
688 2569 774 2625 Vince
795 2570 826 2626 in
845 2570 956 2626 oriente
1010 2565 1100 2620 sancti
1127 2569 1208 2620 tauta
1233 2564 1354 2620 lirmitas
1376 2567 1429 2632 est,
1445 2569 1477 2620 ut
1505 2581 1534 2620 se
1548 2564 1611 2637 ipsa
1632 2564 1721 2621 turris
1741 2565 1781 2620 ita
1804 2565 1859 2621 eri·

109 2673 175 2714 oum
203 2656 361 2713 fortissimo
388 2657 459 2714 Filio
475 2657 550 2714 llei:
575 2658 626 2730 qari
650 2659 737 2714 exivit
756 2676 773 2714 a
794 2661 879 2715 Patre
906 2674 957 2715 ue·
1009 2658 1099 2726 geret,
1116 2653 1195 2726 quud
1209 2668 1287 2708 exea
1300 2653 1428 2725 prodiret
1452 2653 1578 2711 Ecclesia
1599 2654 1629 2710 iu
1661 2653 1857 2711 incarnatione

107 2745 191 2801 niens
204 2744 235 2800 in
250 2746 390 2802 mundum
405 2761 458 2818 pru
468 2745 665 2818 redemptione
681 2746 845 2816 hominum,
861 2752 890 2803 et
903 2748 955 2820 qui
1010 2744 1030 2799 F
1032 2743 1074 2799 ilii
1088 2743 1157 2809 mei,
1173 2741 1357 2815 praetiguratn
1371 2741 1402 2798 in
1426 2741 1642 2798 circumcisione
1668 2743 1777 2799 Veteris
1803 2743 1857 2799 Te·

106 2835 213 2891 iterum
227 2834 313 2892 rediit
331 2835 508 2901 adl’atrem;
530 2850 596 2890 cum
619 2834 651 2890 in
680 2835 804 2891 maxima
825 2852 956 2894 aerumna
1009 2831 1153 2888 sumenti.

107 2923 234 2980 moriens
248 2923 280 2979 iu
293 2939 376 2980 cruce
398 2938 609 2995 resurgensque
637 2939 655 2978 a
680 2923 800 2980 mortuis
826 2925 993 3007 ascendite
1042 2921 1126 2987 Quod
1153 2924 1250 2977 eutem
1281 2919 1422 2992 conspicis
1448 2921 1480 2976 in
1501 2937 1535 2977 ea
1557 2921 1686 2994 quinqua
1717 2920 1858 2994 imagines

108 3012 139 3068 iu
153 3013 268 3080 coelum,
284 3013 409 3084 ideoque
424 3013 492 3068 nolo
503 3012 656 3079 coulsrndi;
672 3013 811 3084 lugiendo
824 3014 956 3070 miserias
1009 3011 1194 3083 singulariter
1213 3015 1330 3078 stantes,
1344 3009 1373 3064 iu
1403 3009 1517 3081 singulo
1542 3025 1658 3082 quoque
1684 3025 1753 3066 arcu
1771 3011 1856 3067 desu-

107 3107 137 3156 et
149 3103 264 3157 dolores
280 3102 367 3172 hujus
390 3101 495 3157 seculi.
514 3100 609 3156 altera
626 3117 698 3156 veru
714 3101 814 3157 indutu
830 3108 892 3158 erat
912 3108 956 3158 lu·
1008 3115 1060 3173 per
1078 3099 1161 3172 quasi
1183 3099 1318 3154 turritum
1338 3113 1444 3155 cunum
1468 3099 1617 3166 habentes,
1641 3099 1694 3154 boc
1717 3099 1857 3166 estquod

105 3190 170 3247 nica
197 3191 262 3246 alba
288 3191 338 3246 sed
354 3189 570 3261 aliquantulum
598 3190 699 3261 pallidi
726 3192 840 3247 coloris.
867 3194 901 3248 lit
923 3195 954 3250 in
1007 3189 1037 3244 in
1065 3188 1137 3244 turri
1161 3188 1224 3254 hac,
1249 3187 1278 3243 id
1309 3193 1352 3244 eat
1381 3189 1411 3244 in
1435 3188 1603 3245 tortitudine
1630 3187 1856 3245 circumcisionis

107 3279 224 3336 dexteru
246 3278 364 3336 brachio
383 3293 436 3334 suu
458 3278 594 3349 portabat
609 3293 722 3335 crucem
738 3294 803 3335 eum
826 3279 954 3353 imagine
1005 3277 1168 3349 pendebant
1185 3277 1314 3349 quinque
1333 3277 1421 3333 turim
1450 3276 1660 3346 virtutemnon
1689 3276 1767 3349 quod
1796 3275 1856 3332 ulla

106 3367 338 3446 salvatorislcsu
360 3366 465 3424 Christi
479 3371 565 3438 caput
589 3383 674 3422 sunm
703 3367 845 3424 inclinans
867 3386 955 3443 super
1006 3365 1096 3420 virtus
1116 3365 1152 3422 sit
1176 3367 1273 3422 virens
1304 3366 1397 3422 torma
1421 3365 1452 3421 in
1476 3365 1579 3439 seipsa,
1603 3365 1653 3421 sed
1673 3365 1854 3422 solummodo

107 3458 197 3525 illum,
213 3455 364 3512 etdicebnt
379 3471 388 3510 t
403 3455 453 3510 llic
472 3454 566 3510 inians
593 3457 711 3527 pertulit
735 3458 841 3513 multas
867 3458 953 3514 mise·
1006 3453 1280 3526 praelucidasptraern
1300 3455 1385 3510 allec
1408 3453 1522 3526 fulgens
1537 3453 1567 3508 in
1593 3469 1678 3526 opem
1710 3453 1852 3524 hominis;

105 3545 164 3599 rias
177 3545 209 3600 in
222 3543 278 3600 huc
292 3543 413 3613 seculo,
425 3547 454 3597 et
478 3541 587 3598 idcirco
610 3543 674 3599 aule
701 3559 817 3615 semper
837 3545 953 3616 plorare
1006 3544 1074 3616 qnia
1086 3545 1172 3599 homo
1188 3542 1335 3616 perficitur
1357 3557 1424 3599 cum
1440 3542 1604 3612 virtutibus,
1622 3542 1760 3615 qnoniam
1781 3544 1853 3616 ipsae

106 3632 420 3688 ethaberemoerorem
437 3636 558 3702 propter
572 3631 712 3702 gaudium
735 3637 851 3689 aeternae
873 3634 951 3702 vitae,
1005 3636 1072 3686 sunt
1096 3646 1169 3703 epus
1192 3632 1338 3703 operantis
1370 3630 1496 3687 bominis
1530 3631 1561 3686 in
1591 3631 1852 3704 ueo.1lodslpsa

105 3722 238 3793 iuquam
260 3721 345 3777 boum
368 3735 436 3775 ores
465 3719 639 3776 adducendae
666 3725 733 3777 sunt
757 3723 950 3792 pernobilem
1005 3721 1133 3793 quinque
1155 3720 1276 3776 uirtutes
1292 3719 1328 3777 nd
1370 3719 1590 3776 similitudinem
1629 3719 1759 3793 quinqua
1789 3737 1851 3778 sen·

106 3809 209 3864 Filium
224 3808 286 3864 ltei.
301 3809 335 3864 Et
351 3808 410 3864 aidi
425 3807 612 3879 quodumnes
637 3807 784 3879 predictae
809 3809 951 3882 imagines
1004 3825 1087 3866 suum
1102 3809 1229 3866 hominis
1245 3811 1275 3865 in
1286 3809 1339 3865 huc
1357 3811 1431 3865 turri
1447 3810 1549 3881 positae
1565 3814 1647 3877 auut;
1676 3811 1728 3883 qui
1755 3813 1848 3868 multu

104 3897 219 3970 singula
245 3897 332 3952 rerba
356 3911 475 3968 suaper
502 3895 672 3967 mysterium
699 3897 749 3953 llei
762 3897 895 3954 dicabant
913 3901 950 3956 ad
1003 3900 1063 3954 zelo
1078 3899 1236 3970 tangebant
1245 3899 1505 3966 circumcisionem,
1531 3897 1732 3955 abscindentes
1750 3901 1787 3957 ab
1814 3917 1849 3958 ea

104 3985 329 4040 admonitionem
345 3985 508 4039 hominum.
1002 3988 1197 4061 iniquitatem,
1212 3989 1250 4062 lut
1275 3989 1404 4061 quinque
1426 4003 1526 4044 sensus
1549 3987 1685 4055 huminis,
1699 3989 1730 4044 in
1757 3990 1849 4047 Eccle-

137 4074 216 4129 Tuac
229 4073 335 4127 iterum
349 4073 450 4127 sedens
466 4072 498 4126 iu
513 4072 619 4127 throno
635 4071 685 4144 qui
700 4072 773 4128 milri
786 4073 856 4144 {haec
883 4091 949 4131 om·
1002 4078 1044 4133 sia
1080 4077 1324 4134 circumciduntur
1351 4093 1403 4150 per
1439 4078 1662 4134 sacratissimum
1694 4077 1847 4152 baptisma,

103 4162 153 4216 nia
175 4161 353 4225 ostendebat,
374 4160 454 4214 dixit
482 4159 580 4216 milri:
606 4161 658 4216 Per
695 4162 895 4220 tortitudinem
918 4171 949 4220 et
1002 4167 1052 4223 sed
1067 4171 1164 4223 maren
1177 4167 1207 4224 in
1222 4166 1388 4224 hominibus
1403 4181 1460 4223 uon
1475 4171 1628 4239 operantes
1641 4182 1695 4240 per
1716 4169 1847 4240 seipsas:

102 4247 292 4305 coustantium
313 4248 467 4304 voluntatis
491 4249 551 4318 Dei,
580 4249 685 4306 divinae
709 4251 828 4306 alurrtes
845 4252 875 4308 in
894 4254 946 4308 vo·
966 4255 1070 4328 llqnia
1084 4256 1170 4311 homo
1183 4255 1472 4328 cumillisoperntur,
1497 4261 1525 4311 et
1547 4256 1610 4328 ipso
1622 4271 1687 4312 cum
1719 4257 1849 4328 bomine,

103 4338 157 4393 teri
179 4337 358 4392 Testamenta
394 4336 525 4392 celeriter
554 4337 747 4408 pullulabunt,
775 4339 825 4395 sed
850 4338 891 4396 ibi
916 4357 947 4396 se
1002 4344 1076 4400 sicut
1097 4343 1184 4400 etiam
1202 4345 1330 4416 quinque
1349 4357 1452 4400 seusus
1469 4343 1596 4400 bominis
1610 4359 1669 4401 nou
1690 4353 1851 4418 operantur

102 4425 223 4482 velutin
245 4425 411 4497 ignorantia
438 4425 601 4480 colentibus
626 4427 755 4483 noudum
772 4425 858 4497 plene
881 4425 953 4484 sns·'
1001 4447 1055 4504 per
1079 4449 1120 4501 se,
1149 4432 1199 4488 sed
1225 4433 1313 4490 humo
1337 4447 1403 4488 cnm
1428 4433 1485 4489 illis
1504 4438 1534 4488 et
1555 4433 1611 4503 ipsi
1624 4449 1689 4489 cum
1718 4434 1847 4504 bomine,

101 4530 166 4570 vam
180 4521 210 4570 et
224 4513 337 4570 dulcem
352 4518 469 4585 gustum
484 4513 661 4585 prabebant,
688 4515 758 4588 quia
781 4520 852 4570 tunc
883 4522 946 4572 tuu-
1002 4522 1043 4576 ita
1061 4521 1183 4576 invicem
1196 4519 1322 4577 tructam
1341 4521 1486 4576 iacientes.
1505 4521 1539 4576 Et
1552 4528 1621 4576 sunt
1646 4523 1847 4594 singularitem

99 4609 163 4658 tum
186 4602 339 4660 austeritas
371 4602 444 4674 legis
482 4603 683 4675 delinquentes
723 4603 828 4660 acriter
860 4605 947 4662 curri·
1001 4609 1126 4665 marimo
1144 4609 1238 4665 studio
1248 4610 1420 4666 desudantes
1439 4608 1468 4662 in
1492 4609 1633 4682 singulari
1650 4611 1765 4682 ,scilicet
1792 4625 1848 4668 sta·

100 4691 212 4763 plebat3
226 4690 522 4764 postmodumautem
544 4691 731 4764 pergratiam
755 4693 806 4748 Ilei
819 4693 851 4749 iu
872 4710 947 4750 nova
1000 4694 1066 4745 tura
1092 4689 1250 4760 magisterii
1284 4690 1421 4744 turritum
1445 4689 1556 4762 apicem
1584 4691 1720 4758 habente,
1747 4693 1776 4748 id
1805 4697 1849 4749 est

100 4781 163 4851 lega
172 4780 330 4852 plurimum
347 4779 472 4836 fructum
487 4780 676 4851 proterentes,
699 4779 803 4838 tortam
826 4785 855 4837 et
876 4797 947 4854 per-
1000 4776 1212 4850 praecellentem
1230 4783 1260 4833 et
1272 4777 1345 4833 bene
1364 4778 1555 4850 compositam
1580 4779 1750 4852 dignitatem
1777 4782 1847 4838 aeli·

99 4870 206 4924 fectum
221 4869 318 4924 cibum
344 4873 373 4923 et
393 4868 424 4924 iu
451 4885 548 4925 amore
570 4869 730 4924 celestium
754 4870 946 4928 esurientibus
1001 4867 1126 4922 dissime
1146 4866 1323 4923 constantiae.
1354 4865 1389 4920 Et
1411 4867 1506 4938 prime
1533 4869 1630 4940 imago
1670 4869 1789 4942 respicit
1810 4871 1848 4928 ad

98 4973 165 5012 curn
185 4973 288 5012 sumna
315 4957 467 5014 dulcedine
494 4957 678 5025 exhibebant,
705 4973 771 5013 cum
799 4959 889 5030 prius,
912 4966 947 5017 ut
1000 4955 1151 5024 orientem,
1166 4954 1335 5028 quiaairtus
1352 4955 1404 5012 ille
1431 4958 1580 5030 prospexit
1605 4957 1640 5014 ad
1665 4957 1768 5013 Filium
1796 4958 1848 5015 llei

99 5046 283 5113 dictumest,
313 5047 448 5118 quadam
477 5045 589 5102 occulta
620 5046 747 5102 ostensio
771 5051 801 5103 et
829 5049 945 5120 signum
1000 5045 1118 5116 planctu
1140 5045 1256 5113 amoris,
1279 5048 1312 5100 ut
1328 5043 1501 5116 quandoque
1521 5047 1642 5114 reniret,
1675 5045 1728 5101 boc
1748 5049 1846 5117 aperte

98 5133 263 5190 futurorum
285 5141 391 5204 esseut,
414 5134 575 5191 secuudum
603 5135 680 5208 quud
715 5136 802 5192 etiam
836 5142 947 5208 specta·
999 5133 1170 5207 loquenade
1184 5137 1291 5188 aeterua
1304 5132 1363 5189 rita
1387 5149 1475 5205 quam
1503 5133 1683 5190 circumcisio
1699 5133 1802 5190 babuit
1816 5135 1847 5190 iu

97 5222 196 5277 culum
223 5220 277 5277 boc
304 5239 370 5280 cum
396 5221 626 5296 appositionibus
663 5223 722 5279 suis
757 5223 943 5282 demonstrat.
999 5219 1149 5278 absconso.
1173 5221 1304 5278 Secunda
1338 5225 1434 5279 autem
1454 5223 1550 5296 imago
1566 5224 1645 5280 uidet
1673 5221 1709 5278 ad
1737 5223 1848 5295 aquilo-

97 5311 170 5366 ilam
183 5311 246 5367 laec
261 5312 349 5368 turris
363 5327 453 5384 quam
473 5311 554 5368 aldes
567 5311 649 5384 quasi
676 5313 707 5367 iu
736 5312 832 5369 medio
853 5315 946 5387 lougi-
999 5325 1083 5378 uem;
1110 5311 1248 5384 qnoniam
1272 5312 1335 5383 ipsa
1371 5311 1560 5369 considerauit
1596 5317 1708 5384 partem
1727 5311 1848 5368 orientis

95 5397 208 5456 tudinis
218 5399 362 5472 praedictae
376 5399 480 5458 lucida
491 5400 583 5472 partia
604 5399 681 5458 muri
708 5400 850 5474 designati
873 5403 943 5459 sedi·
998 5405 1028 5456 et
1041 5403 1154 5472 partem
1168 5399 1322 5473 aquilonis,
1344 5400 1375 5457 iu
1402 5415 1508 5474 magna
1531 5401 1681 5473 disciplina
1706 5401 1847 5473 aspiciens

96 5485 156 5545 tlcii
184 5491 321 5552 stentem.
348 5486 438 5546 habet
462 5493 565 5561 typum
593 5503 756 5562 precursor
787 5489 944 5547 volontatis
998 5487 1035 5546 ad
1064 5487 1155 5546 Deum
1178 5487 1261 5562 quasi
1286 5488 1498 5560 adorientem,
1526 5489 1710 5562 dedignando
1737 5490 1844 5548 menn·
