3984 6034
75 269 134 323 969
365 266 468 328 blein
486 265 640 328 attinuit.
659 265 765 328 OPER.
786 264 958 329 sturitate
975 266 1134 330 HOMINIS.
1150 270 1288 329 —PARS
1306 266 1356 339 ill,
1377 268 1467 329 visto
1486 266 1544 327 Vll.
1776 274 1829 331 ete

75 406 226 463 crsdsmm
251 406 287 463 nd
313 405 472 478 spiritalem
496 407 675 464 intellectum
701 406 851 475 convertit,
873 407 924 463 nbi
940 410 1043 464 Acum
1059 425 1126 465 eum
1141 409 1177 465 ad
1194 412 1284 467 Deum
1304 408 1440 465 anhelare
1454 408 1639 481 intellexerit,
1655 411 1696 467 ita
1711 416 1742 470 ut
1765 412 1827 485 ipse

75 500 107 551 et
119 495 199 551 alind
213 500 328 569 tempus
343 513 404 552 non
423 497 583 553 secundum
605 512 731 561 carnem,
755 497 807 553 sed
828 512 927 552 secun·
980 512 1069 570 opera
1083 514 1135 554 sua
1148 498 1179 554 in
1194 500 1252 555 lieo
1268 500 1366 570 ponat,
1384 496 1453 569 qttia
1471 514 1523 569 per
1537 498 1620 555 ilium
1644 505 1756 557 creatus
1774 506 1827 570 eet,

74 584 296 657 dumspiritum
311 584 346 641 ed
362 583 450 640 vitam
464 584 612 655 processit.
627 585 660 640 ln
675 584 822 641 Nceenim
835 586 927 641 multu
979 600 1047 640 mox
1077 586 1262 659 suggestione
1285 601 1337 641 sna
1365 586 1400 640 ad
1430 585 1526 657 ipsum
1553 588 1663 643 accedit
1690 589 1787 645 dicens
1818 604 1825 646 :

74 671 218 727 miracula
236 671 359 738 ostendi,
374 671 448 727 sicut
466 671 554 726 etiam
578 671 719 743 inprime
745 672 926 744 apparitione
980 674 1082 730 «Cum
1101 674 1366 747 inpossibilitatem
1388 674 1512 729 faciendi
1535 692 1600 746 ques
1625 677 1750 733 volueris
1772 678 1824 733 ha-

73 760 106 815 in
131 760 222 815 Adam
243 760 460 832 quamplurime
482 760 620 815 miracula
641 759 759 831 perfeci,
786 761 926 832 quoniam
977 761 1056 831 beas,
1072 779 1247 836 qnareopus
1271 768 1355 819 tuum
1377 763 1413 817 ab
1433 762 1529 819 alieno
1555 764 1682 834 quaeris?
1706 766 1739 822 Et
1755 767 1826 837 quid

73 851 110 903 nt
123 848 155 903 in
169 848 261 904 Adam
277 862 379 903 omnes
401 847 561 902 nascituros
576 848 710 904 bumincs
732 849 861 920 previdi,
885 849 926 905 ita
978 848 1093 905 nocebit
1118 854 1156 917 te,
1183 848 1260 921 quod
1284 864 1372 920 opera
1399 864 1463 920 quae
1497 849 1612 921 operari
1643 855 1725 922 potes
1747 852 1827 922 iacis,

73 935 165 991 etiem
178 935 209 991 in
233 936 292 992 Noe
305 951 414 992 norum
436 935 575 990 seculum
596 940 827 992 resurrecturum
848 952 925 1009 prce·
977 951 1045 992 cum
1072 935 1122 993 ille
1147 951 1233 1009 quem
1258 941 1415 991 creatorem
1445 941 1530 992 tuum
1559 953 1620 993 esse
1640 938 1721 1008 dicis,
1754 956 1826 1012 opus

73 1023 195 1093 signavi,
210 1024 252 1078 lie
273 1022 403 1096 germine
425 1039 551 1095 nemque
573 1025 630 1079 isto
654 1024 805 1080 tortissimi
825 1031 854 1081 et
876 1040 924 1080 ve·
977 1040 1064 1081 suum
1078 1023 1225 1093 utvoluit,
1239 1023 1331 1079 iecit?
1347 1044 1361 1076 s
1378 1024 1413 1080 Et
1434 1024 1474 1079 sic
1497 1027 1681 1099 suggerendo
1701 1043 1768 1083 eum
1781 1028 1827 1084 da-

73 1110 214 1165 locissimi
234 1110 386 1181 prophetae
406 1115 602 1179 enituerunt,
625 1113 675 1183 qui
698 1112 827 1183 lingnam
842 1129 924 1169 snam
976 1112 1056 1183 cipit.
1074 1113 1180 1169 Ventus
1195 1112 1293 1185 itaque
1308 1112 1451 1184 aquilonis
1469 1114 1686 1186 suggestionem
1707 1121 1737 1171 et
1759 1132 1826 1188 per-

73 1202 224 1267 acnentes,
239 1214 273 1253 aa
286 1214 352 1270 qute
373 1198 405 1253 in
428 1198 538 1270 Spiritu
561 1204 659 1255 sancto
683 1200 827 1270 videbant,
850 1201 923 1256 lidu-
976 1202 1140 1257 suasionem
1164 1201 1250 1257 istam
1273 1200 1414 1272 designat,
1440 1200 1509 1272 quia
1533 1203 1608 1257 sicut
1630 1202 1679 1259 illc
1709 1203 1827 1259 demum

73 1286 190 1343 cialiter
226 1288 420 1359 protulerunt,
458 1286 567 1343 scilicet
598 1287 668 1359 qnia
695 1288 772 1343 Dens
798 1288 923 1345 Verbum
976 1292 1066 1343 totam
1082 1289 1205 1345 destruit
1226 1294 1256 1345 et
1275 1290 1387 1357 evertit,
1410 1289 1450 1345 ita
1469 1294 1498 1345 et
1518 1290 1581 1346 hoec
1603 1290 1753 1348 diabolica·
1768 1292 1826 1347 sui·

73 1390 172 1441 suum,
198 1376 277 1447 quod
301 1374 415 1446 inipso
437 1381 503 1431 ante
524 1375 703 1444 avumiuit,
727 1375 757 1430 in
781 1376 923 1432 mundum
976 1374 1056 1431 ilatio
1082 1382 1174 1432 rectos
1193 1393 1292 1432 sensae
1323 1376 1450 1433 hominis
1481 1377 1512 1432 in
1547 1379 1621 1433 banc
1654 1379 1826 1437 oblivionem

74 1464 215 1519 missurus
234 1468 317 1520 emet.
344 1464 378 1519 lit
391 1463 446 1519 boc
459 1465 501 1519 sic
521 1464 704 1520 incarnatum
722 1470 774 1534 est,
792 1469 825 1521 ut
844 1470 923 1522 totus
976 1462 1067 1531 ducit,
1083 1470 1114 1519 ut
1127 1463 1326 1535 inspirationis
1342 1464 1393 1519 [lei
1418 1464 1609 1532 obliviscatur,
1627 1466 1705 1521 etad
1735 1469 1826 1523 Deum

73 1551 202 1607 mundns
222 1551 291 1607 inde
308 1550 440 1622 miretur,
451 1556 542 1628 ,atque
557 1552 593 1608 ad
608 1552 663 1608 boc
678 1553 851 1609 miraculum
865 1554 921 1609 lin·
975 1551 1120 1624 suspirare
1135 1566 1194 1607 non
1212 1551 1311 1624 possit.
1335 1552 1486 1623 Spiramen
1501 1568 1617 1625 qnoque
1629 1554 1735 1609 anime
1749 1555 1827 1611 illins

72 1655 140 1711 gnte
163 1639 292 1710 ipsorum
318 1638 453 1695 velociter
477 1639 617 1697 mundum
649 1641 821 1709 transibant,
854 1657 921 1697 cum
940 1641 1054 1739 Bquod
1073 1640 1110 1696 ad
1126 1640 1218 1697 Deum
1240 1639 1375 1695 anhelare
1397 1639 1515 1696 deberet
1535 1641 1666 1705 abscidit,
1682 1647 1767 1714 atque
1791 1644 1826 1699 ati

72 1728 237 1799 speciosum
257 1743 311 1799 pro
334 1726 403 1782 liliis
422 1727 575 1783 hominum
596 1727 631 1784 ed
658 1733 748 1784 terras
767 1733 921 1783 ventarum
974 1734 1092 1799 peccata
1118 1744 1185 1799 quta
1213 1744 1266 1799 per
1294 1744 1397 1800 corpus
1425 1744 1511 1785 suum
1542 1736 1709 1801 perpetrare
1731 1738 1827 1801 potest

70 1814 262 1871 affirmarent.
277 1815 332 1871 Sed
345 1819 374 1871 et
393 1816 572 1871 rationalitas
586 1816 686 1882 dictet,
709 1822 738 1871 et
763 1816 921 1871 secundum
979 1815 1074 1887 ipsum
1091 1812 1228 1872 accendit.
1244 1818 1277 1873 in
1292 1814 1408 1872 sufflatu
1424 1817 1531 1872 etenim
1548 1817 1634 1889 hujus
1651 1818 1747 1874 fetida
1758 1835 1825 1891 eug-

71 1904 211 1961 dictaium
226 1919 299 1975 opus
313 1909 471 1968 exercetur,
486 1904 556 1976 quia
579 1904 603 1959 ei
626 1904 749 1961 dictatus
771 1920 829 1959 non
856 1920 921 1976 pro·
975 1904 1112 1976 gestiente
1141 1904 1260 1960 contidit
1284 1904 1362 1976 quod
1396 1905 1506 1961 animas
1529 1906 1617 1961 etiarn
1641 1907 1825 1963 rationalium

70 1992 197 2061 cederet,
213 2007 287 2063 opus
302 2006 361 2047 non
375 1992 609 2073 subsequeretur.
633 1992 771 2049 landum
794 1992 873 2047 enim
892 1995 923 2047 et
974 1992 1127 2049 homiuum
1149 1994 1186 2049 ad
1208 2008 1239 2049 se
1264 1993 1378 2047 trabere
1401 1994 1502 2064 possit,
1530 1996 1775 2066 quemadmodum
1797 2002 1825 2051 et

70 2080 220 2136 bominem
244 2081 319 2135 Deus
339 2080 370 2134 in
399 2080 491 2136 Verbo
516 2097 568 2136 sno
591 2080 719 2136 dictavit.
750 2082 822 2135 Nam
853 2081 920 2135 Ver·
973 2079 1079 2135 vermis
1101 2079 1132 2135 in
1161 2080 1222 2134 luto
1246 2079 1355 2149 jacens,
1383 2094 1417 2134 ex
1445 2096 1529 2135 succo
1550 2081 1741 2137 immunditie
1765 2100 1825 2139 suae

69 2168 153 2237 bum,
168 2168 246 2240 quod
266 2168 328 2223 sine
347 2168 432 2223 initio
451 2176 507 2237 eet,
532 2184 605 2239 opus
628 2168 772 2240 quoddam
794 2168 919 2238 dictavit,
973 2168 1045 2223 alies
1059 2183 1171 2224 vermes
1191 2168 1414 2239 procreat.1pse
1431 2183 1557 2240 namque
1572 2168 1705 2225 homines
1720 2170 1750 2227 in
1764 2171 1825 2227 baec

69 2257 106 2311 de
121 2272 180 2327 quc
194 2256 337 2312 mundum
352 2256 554 2312 indumentum
567 2256 622 2312 sibi
636 2256 741 2325 induit,
758 2262 790 2311 ut
804 2258 921 2329 qnando
973 2272 1062 2329 prava
1085 2261 1115 2311 et
1137 2255 1256 2312 letenna
1278 2271 1367 2326 opera
1389 2255 1531 2327 perduxit,
1557 2256 1635 2329 quod
1656 2273 1751 2328 genna
1774 2276 1825 2315 sua

70 2344 159 2399 bomo
179 2347 332 2416 peccasset,
354 2344 379 2399 si
403 2344 494 2399 Deum
516 2344 702 2400 confiteretur
723 2360 790 2399 cum
819 2345 919 2401 eodem
973 2344 1098 2401 adbeel
1121 2349 1151 2399 et
1174 2343 1209 2399 ad
1233 2344 1345 2415 reliqua
1368 2343 1446 2399 idola
1468 2344 1620 2413 flexerunt,
1644 2362 1679 2401 cx
1700 2363 1824 2418 quornm

69 2432 325 2488 indumentorum
349 2432 385 2488 ad
407 2446 438 2488 se
462 2432 639 2500 retraheret;
665 2437 694 2488 et
715 2432 780 2488 idco
804 2433 829 2487 si
843 2431 920 2495 idem
974 2448 1025 2488 ore
1040 2431 1209 2487 immundus
1223 2431 1342 2503 spiritus
1355 2432 1452 2487 sonuit
1468 2434 1691 2505 etlcquebalur‚
1714 2436 1825 2492 incesta

69 2521 195 2576 Verbum
210 2520 414 2576 indumentum
432 2519 489 2576 hoc
511 2535 569 2575 non
583 2520 733 2586 induisset,
757 2520 845 2576 homo
861 2535 920 2574 non
974 2535 1062 2593 opere
1081 2520 1312 2575 eosdccens.1n
1342 2519 1424 2575 initio
1438 2520 1517 2577 enim
1537 2538 1554 2577 a
1578 2524 1764 2593 generatione
1791 2524 1822 2579 in

68 2610 237 2675 salvaretur,
261 2608 334 2663 sicut
357 2624 412 2663 nec
434 2608 564 2679 perditus
596 2594 716 2681 angelus
752 2608 918 2665 salvabitur.
973 2606 1190 2680 generationem
1217 2608 1319 2678 populi
1346 2614 1557 2679 processerunt,
1584 2626 1708 2681 quorum
1733 2611 1824 2667 borri-

69 2699 104 2753 Et
119 2697 194 2753 unde
208 2701 284 2751 esset
303 2696 360 2752 boc
373 2697 451 2768 quod
466 2697 542 2752 Deus
562 2712 620 2752 non
636 2697 756 2753 heberet
779 2694 921 2769 possibili·
973 2697 1046 2753 biles
1062 2701 1173 2751 mentes
1187 2698 1306 2768 propter
1321 2702 1439 2768 gustum
1459 2696 1551 2753 carnis
1573 2714 1631 2752 snae
1653 2716 1670 2753 a
1693 2699 1751 2755 [leo
1777 2716 1823 2755 re-

72 2785 261 2842 tetemillum
275 2786 404 2840 iocosae
427 2785 578 2841 restituere
602 2786 652 2857 qui
677 2785 713 2841 ab
736 2802 771 2841 eo
792 2801 918 2841 recessa·
973 2788 1132 2841 cesserunt.
1149 2782 1203 2839 Sed
1216 2788 1324 2851 temen,
1340 2784 1555 2856 utpraedictum
1571 2791 1626 2855 est,
1653 2802 1705 2857 per
1727 2802 1824 2844 arcam

73 2882 129 2943 rat,
154 2890 219 2929 cum
248 2890 315 2931 eum
336 2875 480 2945 poenitens
502 2874 710 2931 confiteretur?
733 2874 922 2940 Quemadmo
975 2873 1050 2928 licus
1068 2872 1212 2944 iustitiam
1236 2872 1367 2943 protulit,
1397 2888 1447 2945 per
1468 2874 1727 2944 circumcisionem,
1756 2892 1822 2947 qnae

72 2965 145 3021 dum
171 2963 250 3018 enim
274 2962 467 3035 omnipotenti
491 2964 550 3018 lieo
579 2963 688 3035 placuit
712 2970 746 3019 ut
771 2962 917 3018 hominem
939 2960 1053 3021 Cvelnt
1068 2960 1184 3033 chalybs
1199 2964 1270 3027 erat,
1286 2965 1410 3017 mortem
1425 2962 1595 3029 vulneravit,
1619 2962 1658 3019 ita
1681 2968 1714 3019 ut
1736 2964 1823 3020 etiam

71 3052 189 3118 iaceret,
213 3051 253 3106 ita
271 3055 300 3105 et
320 3050 376 3123 ipsi
399 3050 510 3120 placuit
533 3056 566 3105 ut
586 3052 668 3106 illum
683 3050 849 3120 redimeret,
870 3044 920 3121 qui
974 3049 1066 3105 iibido
1087 3063 1175 3120 quam
1200 3062 1319 3120 serpens
1341 3048 1549 3117 exsufflaverat,
1574 3066 1626 3122 per
1640 3051 1720 3107 illam
1736 3052 1824 3107 denu-

70 3139 103 3195 in
127 3154 195 3195 enm
222 3137 350 3195 contidit.
387 3138 569 3211 Quapropter
601 3140 785 3211 prophetiam
812 3140 920 3194 occulte
975 3137 1106 3205 deleam
1128 3151 1180 3208 per
1204 3136 1298 3208 legem
1321 3152 1399 3205 vero,
1417 3152 1504 3209 quam
1526 3136 1617 3209 digito
1631 3155 1684 3195 sno
1699 3140 1821 3212 scripsit,

69 3227 221 3300 expiravit,
250 3233 280 3282 et
307 3243 371 3283 eam
395 3228 598 3284 obumbratam
623 3228 711 3296 misit,
739 3227 921 3301 usquedum
975 3224 1055 3279 illem
1078 3224 1219 3292 contudit,
1244 3226 1298 3279 huc
1317 3225 1476 3290 revolvens,
1501 3225 1578 3294 quod
1605 3225 1753 3283 hominem
1777 3226 1823 3283 di-

69 3332 146 3387 opus
159 3331 246 3373 snum
259 3316 426 3388 perficeret,
448 3316 499 3371 sed
524 3319 680 3388 antequam
703 3315 773 3371 illud
797 3316 832 3372 ad
852 3330 922 3387 prc-
975 3312 1036 3384 gito
1055 3328 1107 3367 suc
1127 3312 1244 3379 fecerat,
1271 3311 1431 3367 ministerio
1457 3312 1592 3381 bominis,
1619 3314 1728 3370 scilicet
1748 3331 1823 3371 crae·

71 3405 178 3460 tectum
193 3404 328 3474 duxisset,
350 3419 403 3475 per
416 3404 624 3475 praecurrentia
645 3403 728 3476 signe
749 3404 844 3475 ipsum
868 3403 921 3457 de·
975 3404 1041 3457 tura
1061 3416 1149 3472 quam
1169 3400 1244 3456 Deus
1270 3398 1314 3455 illi
1338 3398 1418 3455 dedit
1439 3400 1520 3470 prius
1552 3407 1757 3471 precurrente,
1788 3401 1823 3458 de

73 3494 254 3548 monstravit.
272 3493 342 3549 Nem
362 3492 422 3547 Nee
445 3508 540 3548 arcem
564 3492 700 3559 ostendit,
721 3492 842 3546 Abrahae
863 3490 922 3544 cir·
975 3504 1034 3560 qua
1048 3487 1135 3543 homo
1151 3488 1262 3543 munda
1274 3487 1410 3542 animalia
1433 3503 1559 3556 sumens,
1582 3488 1707 3545 bustiam
1733 3489 1825 3545 omni-

73 3582 279 3637 cumcisicnem
311 3580 400 3647 dedit,
425 3581 540 3651 bloysen
567 3584 664 3635 eutem
695 3581 788 3649 legem
814 3578 921 3644 docuit,
976 3572 1086 3644 potenti
1103 3573 1161 3628 ileo
1176 3573 1304 3644 primum
1319 3573 1432 3629 obtulit.
1458 3574 1540 3639 Quod
1562 3580 1660 3631 atttem
1684 3574 1755 3631 Abel
1778 3576 1823 3632 in·

32 3803 43 3817 .
73 3760 217 3823 movetur,
248 3770 300 3829 per
326 3756 397 3812 istos
423 3756 663 3823 confoederatum
687 3759 716 3809 et
744 3758 775 3808 ut
793 3754 923 3809 diabolus
976 3748 1065 3804 homo
1080 3748 1129 3821 qui
1151 3748 1274 3804 bustiam
1289 3748 1325 3803 de
1349 3749 1466 3805 animali
1486 3750 1521 3805 de
1543 3766 1601 3822 quc
1623 3751 1710 3807 alitur
1730 3753 1823 3821 odem,

71 3860 128 3919 per
150 3844 287 3900 animalia
309 3844 457 3899 bominem
481 3845 643 3916 deceperat,
668 3849 823 3913 antequam
852 3841 922 3897 San·
977 3852 1008 3892 se
1022 3836 1117 3908 ipsum
1132 3836 1254 3893 hostiam
1278 3837 1337 3891 Deo
1361 3837 1471 3894 oderat.
1495 3840 1529 3893 Et
1542 3845 1572 3894 ut
1587 3840 1628 3895 sol
1650 3840 1750 3896 lunam
1770 3840 1824 3896 sibi

73 3938 138 3990 ctus
153 3938 316 3989 sanctornm
331 3933 451 4000 veniret,
475 3948 527 4005 per
542 3933 679 3988 animalia
699 3931 730 3986 in
744 3930 924 3985 ceremoniis
977 3926 1123 3983 subditam
1141 3931 1200 3981 tam
1222 3930 1396 3981 crescentem
1419 3942 1507 3997 quam
1533 3926 1714 3983 deiicientem
1739 3928 1826 3984 habet

78 4023 129 4078 liei
139 4022 217 4078 idem
232 4020 363 4077 diabolus
377 4022 602 4076 conculcaretur.
977 4014 1019 4069 ita
1034 4014 1162 4069 ciiiilius
1178 4014 1230 4069 Dei
1253 4029 1337 4069 verus
1350 4013 1396 4069 Sol
1422 4016 1514 4086 legem
1531 4015 1561 4070 in
1582 4032 1612 4071 se
1627 4016 1739 4087 habuit,
1760 4032 1825 4089 qum

116 4110 149 4165 at
174 4110 237 4166 baec
262 4108 318 4163 tria
342 4108 436 4180 signa,
460 4109 593 4165 videlicet
615 4108 719 4177 bostis,
743 4106 924 4165 circumcisio
978 4104 1010 4159 in
1025 4102 1088 4176 ipso
1101 4103 1201 4171 crevit,
1218 4119 1284 4158 cnm
1305 4118 1369 4159 eam
1392 4104 1554 4176 complevit,
1580 4111 1608 4160 et
1633 4120 1699 4177 quse
1718 4106 1826 4178 inipso

77 4199 173 4266 etler,
194 4197 300 4253 Filium
314 4197 365 4253 bei
386 4197 610 4267 praecurrebant,
627 4212 719 4269 eaque
741 4198 804 4269 ipse
818 4197 877 4269 peti
896 4202 926 4253 et
978 4192 1198 4263 fiuemaccepit‚
1220 4208 1287 4248 cnm
1308 4208 1338 4247 se
1357 4192 1453 4265 ipsum
1472 4194 1530 4248 lieo
1554 4194 1632 4249 Patri
1655 4195 1824 4251 immolavit.

76 4286 156 4343 iiniri
172 4286 203 4341 in
217 4303 247 4341 se
259 4286 352 4343 voluit
366 4286 526 4341 secundum
542 4286 631 4342 verba
641 4284 843 4356 inspirationis
853 4300 924 4357 pro-
942 4254 965 4309 D
979 4278 1015 4333 Et
1028 4283 1062 4334 ut
1076 4293 1128 4350 per
1143 4282 1264 4333 mortem
1289 4277 1352 4350 ejus
1374 4280 1490 4351 eclipsis
1512 4279 1580 4335 sciis
1603 4280 1676 4336 iacta
1700 4287 1752 4351 est,
1775 4282 1826 4354 qni

77 4374 244 4448 phetarum,
260 4375 311 4446 qui
325 4377 355 4430 et
368 4373 404 4430 de
421 4375 478 4429 ileo
491 4373 570 4429 etde
591 4374 727 4429 omnibus
745 4372 829 4429 matis
841 4370 924 4444 aqui·
979 4366 1086 4422 iterum
1101 4382 1153 4439 per
1168 4371 1261 4423 totum
1277 4366 1419 4423 mundum
1434 4367 1551 4437 effulsit,
1578 4367 1619 4423 sic
1640 4368 1718 4425 idem
1740 4370 1826 4425 Filius

77 4464 151 4519 lonis
179 4462 384 4535 loquebantur,
404 4461 474 4534 quia
497 4460 627 4533 quandiu
648 4462 786 4533 antiquus
807 4477 926 4533 serpeus
980 4455 1033 4510 nei
1048 4454 1139 4511 voluit
1160 4460 1192 4510 ut
1214 4454 1301 4511 homo
1324 4455 1484 4511 secundum
1503 4456 1600 4528 ipsum
1620 4457 1724 4527 luceat,
1748 4474 1827 4515 rnor-

77 4556 180 4608 contrn
193 4552 285 4607 ileum
310 4564 441 4624 pugnare
454 4553 527 4618 vult,
565 4551 639 4605 sicut
670 4549 758 4605 etiem
789 4550 821 4604 in
852 4549 926 4604 caelo
979 4548 1040 4599 tem
1061 4543 1123 4614 ejus
1148 4542 1339 4615 inspiciendo,
1364 4547 1392 4599 et
1415 4541 1446 4599 ir'r
1470 4544 1521 4599 illa
1532 4545 1740 4601 considerando
1757 4547 1826 4619 quid

77 4646 179 4697 contra
191 4654 258 4695 cum
275 4639 423 4711 pugnavit,
442 4639 574 4694 homines
587 4637 708 4706 invadit,
723 4638 765 4694 eis
779 4636 926 4693 suadendo
979 4630 1074 4687 facere
1100 4630 1211 4687 debeat.
1237 4630 1485 4696 Quemadmodum
1508 4632 1595 4687 etiam
1618 4638 1745 4689 arcuum
1762 4649 1826 4689 cum

77 4733 112 4783 nt
122 4732 152 4783 et
165 4727 222 4800 ipsi
240 4728 299 4783 Deo
312 4744 343 4782 se
366 4731 524 4799 opponant,
546 4732 575 4783 et
595 4726 668 4783 iilud
692 4726 771 4799 quod
793 4726 883 4781 oculis
897 4729 927 4779 et
977 4718 1118 4791 jumentis
1137 4724 1246 4775 terram
1271 4720 1384 4789 evertit,
1406 4720 1437 4775 in
1459 4736 1546 4793 qnam
1568 4736 1667 4777 semen
1689 4736 1827 4793 magnum

79 4816 214 4873 menibus
227 4814 348 4887 palpant
359 4832 413 4887 pro
428 4818 486 4872 lieo
503 4817 610 4884 colant,
627 4814 873 4887 quemadmodum
896 4812 927 4868 in
980 4808 1107 4863 nactum
1129 4806 1236 4863 iaciens
1250 4808 1409 4864 seminetur
1427 4809 1463 4865 de
1482 4824 1539 4881 qno
1553 4809 1685 4865 homines
1708 4825 1828 4881 pascun-

80 4904 147 4960 Baal
170 4908 201 4959 et
229 4904 260 4957 in
283 4902 346 4958 aliis
366 4904 451 4959 idolis
472 4903 514 4958 eis
539 4904 675 4961 ostendit.
704 4902 759 4959 Sed
778 4906 810 4957 nt
836 4903 926 4957 Deum
981 4901 1039 4964 tur,
1055 4894 1194 4951 itaetiam
1209 4895 1328 4968 scriptas
1351 4896 1461 4953 litteras
1483 4898 1514 4953 in
1537 4897 1689 4969 preceptis
1714 4898 1765 4955 bet
1788 4900 1829 4954 le·

80 5008 166 5049 neme
189 4992 437 5063 comprehendere
462 4992 547 5060 valet,
572 5007 626 5048 nec
648 5006 721 5063 opus
742 4990 835 5062 ipsius
848 4989 926 5061 qnis-
980 4985 1053 5058 galis
1067 4985 1190 5057 populns
1213 4986 1316 5050 tenuit,
1343 4985 1394 5042 sed
1417 4986 1512 5042 iructn
1535 4987 1653 5043 illorum
1680 4992 1829 5044 saturatus

80 5097 166 5153 qnam
183 5080 218 5137 ad
234 5080 322 5136 tinem
346 5078 503 5152 perducere
525 5084 629 5151 potest,
654 5079 695 5134 ita
719 5094 772 5134 nec
797 5078 928 5133 diabolus
982 5078 1105 5141 nonest,
1122 5073 1190 5145 quia
1204 5075 1279 5145 qnod
1301 5074 1333 5129 in
1346 5074 1449 5131 litteris
1463 5075 1663 5132 absconditum
1686 5077 1743 5133 istit
1770 5093 1829 5133 non

80 5168 229 5226 bominem
261 5182 435 5240 cognoscere
459 5167 545 5236 valet,
572 5166 627 5221 nisi
648 5166 728 5238 prius
749 5181 802 5237 per
823 5180 928 5237 sugge·
982 5163 1181 5237 cognoscebat.
1208 5164 1295 5219 Filius
1320 5169 1416 5221 antem
1448 5165 1499 5221 liei
1523 5180 1575 5237 per
1595 5166 1706 5221 semine
1729 5166 1831 5222 verbo·
1917 5156 1923 5163 ’

79 5258 202 5315 ationem
223 5257 314 5329 ipsius
337 5256 425 5312 bomo
449 5256 576 5312 adeum
599 5255 724 5323 anhelet,
750 5259 779 5311 et
799 5257 869 5311 tunc
896 5253 928 5310 in
982 5267 1049 5308 rum
1074 5267 1191 5308 sucrum
1216 5252 1400 5309 credentibus
1423 5254 1559 5310 revelavit
1590 5253 1669 5326 qnod
1693 5269 1780 5309 carus
1802 5259 1831 5310 et

79 5346 211 5419 nequitia
224 5345 415 5403 sunmnltnm
429 5343 549 5417 gaudet,
564 5343 641 5417 qnod
656 5360 730 5414 opus
744 5342 798 5399 liei
820 5343 860 5399 sic
881 5343 929 5399 de·
982 5341 1125 5412 sanguine
1152 5340 1245 5412 ipsius
1270 5340 1390 5399 saturati
1426 5342 1514 5399 vitam
1549 5341 1686 5410 babeant,
1713 5347 1743 5398 et
1775 5342 1831 5399 hoc

79 5433 206 5492 ludendo
228 5434 333 5491 vincat.
358 5434 431 5489 Nam
457 5447 524 5489 cnm
537 5431 687 5489 bominem
706 5431 821 5503 operari
843 5446 929 5503 posse
982 5429 1062 5486 idem
1085 5428 1118 5486 in
1143 5429 1247 5501 divinis
1273 5429 1387 5485 secretis
1415 5428 1614 5487 absconditum
1636 5446 1687 5503 per
1708 5430 1831 5505 seipsam

80 5522 179 5591 sentit,
202 5522 325 5579 necdum
345 5520 493 5593 cognoscit
514 5519 584 5592 quid
599 5520 648 5577 ille
662 5518 777 5592 operari
797 5519 875 5587 velit,
900 5523 929 5575 et
984 5518 1185 5575 manifestavit.

261 5620 401 5690 Person.
427 5619 570 5688 cxcvii.
1593 5624 1631 5686 et
1743 5702 1750 5713 ⁶
