3984 6034
167 214 237 265 itte

164 520 381 575 etstomachum
395 518 457 590 ejus
468 520 503 575 ad
520 518 711 591 digestionem
728 519 885 576 mollificat.
911 521 966 578 Sed
983 527 1013 577 el

165 604 304 662 frenetico
318 609 443 663 mollum
467 609 595 680 prodest,
622 607 646 662 si
670 609 741 664 illud
768 626 843 682 saepe
869 611 1011 678 comedat,

166 697 235 770 quia
245 697 374 752 lusorem
384 697 434 769 qni
451 697 569 753 cerebro
583 699 645 769 ejus
659 704 702 752 est
716 699 928 770 exstinguillt).

291 787 356 842 Cae.
372 787 423 842 ht.
441 816 476 826 -
493 787 534 841 lia
545 787 705 842 Cannnouo
717 785 759 858 (t)
773 785 833 858 llll,
848 786 886 857 ll.

202 877 411 946 cynamomum
425 875 512 930 etiem
527 875 609 928 valdo
619 873 743 929 calidum
759 880 803 930 est
817 880 847 930 et
861 875 947 930 lortcs
970 875 1012 929 vi-

166 962 317 1029 reshabat,
329 967 359 1018 et
371 963 456 1018 eiiam
473 962 613 1018 modicam
637 962 839 1018 humiditatem
854 961 885 1018 in
913 979 943 1018 se
970 967 1013 1017 tc-

169 1055 236 1118 net;
253 1052 303 1106 scd
316 1049 395 1106 calor
406 1051 468 1123 ejus
482 1057 541 1105 tam
557 1051 638 1106 fortis
654 1052 730 1122 qnod
751 1051 951 1106 humiditatem
979 1051 1012 1106 il.

167 1142 226 1195 lam
240 1139 387 1210 deprimit,
401 1145 431 1194 et
444 1139 495 1211 qui
507 1155 573 1194 eum
594 1155 669 1211 saepe
691 1139 825 1204 comedit,
841 1141 934 1195 malos
962 1140 1014 1196 hrt-

168 1241 263 1282 mores
277 1228 309 1281 in
333 1242 367 1281 co
388 1225 495 1282 minuit
513 1242 545 1281 ac
571 1226 663 1282 bonos
687 1227 824 1283 humores
847 1227 877 1282 in
903 1244 937 1282 co
962 1245 1013 1299 pa-

168 1319 215 1371 rat
229 1314 279 1386 (3).

258 1404 327 1460 Cae.
338 1403 408 1460 xxi.
423 1431 461 1446 -
477 1403 516 1458 Da
531 1403 742 1461 Nucnuoscnrs
757 1404 796 1476 (t)
812 1405 873 1477 llll,
884 1405 924 1478 tl.

206 1493 268 1546 Nux
286 1497 411 1547 muscata
429 1507 567 1564 magnum
586 1493 710 1548 calorem
737 1493 824 1549 habel
851 1499 880 1550 et
905 1496 1014 1550 bonum

898 218 927 272 S.
948 215 1187 274 lllLllEGAlllllS

166 358 228 397 rem
254 357 353 396 vocem
389 346 471 413 parat
502 343 765 416 quomodocunque
792 345 969 411 comedatur,
985 350 1014 400 et
1033 349 1056 402 d

48 440 50 449 ·
165 433 292 486 mentem
308 431 370 500 ejus
384 445 501 486 stravam
518 431 595 495 iecit,
625 436 652 487 et
672 433 769 487 oculos
783 433 844 504 ejus
863 431 1011 502 clarificet,

1847 221 1915 273 lito
1976 267 1977 292 ,

1218 348 1283 403 Cle.
1295 347 1389 404 lilllll.
1405 379 1439 388 —
1454 349 1493 404 lle
1510 349 1585 404 Liuio
1595 349 1633 416 (8)
1644 349 1653 418 ζ
1656 349 1689 416 ll,
1706 350 1761 422 77].

1101 453 1204 510 Litium
1218 454 1284 528 plus
1307 454 1444 527 trigidum
1463 471 1550 529 qnam
1580 455 1703 512 calidum
1725 461 1778 512 est.
1808 453 1917 527 hccipa

1065 558 1133 614 ergo
1147 549 1235 614 caput
1245 543 1348 598 radicis
1362 542 1426 610 lilii,
1452 552 1481 599 et
1506 543 1579 598 illud
1594 559 1660 600 eum
1686 545 1776 600 veteri
1810 543 1917 598 arvina
1977 565 1978 572 ¹

1065 630 1416 699 lortitertnndo,ettnnc
1440 630 1470 686 in
1496 631 1604 703 patella
1629 633 1746 700 ramese,
1775 631 1859 686 elsio
1886 631 1919 686 in

1065 720 1211 775 vasculum
1223 735 1318 790 pono;
1335 731 1359 772 et
1373 719 1477 774 deinde
1488 719 1537 791 qai
1563 719 1659 776 albam
1684 720 1806 792 lepram,
1835 719 1919 773 scili-

1065 813 1110 863 cet
1123 808 1247 878 quedick,
1268 808 1364 874 habet,
1386 825 1450 862 cuin
1470 823 1504 862 co
1523 809 1693 880 -lrequenter
1722 823 1810 878 unge,
1835 808 1920 876 prins

1065 895 1200 952 calefacto
1216 903 1376 969 unguento,
1401 901 1430 951 et
1457 895 1617 952 sanabitur.
1644 896 1698 954 Sed
1715 896 1805 953 rubea
1832 897 1917 968 lepra

1066 984 1102 1039 de
1119 983 1208 1039 simili
1223 983 1318 1040 curari
1329 987 1433 1055 potest.

1103 1073 1199 1144 litqni
1213 1072 1332 1128 uzslecht
1355 1071 1451 1139 habet,
1479 1072 1630 1143 caprinum
1658 1073 1701 1127 lae
1724 1089 1800 1144 saepe
1823 1072 1918 1138 bibat,

1067 1165 1097 1216 ct
1111 1161 1244 1217 uzslechte
1254 1161 1290 1216 ab
1305 1177 1340 1216 eo
1355 1161 1480 1231 perlecta
1498 1166 1615 1229 exeant;
1640 1165 1669 1216 et
1694 1165 1763 1216 tunc
1791 1165 1864 1216 etam
1889 1167 1919 1215 ct

1067 1247 1273 1304 lolialiliornm
1288 1247 1418 1321 accipiet,
1435 1247 1627 1316 eleetundat,
1656 1262 1689 1302 ac
1719 1263 1835 1302 succum
1862 1264 1916 1302 eo-

1068 1351 1132 1392 rum
1147 1325 1298 1408 expriinnt,
1312 1341 1340 1392 et
1354 1336 1488 1393 eumdem
1499 1351 1614 1392 suiacum
1625 1351 1727 1391 eornm
1738 1350 1803 1390 cnm
1819 1335 1916 1390 lerina

1067 1425 1185 1480 insimul
1200 1424 1294 1492 tanede,
1310 1429 1342 1480 et
1359 1425 1409 1480 irbi
1427 1425 1458 1479 in
1484 1438 1602 1496 corpore
1617 1425 1652 1480 ab
1680 1423 1800 1480 uastmht
1825 1423 1917 1488 dolet,

1069 1528 1184 1584 semper
1194 1517 1297 1583 singem
1313 1513 1362 1568 sed
1386 1517 1483 1567 tamen
1507 1516 1662 1584 antequam
1692 1511 1746 1567 hoc
1767 1515 1919 1583 ungerento

168 1585 429 1652 temperamentum
445 1582 475 1636 in
491 1581 600 1637 viribus
618 1581 686 1638 suis.
703 1584 735 1638 Et
753 1583 778 1637 si
802 1583 889 1639 bomo
912 1599 1015 1639 nucem
1069 1605 1211 1672 3011„ng
1232 1601 1276 1656 1⁸0
1298 1600 1448 1673 caprinum
1472 1614 1587 1673 „snper
1609 1599 1698 1656 bibat,
1728 1599 1917 1656 0d0f0212m

168 1675 326 1723 mmm
345 1669 478 1739 ⁰⁰m⁶dils
495 1686 543 1725 ⁰⁰?
571 1670 739 1742 ⁰l¹¹⁵⁸ll⁰fi²
757 1675 786 1726 ⁰¹
815 1687 931 1728 ⁸0ss⁸¹¹m
953 1647 1171 1764 ⁰i11³¹³prima
1196 1690 1366 1764 eruptionis,
1383 1690 1412 1747 id
1427 1695 1470 1746 est
1499 1690 1567 1756 blut,
1597 1689 1738 1756 liliorum,
1767 1705 1799 1744 ac
1829 1689 1916 1744 etiam

169 1757 312 1828 purillcat,
328 1774 361 1813 ac
375 1758 485 1814 bonrum
500 1757 650 1830 ingenium
665 1759 708 1814 illi
721 1759 816 1815 inicrt.
827 1759 930 1831 Accipe
942 1776 1014 1832 quo-

170 1863 285 1920 cunqne
300 1863 402 1901 nucem
419 1851 576 1902 muscatam
605 1847 747 1920 etrequali
777 1849 904 1920 pondere
929 1866 1015 1922 cyna-

172 1932 263 1990 momi
279 1938 308 1990 et
321 1933 468 1990 modicum
486 1934 641 2005 gariofiles,
670 1935 699 1990 id
726 1940 770 1990 est
791 1935 901 1991 nelchin
913 1941 942 1993 et
955 1938 1017 1993 brec

169 2022 326 2094 puli-erizo,
340 2027 368 2077 et
382 2027 451 2078 tunc
463 2024 651 2094 computrere
664 2024 719 2078 islo
729 2039 762 2077 ac
771 2022 938 2078 cumsimila
951 2021 1017 2077 lari·

171 2127 218 2167 nee
230 2115 258 2165 et
273 2110 385 2165 modica
399 2127 474 2181 aqua
486 2111 616 2165 tortellos
626 2111 679 2178 iac,
695 2117 724 2166 ct
736 2127 785 2165 cos
799 2127 875 2184 soepe
887 2111 1015 2179 comede,

170 2205 326 2254 etomnem
344 2197 566 2254 amaritudinem
582 2199 829 2255 cordisetmentis
843 2207 901 2256 tna
925 2199 1016 2267 sedat,

170 2290 200 2342 ct
211 2303 260 2343 cor
274 2292 357 2342 turam
372 2293 402 2342 et
423 2287 540 2342 obtusos
565 2304 664 2342 sensns
679 2293 745 2343 tuos
759 2289 862 2361 aperit,
882 2293 911 2344 et
932 2305 1017 2344 men-

170 2380 229 2430 tem
244 2379 324 2430 tuam
341 2377 435 2430 laetam
457 2375 534 2440 iacit,
549 2381 580 2430 ct
603 2392 703 2430 sensns
731 2382 797 2431 tuos
823 2377 965 2450 purillcat,
985 2394 1019 2433 ac

171 2479 271 2518 omnes
282 2464 399 2518 nocivos
413 2464 549 2519 humores
563 2465 594 2519 in
606 2469 634 2518 ie
649 2465 764 2533 minuit,
776 2471 803 2520 et
819 2467 928 2521 honum
950 2478 1018 2521 suc-

171 2567 238 2607 cum
250 2551 386 2619 sangiaini
401 2557 450 2606 luo
463 2551 577 2620 tribuit,
592 2556 622 2606 et
635 2553 740 2607 fortem
766 2558 794 2608 la
808 2552 876 2609 lacit
904 2553 951 2626 (5).

329 2643 395 2697 Che.
411 2641 488 2696 xxti.
504 2671 538 2681 —
551 2640 592 2695 Da
602 2642 675 2696 llosn
688 2643 727 2712 (6)
735 2643 781 2714 lli,
797 2640 855 2716 76].

207 2727 395 2801 lloseirigida
419 2733 471 2797 est,
495 2732 524 2783 et
549 2728 624 2784 idem
657 2728 747 2801 frigus
776 2731 846 2784 utile
873 2733 1019 2803 tempera·

173 2821 304 2872 mentum
318 2817 348 2870 in
362 2833 392 2870 se
407 2817 505 2871 hebet.
522 2816 555 2871 ln
567 2833 652 2872 mane
665 2823 715 2871 ant
728 2824 792 2872 orio
811 2819 872 2890 jam
901 2819 957 2887 die,
981 2820 1020 2874 fo·

171 2906 244 2961 lium
258 2906 421 2967 rosoetolle,
434 2904 505 2960 illud
527 2906 616 2960 oculis
643 2906 700 2961 inis
726 2923 898 2979 superpone,
920 2907 1059 2993 humo-G

172 3011 245 3061 rem,
272 2994 302 3049 id
329 2999 372 3049 est
394 2995 500 3063 trieffen
523 2994 584 3064 ejus
623 2993 758 3061 extrahit,
784 3009 817 3047 ac
858 3011 906 3049 eos
936 2997 1019 3050 clari·

171 3085 247 3138 licat.
278 3084 332 3138 Sed
371 3087 401 3137 et
439 3083 490 3155 qui
518 3081 631 3137 modica
659 3081 755 3136 ulcera
779 3082 810 3136 in
831 3099 951 3155 corpore
967 3100 1019 3140 suo

174 3173 270 3239 habet,
304 3172 346 3225 eis
370 3170 440 3226 folia
462 3186 534 3225 rosea
561 3174 746 3241 superponat,
767 3176 796 3225 et
819 3171 939 3225 livorem
963 3171 1020 3227 illis

174 3260 299 3315 extrahit
315 3259 362 3329 (7).
387 3258 442 3315 Sed
480 3263 510 3312 et
536 3272 601 3313 rese
629 3259 663 3312 ad
687 3259 816 3331 potiones
839 3264 869 3314 et
899 3260 937 3316 ad
964 3277 1019 3315 irn-

175 3351 383 3419 goentaatqne
409 3346 445 3401 ad
470 3347 569 3401 omnia
595 3346 805 3402 medicamenta
818 3349 903 3415 valet,
931 3349 956 3403 si
978 3349 1021 3404 eie

174 3435 314 3502 addatnr;
331 3438 361 3489 et
386 3439 467 3490 tanto
492 3435 611 3490 meliora
636 3440 714 3503 seint,
729 3435 754 3489 si
776 3437 817 3490 eis
840 3437 1020 3508 aliquantum

82 3523 86 3528 “
175 3523 211 3577 de
225 3539 290 3578 rosa
304 3522 434 3578 additum
449 3521 546 3588 inierit,
562 3524 693 3595 quamvis
709 3541 823 3596 parum,
838 3526 894 3581 boc
920 3529 963 3580 est
985 3526 1020 3582 de

174 3610 258 3667 honis
271 3610 381 3666 viribus
395 3613 483 3679 illins,
500 3617 533 3666 nt
545 3611 715 3684 pradictum
730 3620 782 3668 est.

224 3737 250 3800 ll
260 3737 331 3805 Quia
339 3767 374 3778 -
384 3737 573 3804 eastinquitin
586 3739 631 3795 ed.
643 3739 756 3794 desunt.

223 3807 250 3877 ⁸2)
263 3809 373 3863 laurus
384 3811 606 3863 einnomomum.

223 3883 252 3941 a)
274 3879 322 3933 lid.
333 3897 364 3933 :r
380 3881 416 3934 lle
429 3879 526 3933 arbore
535 3881 708 3934 cinnamomi.
725 3879 816 3935 Arbor
828 3879 909 3952 cnjus
924 3883 1022 3934 cortex

175 3948 390 4004 cinnamomum
407 3955 451 4004 est
460 3950 542 4004 valde
555 3952 647 4004 calida
657 3957 710 4004 est.
735 3951 813 4005 llnde
830 3952 916 4005 homo
940 3951 990 4021 qni
1005 3965 1022 4004 a

175 4027 257 4086 putta
272 4020 411 4090 paralysis
423 4020 570 4090 fatigatur,
586 4026 615 4076 et
629 4021 679 4091 qui
699 4020 892 4091 quotidianas,
921 4022 1021 4076 tertia·

175 4107 237 4155 nes,
249 4097 278 4144 et
287 4096 443 4160 quartanas
456 4090 556 4156 babet,
567 4107 615 4144 eas
628 4093 663 4145 de
678 4091 798 4161 chalybe
808 4092 915 4146 lactum
929 4091 1021 4154 tollat,

1070 1781 1140 1836 odor
1154 1781 1258 1836 llorum
1287 1795 1388 1835 eornm
1402 1794 1452 1834 cor
1473 1778 1600 1836 hominis
1622 1777 1800 1834 taddeum
1823 1783 1916 1833 motos

1070 1869 1210 1941 cogitatus
1224 1869 1251 1924 ei
1262 1873 1346 1940 parat
1359 1867 1409 1940 (a).

1194 1975 1258 2032 Cae.
1274 1975 1362 2032 tutti.
1380 1977 1455 2030 -lls
1475 1975 1583 2031 Psuno
1599 1975 1655 2040 lto)
1673 1973 1719 2047 ill,
1733 1971 1791 2047 78].

1106 2073 1233 2130 Psillium
1254 2073 1366 2146 frigidae
1377 2079 1487 2130 naturae
1514 2079 1568 2141 est,
1584 2074 1654 2130 etin
1681 2075 1731 2130 illa
1757 2075 1919 2146 frigiditate

1072 2163 1154 2219 ditlcc
1169 2167 1432 2235 temperamentum
1451 2161 1554 2230 hahet;
1582 2166 1610 2218 et
1632 2163 1683 2235 qui
1706 2163 1824 2218 illudio
1849 2163 1919 2218 vino

1071 2253 1180 2324 coquit,
1205 2257 1235 2306 et
1252 2251 1352 2307 vinum
1376 2253 1418 2307 ita
1443 2251 1568 2308 calidum
1592 2252 1674 2316 bibit,
1702 2251 1790 2307 iortcs
1814 2252 1918 2319 lebres,

1071 2340 1099 2396 id
1121 2346 1165 2395 est
1182 2341 1258 2410 nim,
1283 2339 1378 2394 abeo
1403 2339 1566 2412 compescit.
1593 2341 1624 2394 Et
1646 2355 1813 2412 oppressam
1840 2355 1921 2395 men·

1072 2433 1129 2485 tem
1146 2429 1335 2501 hominispar
1350 2429 1432 2484 dirlca
1447 2434 1708 2500 temperamentum
1737 2445 1821 2483 sunm
1849 2429 1922 2484 leati-

1072 2517 1149 2586 llcat,
1164 2521 1193 2572 et
1204 2517 1354 2572 cerebrum
1370 2517 1434 2588 ejus
1448 2522 1507 2572 tam
1531 2517 1637 2589 frigore
1659 2531 1747 2590 quem
1772 2521 1919 2588 tempera-

1074 2612 1171 2661 mento
1188 2621 1240 2660 suo
1255 2605 1290 2661 ad
1314 2605 1466 2661 sanitatem
1487 2606 1609 2677 innatat
1631 2605 1782 2660 confortat.
1813 2606 1868 2662 Sed
1893 2609 1921 2659 et

1073 2695 1123 2766 qui
1149 2694 1241 2749 tebras
1269 2693 1300 2749 in
1322 2694 1467 2749 stomacho
1483 2693 1579 2758 habat,
1601 2693 1729 2764 psillium
1745 2695 1775 2748 in
1789 2693 1858 2747 vino
1875 2709 1920 2746 co

1073 2787 1152 2855 quat,
1168 2787 1197 2836 at
1212 2781 1278 2836 rino
1293 2782 1393 2848 effuso,
1407 2783 1535 2853 psillium
1552 2781 1622 2837 illud
1634 2782 1665 2837 in
1679 2797 1807 2853 panum
1818 2789 1919 2854 ponat,

1073 2871 1155 2926 etita
1167 2870 1291 2926 calidum
1320 2885 1406 2942 snper
1433 2871 1612 2926 stomachum
1640 2887 1724 2926 surim
1740 2870 1819 2941 liget,
1832 2876 1862 2923 et
1884 2871 1922 2924 le·

1073 2960 1137 3016 bres
1149 2976 1186 3015 ne
1197 2959 1342 3015 stomacho
1356 2976 1408 3015 suo
1421 2960 1539 3030 iugabit.

1208 3066 1273 3122 cin.
1291 3066 1363 3122 xlv.
1379 3067 1465 3121 —lle
1479 3065 1559 3121 Seica
1580 3065 1647 3136 (ll))
1663 3066 1709 3136 lli,
1724 3066 1779 3136 79].

1109 3171 1191 3243 Spica
1219 3171 1309 3226 calida
1335 3175 1364 3226 at
1391 3172 1474 3239 sicce,
1502 3175 1531 3225 at
1556 3173 1634 3226 calor
1657 3172 1721 3244 eius
1747 3188 1834 3226 sanos
1866 3177 1917 3226 est.

1073 3262 1107 3316 Et
1117 3260 1282 3333 qniepicam
1310 3276 1375 3316 cum
1401 3260 1467 3315 vino
1488 3261 1653 3332 coquit,vel,
1680 3260 1705 3315 si
1731 3259 1828 3315 vinnm
1861 3277 1918 3315 non

1073 3349 1168 3416 hahet,
1194 3365 1259 3404 cum
1288 3349 1372 3404 melle
1397 3355 1426 3403 et
1451 3365 1527 3420 aqua
1546 3353 1662 3421 coquat,
1687 3351 1716 3403 et
1736 3348 1921 3420 itatepidum

1073 3453 1149 3509 soepe
1162 3437 1252 3505 bibat,
1270 3442 1298 3491 el
1313 3437 1443 3492 dolorem
1454 3435 1560 3509 jecoris
1575 3439 1603 3491 et
1613 3435 1772 3508 pulmonis,
1787 3441 1816 3490 et
1847 3437 1923 3490 dnm·

1073 3525 1255 3597 phedinemin
1270 3529 1385 3598 pectore
1414 3525 1476 3597 ejus
1504 3524 1667 3596 mitigat,ct
1690 3524 1837 3580 scientiam
1868 3541 1922 3596 pn·

1075 3632 1136 3670 ram
1148 3631 1180 3669 ac
1194 3631 1300 3686 purtim
1315 3613 1464 3687 ingenium
1479 3613 1555 3669 lacit.

1075 3737 1188 3801 similae,
1204 3742 1234 3792 at
1247 3737 1358 3792 modica
1373 3752 1450 3808 aqna
1462 3737 1592 3792 tortellos
1607 3735 1703 3805 iaciat,
1724 3741 1753 3790 et
1766 3751 1817 3791 eos
1845 3753 1924 3807 saepe

1075 3811 1215 3874 comedat,
1233 3814 1263 3862 et
1276 3824 1392 3863 omnem
1408 3807 1629 3863 amaritudinem
1640 3807 1733 3864 cordis
1756 3813 1786 3862 et
1817 3810 1924 3862 mentia

1075 3879 1137 3948 ejus
1152 3879 1243 3947 sedat,
1258 3879 1412 3933 etoblnsos
1426 3894 1526 3932 sensns
1540 3879 1602 3948 ejus
1618 3879 1718 3948 aperit,
1735 3884 1764 3932 et
1794 3885 1923 3934 mentem

1075 3949 1268 4020 ipsinsleetnm
1285 3949 1361 4012 iacit,
1377 3955 1407 4004 et
1419 3964 1520 4002 omnes
1541 3950 1654 4003 nocivos
1683 3951 1817 4003 lrnmores
1833 3948 1862 4003 in
1888 3967 1923 4004 eo

1076 4021 1189 4074 minuit.
1202 4021 1255 4075 Sed
1270 4027 1299 4073 et
1310 4035 1397 4091 quem
1414 4020 1552 4091 paralysis
1568 4019 1597 4074 in
1611 4020 1730 4074 cerebro
1743 4020 1855 4086 latipet,
1868 4035 1922 4073 nu-

1075 4107 1136 4145 cem
1152 4095 1319 4152 musoalam.
1335 4096 1364 4144 et
1386 4089 1430 4146 bis
1458 4095 1568 4145 mittum
1595 4090 1727 4160 galanga
1752 4090 1921 4160 pulverizet,

176 4160 783 4225 etinilludbonumrinuminndat,etde
800 4162 917 4231 lignoet
944 4162 1021 4216 loliis
1075 4162 1252 4216 etetiamde
1279 4160 1372 4216 radice
1402 4160 1534 4232 gladiolis
1562 4165 1591 4214 et
1614 4161 1786 4230 plantaginis
1815 4162 1923 4232 aquali

175 4229 430 4299 pentateuchum,
448 4229 516 4284 ditm
529 4247 645 4285 succum
660 4231 732 4286 inse
747 4231 863 4294 habent,
879 4231 1019 4304 imponat,
1040 4225 1062 4280 it
1078 4231 1204 4303 pondere
1216 4231 1326 4286 modice
1341 4233 1453 4298 tundat,
1468 4235 1525 4286 sale
1541 4230 1656 4296 addilo;
1669 4249 1704 4286 ex
1719 4231 1856 4285 omnihus
1878 4234 1924 4286 his

176 4309 205 4355 et
220 4301 256 4355 ad
268 4300 367 4364 innam
382 4301 492 4355 lervere
504 4301 597 4370 iaciat,
622 4311 651 4356 ct
677 4303 802 4357 calidum
828 4317 904 4374 saepe
931 4302 1019 4370 bibat,

176 4379 207 4426 ct
219 4372 378 4426 sanabitur.
394 4372 429 4425 Et
444 4371 530 4426 homo
544 4374 589 4427 eui
604 4379 690 4443 capnt
706 4379 857 4443 gravatum
880 4381 910 4428 et
935 4375 1021 4430 obtu-

176 4458 240 4498 sum
254 4448 308 4508 est,
322 4440 363 4496 ita
376 4444 454 4513 quod
466 4443 567 4497 ilatum
582 4460 634 4516 per
647 4460 730 4498 nares
744 4443 898 4500 difficulter
915 4445 1023 4500 emittit

179 4520 210 4569 et
224 4513 484 4578 introrsumtrahit,
500 4515 714 4569 cinnamomum
724 4516 890 4587 pulverizet,
903 4518 932 4569 et
944 4531 1023 4570 euni·

177 4587 242 4638 dem
262 4585 409 4655 puluerem
438 4598 503 4639 cum
533 4585 660 4639 buccella
683 4587 852 4656 pairissnpe
879 4589 1020 4650 comedat,

177 4661 227 4708 ant
240 4654 271 4709 in
282 4669 369 4709 maon
382 4669 434 4708 sira
448 4654 546 4726 lingat,
560 4663 590 4710 et
599 4656 698 4711 noxios
713 4657 849 4711 humores
875 4672 928 4728 per
948 4671 1021 4727 qnos

176 4733 263 4796 capiat
277 4725 414 4779 obtusum
431 4730 486 4794 cst,
501 4726 638 4782 dissolvit.
655 4747 670 4776 n

211 4797 250 4867 (t)
265 4795 561 4864 fluentisomosohoto.

212 4867 309 4938 (ulad.
325 4882 332 4921 :
349 4888 362 4916 e
378 4870 416 4922 lie
429 4869 526 4920 arbore
548 4869 625 4922 raucio
648 4873 784 4924 reineccius.
804 4869 899 4924 hibor
918 4884 945 4922 m
964 4885 1022 4940 qua

177 4953 237 4992 nux
253 4945 380 4991 miracuta
409 4937 510 4992 crescit
538 4939 629 4994 calida
650 4945 700 4993 est
731 4941 852 5011 Lignum
870 4944 967 4993 antem
993 4946 1023 4993 et

176 5011 246 5064 lolia
260 5007 323 5079 ejus
339 5007 489 5064 medicinae.
518 5023 576 5063 non
603 5011 725 5064 miiitum
754 5010 938 5065 conveniunt.
958 5009 1020 5064 h'iu

178 5096 294 5150 qnoque
309 5087 438 5134 inescata
452 5094 589 5150 magnum
602 5081 727 5136 calorem
744 5081 841 5144 habet,
860 5083 890 5135 et
911 5080 1020 5135 bonum

176 5156 439 5221 temperamentum
462 5150 492 5204 in
513 5149 621 5204 viribus
648 5152 715 5206 suia.
740 5151 811 5208 Etsi
827 5152 891 5222 quis
916 5166 1020 5206 nucem

178 5227 336 5277 mumatam
351 5218 545 5280 comedit,cor
569 5221 632 5290 ejus
657 5222 762 5291 aperit,
783 5227 812 5276 at
830 5237 931 5276 sensus
957 5222 1020 5292 eius

178 5290 363 5362 purillcat,et
375 5291 484 5346 bonum
505 5291 536 5345 in
574 5292 654 5347 nium
670 5291 746 5348 bono
765 5293 860 5348 calore
883 5297 912 5347 ct
939 5291 1017 5346 scaci

177 5363 282 5418 virtute
304 5377 357 5418 sua
370 5361 413 5417 illi
428 5361 525 5417 inlesi.
565 5379 633 5416 omo
646 5378 763 5434 quoquc
779 5378 881 5418 nucem
910 5376 1020 5418 musca-

176 5436 285 5498 tam,et
302 5431 501 5504 paripondere
515 5431 743 5498 cinnamomum,
760 5439 789 5490 et
810 5433 952 5488 modicum
982 5433 1018 5486 de

176 5502 315 5574 uarioiylo
328 5503 499 5575 praitoriaun
517 5509 545 5560 et
559 5520 625 5562 cum
646 5507 761 5576 pulvere
790 5503 855 5572 isto,
873 5509 904 5562 et
926 5502 1017 5564 lerina

1075 4301 1288 4357 sorbiunculam
1319 4301 1378 4372 (sic)
1406 4301 1492 4357 faciat
1520 4309 1548 4356 et
1570 4303 1693 4366 sorbeat,
1705 4308 1734 4354 et
1753 4305 1806 4355 hoc
1830 4307 1923 4356 semel

1077 4379 1126 4427 ant
1144 4375 1186 4426 his
1202 4373 1231 4427 in
1247 4373 1293 4426 die
1309 4373 1404 4441 iaciat,
1420 4375 1593 4444 usquedum
1609 4379 1735 4427 sanetur.
1752 4391 1764 4420 s

1112 4443 1149 4511 (6)
1165 4445 1235 4500 ltoso
1245 4444 1395 4510 cantiloiin.

1112 4519 1152 4582 ll)
1168 4516 1218 4569 Ed.
1236 4521 1302 4584 post
1315 4513 1436 4568 cenobii
1452 4514 1514 4568 hacc
1540 4513 1639 4568 addit:
1669 4516 1705 4570 nt
1729 4518 1778 4584 qui
1802 4529 1925 4584 praeceps

1075 4589 1114 4640 est
1129 4587 1443 4654 inirarosnmucripiut
1457 4593 1481 4638 et
1494 4585 1631 4638 minnistin
1644 4586 1744 4650 soloin,
1760 4591 1785 4639 et
1801 4588 1830 4638 in
1858 4589 1924 4654 pul-

1074 4671 1162 4710 uerem
1177 4661 1256 4718 terni,
1276 4661 1302 4709 et
1316 4671 1344 4709 m
1359 4657 1425 4709 horn
1434 4657 1483 4710 illu
1498 4671 1558 4710 cum
1572 4658 1617 4709 iro
1629 4659 1658 4708 in
1671 4658 1744 4724 ipros
1754 4659 1856 4722 surpit,
1874 4673 1924 4708 na-

1074 4727 1152 4781 sibus
1166 4730 1224 4780 suis
1238 4730 1375 4795 opponam
1392 4740 1456 4780 nom
1469 4727 1559 4780 soloin
1573 4727 1738 4790 consoletur,
1762 4741 1825 4780 soso
1853 4727 1924 4780 larti-

1074 4799 1147 4864 lcnl.
1163 4799 1235 4852 lloso
1247 4798 1399 4865 accipiatur
1421 4805 1446 4850 et
1461 4795 1498 4850 cd
1517 4795 1687 4850 medietatem
1707 4799 1796 4862 ipsius
1819 4799 1921 4856 salvio,

1075 4875 1291 4936 receiitequoquc
1303 4869 1401 4920 circino
1420 4883 1480 4935 qun
1494 4869 1589 4933 infuso
1610 4873 1650 4922 est
1672 4867 1790 4930 uitalia,
1811 4874 1839 4922 et
1866 4869 1923 4921 nee

1074 4938 1478 5076 llitll‘ltitttltll
1495 4937 1923 5077 l‘ltitlttllhlhi

1074 5084 1210 5146 mortorio
1224 5079 1325 5134 itidem
1339 5083 1491 5146 irinnpntur
1505 5083 1530 5133 et
1550 5080 1645 5134 metim
1659 5077 1777 5133 habebit.
1791 5078 1919 5143 Quiesc-

1073 5157 1213 5220 quuntur,
1224 5151 1272 5206 sed
1284 5154 1309 5204 et
1323 5165 1397 5214 roto,
1409 5155 1463 5204 etc.
1481 5149 1590 5204 omittit
1607 5153 1653 5204 ad.

1077 5220 1258 5348 ςφμϋίιιιύη
1275 5219 1446 5344 8castalidum.
1472 5219 1584 5290 llildeg.
1609 5236 1654 5290 ep.
1678 5218 1714 5278 ed
1741 5218 1919 5278 wibertum:

1075 5307 1191 5356 isicius,
1249 5331 1258 5358 ,
1295 5331 1299 5342 .

1120 5364 1148 5424 lit
1166 5361 1256 5416 Verba
1269 5361 1337 5418 odor
1347 5365 1475 5432 -paral
1486 5361 1590 5418 desunt
1606 5359 1634 5416 id
1647 5359 1692 5420 ed·

1123 5433 1447 5502 llill'tentnqopsiltinm.

1109 5503 1131 5569 (Ι
1142 5507 1163 5572 ί)
1177 5504 1331 5564 Loumtduiu
1342 5505 1429 5572 spicit.
1445 5529 1449 5534 ·
