3984 6034
196 162 258 214 rear
288 131 291 137 ’
918 162 945 214 a
968 159 1203 218 ercoecaams
1868 167 1943 216 ipae

191 290 268 344 tacit.
294 289 328 344 Et
349 287 407 344 illis
429 287 477 360 qui
501 288 680 359 aliquantum
701 293 729 343 et
751 289 862 343 orodice
883 287 1031 344 inilrmon-
1053 288 1259 344 lPolmonem
1294 287 1504 360 aliquantulum
1540 288 1663 359 demphet
1691 289 1838 362 [deprimit
1870 292 1945 362 edd.

191 385 239 431 tur
253 375 328 431 bona
343 380 397 444 est,
420 380 478 431 tam
499 375 530 431 iu
544 390 618 447 pane
643 378 732 448 quam
757 377 788 431 in
809 376 903 433 terina
928 378 962 433 ad
990 394 1036 433 eo·
1089 372 1145 430 sec
1164 377 1260 428 umen
1287 371 1397 428 homini
1421 373 1471 444 qui
1497 372 1596 428 calidas
1620 379 1730 429 naturae
1745 375 1877 430 estbona
1893 383 1944 432 est

190 463 375 531 medendum,
388 468 416 519 at
434 480 485 518 eos
502 479 563 518 non
577 461 664 518 laedit.
689 463 753 520 istis
776 469 872 519 autem
888 462 940 536 qui
957 464 1036 519 mut·
1090 460 1125 517 ad
1141 460 1360 530 comedendum,
1384 466 1414 516 ot
1428 461 1550 516 lerocem
1567 461 1649 517 illum
1674 461 1750 518 tecit.
1775 463 1826 519 llle
1840 468 1947 520 autem

189 558 253 608 tum
275 552 383 608 intirrui
409 556 439 608 et
462 550 560 624 frigidi
584 557 652 607 sunt
678 552 716 608 ad
739 553 949 610 comedendum
976 569 1035 610 non
1089 549 1140 622 qui
1158 549 1270 621 trigidae
1295 554 1406 606 naturae
1429 554 1480 618 est,
1504 549 1629 606 infirmis
1643 568 1702 607 non
1716 553 1801 620 valet,
1823 553 1895 628 quia
1911 553 1946 609 in

190 641 274 709 calet,
289 639 358 713 quia
372 657 463 696 arena
483 656 598 712 semper
612 641 737 696 calorem
760 641 866 714 quaerit
898 643 931 698 tet
945 641 970 696 si
981 640 1035 696 iste
1089 638 1265 694 comestione
1278 637 1310 694 in
1324 655 1358 693 eo
1371 639 1492 694 mulslim
1506 645 1597 710 perat.

188 735 240 785 aut
254 745 358 800 penem
380 733 430 784 aut
452 729 574 785 tarium
589 745 687 784 aranee
700 730 868 801 comederit,
891 729 922 784 in
936 735 1035 784 ventre
1125 726 1199 798 [Pisa
1229 723 1314 782 etlam
1344 726 1477 782 omnihus
1503 727 1719 783 infirmitatibus
1748 729 1852 786 nociva
1884 737 1942 799 est,

186 818 316 890 ipsoram
332 834 363 873 se
377 817 582 874 simulrootleot
594 817 859 890 (coagulantured.)
875 820 973 875 statim
988 818 1034 884 (tt-
1088 829 1141 870 nec
1164 815 1239 871 ullas
1259 815 1333 871 vires
1356 816 1386 871 in
1410 832 1439 871 se
1456 815 1543 871 hebet
1558 821 1588 870 ut
1602 815 1788 873 infirmitates
1803 819 1941 892 expellat.

188 922 288 962 vorem
301 906 355 976 ed.)
370 904 400 961 in
414 904 456 961 ais
466 911 593 977 pararet,
608 911 694 981 atque
714 907 789 962 eires
809 909 850 962 eis
868 921 927 963 non
941 908 1033 974 daret,
1088 905 1220 960 Attamen
1250 904 1300 976 qui
1331 905 1366 960 dc
1390 907 1536 977 supertluo
1556 921 1608 960 suo
1631 904 1768 978 flegmate
1788 906 1819 962 in
1841 907 1941 964 fronte

188 994 324 1065 qnoniam
334 993 446 1065 trigidae
455 993 593 1050 suntsed
605 995 655 1066 qui
666 996 889 1064 etrqichttpetest
899 995 1034 1066 [paralysi
1089 991 1189 1064 capitis
1218 992 1304 1061 dolet,
1338 992 1430 1064 pisan
1462 993 1556 1049 albam
1587 993 1720 1051 dentibus
1760 997 1941 1056 masticando

188 1082 405 1154 tatigatureuq,
421 1087 451 1137 et
463 1084 530 1138 inde
545 1081 664 1137 divisam
675 1089 801 1137 mentem
816 1099 848 1137 se
861 1082 1035 1154 vaneseogi·
1088 1085 1170 1148 terat,
1193 1086 1224 1136 et
1244 1082 1319 1136 hanc
1342 1082 1496 1154 purissimo
1520 1082 1605 1136 melle
1629 1089 1836 1154 contemperet,
1853 1091 1881 1140 et
1898 1085 1940 1140 sie

187 1169 310 1227 tationes
340 1170 435 1238 habet,
456 1170 497 1225 ita
519 1169 597 1243 qnod
626 1171 667 1224 sie
695 1171 907 1245 aliquantulum
933 1186 1034 1226 amens
1088 1170 1267 1242 temporibus
1283 1175 1409 1242 apponat
1428 1177 1457 1225 et
1474 1170 1609 1241 ligamine
1630 1172 1818 1243 comprimat;
1842 1177 1872 1229 et
1897 1171 1940 1228 sic

186 1258 321 1327 attteitur,
332 1259 363 1314 in
376 1275 441 1314 asso
455 1258 572 1326 balneo,
589 1275 655 1314 cum
671 1275 761 1314 avena
784 1259 815 1314 in
829 1275 904 1332 aqua
927 1259 958 1314 in
976 1275 1034 1330 qua
1088 1257 1173 1314 iaciat
1194 1275 1284 1331 usque
1302 1257 1371 1314 dum
1388 1259 1490 1314 melius
1510 1259 1623 1314 habeat.
1640 1259 1696 1316 Sed
1714 1265 1743 1314 et
1761 1260 1810 1332 qui
1825 1261 1938 1316 viscera

186 1356 266 1404 cocta
287 1354 340 1416 est,
366 1349 473 1420 ignitos
498 1349 608 1420 lapides
640 1349 805 1420 perfundat,
830 1354 859 1404 et
882 1349 936 1404 hoe
957 1365 1033 1419 saepe
1088 1349 1209 1404 interius
1234 1347 1350 1404 intirma
1373 1350 1469 1418 halret,
1489 1350 1537 1421 jus
1553 1349 1624 1422 pisae
1638 1349 1763 1406 calidum
1778 1367 1854 1423 saepe
1870 1369 1934 1407 sor·-

185 1437 280 1504 laciat,
313 1443 341 1492 et
382 1438 419 1493 ad
460 1453 490 1493 se
519 1441 699 1505 revertetur,
729 1443 757 1492 et
792 1436 945 1492 sanitatem
985 1453 1032 1492 rc·
1087 1439 1163 1505 beot,
1181 1436 1463 1494 etmeliushabebit.
1484 1437 1628 1509 Added]

184 1526 281 1598 sitiet·
1054 1583 1073 1638 B
1229 1546 1302 1600 aar.
1325 1545 1381 1600 vir.
1401 1544 1491 1600 -m
1510 1544 1760 1619 statutum.

326 1615 391 1670 Cu·
411 1615 455 1670 lv·
476 1643 511 1658 -
533 1615 572 1670 ⁰1
591 1617 705 1671 uanam
722 1615 763 1686 ttt
788 1613 834 1687 pr,
849 1616 888 1685 q.
1124 1631 1199 1686 raca
1223 1632 1314 1687 carim
1340 1637 1393 1701 aa,
1419 1639 1447 1688 a
1474 1635 1552 1688 sana
1573 1635 1744 1690 eisarnam
1768 1635 1936 1692 hominibus

220 1721 368 1776 Hordeum
387 1720 525 1792 trigidum
544 1727 597 1786 est,
622 1720 662 1774 ita
683 1719 760 1792 qood
778 1719 911 1792 trigidius
933 1723 962 1774 et
977 1718 1030 1774 de·
1084 1719 1161 1774 bona
1174 1722 1216 1775 est
1237 1721 1273 1774 ad
1294 1721 1514 1789 comedendum,
1529 1727 1559 1776 et
1579 1727 1621 1776 est
1635 1723 1738 1777 metior
1757 1738 1844 1795 quem
1861 1725 1934 1796 pisa.

182 1809 269 1865 bilius
284 1815 327 1864 est
351 1809 479 1880 praetatis
499 1809 647 1880 trugibm;
669 1815 698 1864 et
712 1809 736 1862 si
750 1809 918 1864 comedatur
931 1812 982 1862 sut
999 1807 1028 1861 in
1085 1809 1157 1863 Nem
1179 1808 1204 1863 si
1228 1808 1336 1864 infirmi
1359 1809 1454 1867 iaham
1470 1811 1634 1878 comedunt,
1655 1826 1704 1865 eos
1728 1827 1784 1867 oon
1809 1813 1934 1868 multum

182 1915 257 1970 pane
275 1903 327 1953 aut
340 1899 370 1952 io
384 1897 487 1962 lerina,
511 1903 571 1952 tem
593 1913 677 1952 sanos
694 1913 782 1968 quam
797 1895 928 1952 infirmos
941 1895 1028 1962 laedit,
1084 1896 1172 1965 lmdit,
1193 1897 1262 1968 quia
1283 1904 1395 1954 tontum
1411 1899 1530 1954 livorem
1546 1902 1574 1954 et
1590 1899 1653 1954 slim
1669 1900 1700 1955 in
1715 1899 1756 1954 eis
1768 1915 1828 1954 non
1849 1908 1936 1972 parat

182 1987 251 2059 quia
269 1990 363 2041 tantas
384 1985 458 2040 eires
481 2002 540 2042 non
564 1985 651 2041 habet
665 1989 697 2039 ut
722 1991 826 2039 caetera
846 2000 953 2056 genera
971 1983 1029 2039 lru·
1082 1983 1155 2040 sieut
1168 1985 1229 2056 pisa
1246 1985 1323 2041 iacit.
1342 1985 1442 2041 Farina
1461 1986 1540 2042 enim
1562 1987 1635 2042 labae
1650 1986 1726 2042 bona
1740 1993 1783 2042 est
1800 1993 1829 2043 et
1851 1989 1932 2044 utilis

182 2092 262 2148 gom.
289 2076 346 2131 Scit
372 2075 504 2129 infirmus
531 2074 581 2144 qui
605 2075 667 2145 jam
695 2079 755 2129 toto
781 2089 900 2144 corpore
921 2073 1026 2142 deficit,
1081 2079 1141 2128 tam
1163 2073 1279 2130 inilrmo
1301 2091 1387 2146 quam
1408 2091 1477 2130 sano
1503 2073 1625 2143 homini,
1646 2075 1715 2148 quia
1744 2075 1814 2130 laris
1837 2082 1883 2131 est
1903 2083 1932 2131 et

180 2163 323 2218 hordeum
347 2163 379 2217 iu
402 2178 477 2234 aqua
498 2162 613 2217 sortiter
631 2168 745 2233 coquat,
768 2167 797 2216 et
816 2177 920 2234 aquam
948 2161 1026 2217 illam
1081 2160 1202 2218 faciliter
1222 2161 1316 2234 digeri
1339 2169 1441 2234 potest.
1464 2163 1519 2218 Sed
1535 2163 1585 2235 qui
1610 2164 1638 2218 in
1663 2163 1817 2218 visceribus
1840 2165 1931 2232 dolet,

180 2253 211 2306 in
225 2251 336 2306 dotium
350 2250 460 2318 tundat,
482 2255 510 2305 et
532 2250 563 2304 in
588 2249 680 2321 ipsam
696 2250 830 2306 balneum
855 2249 983 2322 recipiat,
1000 2255 1028 2305 et
1080 2249 1175 2305 tabam
1202 2251 1232 2305 in
1256 2266 1332 2323 aqua
1356 2255 1469 2324 coquat,
1490 2252 1603 2307 modico
1626 2251 1766 2324 sagimine
1792 2258 1842 2307 aut
1865 2255 1929 2308 oleo

180 2340 234 2396 hoc
256 2357 333 2412 serpe
355 2338 441 2394 iaciat
465 2338 535 2394 dom
563 2345 690 2406 serretur,
714 2344 744 2393 et
773 2355 873 2393 carnes
899 2336 1026 2411 corporis
1080 2338 1186 2404 addito,
1208 2344 1237 2393 et
1260 2344 1389 2412 separata
1414 2339 1490 2408 leba,
1527 2339 1583 2410 soff
1596 2340 1653 2411 (jos
1675 2339 1732 2410 erl.)
1764 2341 1827 2412 ejus
1857 2341 1930 2396 cali-

180 2429 225 2484 sui
256 2428 392 2499 recipiet,
425 2432 453 2481 et
483 2427 519 2482 ed
545 2427 697 2482 sanitatem
727 2428 868 2500 pervenit.
906 2427 939 2481 Et
975 2427 1026 2498 qui
1080 2426 1149 2482 dum
1181 2428 1304 2497 sorbeat,
1333 2429 1394 2483 limo
1418 2444 1493 2500 saepe
1516 2428 1610 2496 iaciat,
1650 2434 1679 2484 et
1709 2445 1776 2484 cum
1804 2430 1927 2486 interius

179 2518 266 2573 etiam
281 2523 340 2572 tam
363 2516 447 2572 valde
462 2516 627 2571 infirmatur
647 2517 724 2589 quod
747 2532 852 2588 panem
874 2514 1025 2571 comedere
1079 2522 1171 2572 sanat.

179 2623 239 2661 riou
261 2611 367 2678 potest,
391 2605 533 2661 hordeum
560 2610 589 2660 et
616 2621 737 2660 arenam
765 2605 869 2677 mqueli
896 2605 1024 2676 pondere
1114 2603 1162 2677 [Et
1184 2603 1233 2677 qui
1254 2603 1440 2659 ebullientem
1463 2603 1604 2670 dolorem,
1630 2607 1659 2659 et
1677 2603 1812 2672 scabiem,
1829 2623 1862 2660 uc
1883 2609 1924 2660 ul·

178 2693 308 2766 recipiat,
330 2699 357 2748 et
391 2694 535 2749 modicum
558 2693 675 2749 feniculi
699 2693 795 2761 addat,
828 2698 856 2747 et
885 2691 970 2748 simul
992 2694 1023 2748 in
1077 2709 1152 2759 cera,
1165 2695 1358 2765 cujuscunque
1379 2699 1489 2748 naturae
1514 2693 1581 2760 siut,
1596 2693 1626 2747 in
1648 2707 1731 2747 cartre
1757 2709 1809 2748 sua
1828 2693 1924 2760 hebet,

176 2799 252 2855 aqua
269 2788 381 2855 eoquat,
406 2787 445 2851 et,
470 2788 621 2854 postquam
643 2782 786 2854 coquitur,
801 2798 918 2837 succum
941 2781 1023 2836 illum
1076 2780 1197 2836 lerinam
1222 2780 1294 2836 labes
1319 2781 1450 2852 accipiat,
1474 2786 1503 2835 et
1517 2781 1659 2836 modicum
1684 2780 1720 2836 de
1744 2783 1862 2854 pulvere
1886 2801 1927 2839 se-

177 2885 373 2942 perpennam
395 2872 480 2940 colat,
502 2874 531 2925 et
557 2870 664 2942 ipsum,
691 2872 833 2941 velotius
857 2887 909 2938 pro
931 2887 1024 2925 eome-
1042 2869 1164 2930 eminis
1186 2867 1303 2925 lenicoli
1320 2869 1415 2936 addet,
1440 2875 1467 2924 et
1486 2867 1548 2925 haec
1567 2885 1633 2924 cum
1658 2869 1778 2925 minima
1801 2870 1925 2928 farinula

176 2959 270 3013 stione
287 2959 379 3032 panis,
393 2960 484 3028 bibat,
496 2965 524 3015 et
537 2958 759 3014 hoclaciatdom
772 2959 958 3015 convalescat.
971 2957 1025 3014 Sed
1077 2955 1165 3012 tritici
1181 2959 1210 3012 in
1233 2974 1307 3029 aqua
1330 2962 1537 3029 contemperet,
1555 2962 1586 3012 ut
1607 2957 1751 3012 cohaerere
1772 2959 1879 3030 possit3
1896 2967 1924 3014 et

177 3048 227 3118 qci
242 3047 272 3101 in
287 3047 358 3103 iacie
372 3048 474 3103 doram
488 3053 518 3102 et
538 3063 671 3118 asperam
689 3054 784 3103 cotem
802 3048 898 3115 habet,
914 3052 943 3102 et
958 3063 1024 3119 quae
1078 3045 1119 3099 sic
1131 3045 1270 3114 tortellos,
1295 3050 1344 3100 aut
1365 3046 1399 3100 ad
1421 3045 1528 3118 ignem,
1551 3050 1601 3101 aut
1613 3045 1648 3101 ad
1669 3045 1759 3100 solem
1779 3053 1871 3118 paret,
1896 3055 1924 3104 et

177 3134 212 3189 de
232 3141 318 3190 rento
346 3135 468 3190 faciliter
489 3152 518 3189 se
541 3135 646 3190 schebet
666 3133 709 3208 [in
732 3135 916 3207 asperitatem
941 3135 1024 3191 duci·
1077 3149 1126 3190 eos
1142 3135 1264 3206 desuper
1289 3151 1365 3206 sepe
1380 3140 1480 3205 ponat,
1497 3139 1526 3190 ct
1548 3134 1675 3190 dolorem
1698 3133 1775 3189 illius
1793 3137 1922 3191 extrahet

175 3229 224 3277 tur
245 3223 311 3291 ed.],
344 3223 486 3279 hordeum
511 3223 541 3278 iu
567 3239 642 3295 aqua
667 3229 781 3296 eoquat,
812 3229 841 3279 et
864 3229 931 3280 tunc
956 3240 1022 3280 cum
1078 3219 1434 3297 etsenabitur.Add.ed.]

175 3327 250 3384 aqua
264 3311 314 3366 illa
337 3327 389 3383 per
404 3327 533 3384 pannum
561 3311 687 3366 colatum
710 3316 913 3384 attemperata
931 3311 1023 3368 calida
1200 3327 1265 3386 (Ἀρ,
1287 3329 1359 3385 vm,
1374 3357 1410 3370 ..
1425 3329 1464 3383 pfl
1484 3329 1579 3384 [μη
1599 3329 1639 3399 (5)
1652 3325 1696 3401 [ῃΙ
1710 3331 1736 3398 g,
1757 3327 1796 3402 qq,

175 3401 206 3455 iu
227 3399 298 3454 lacie
319 3399 423 3454 leniter
445 3415 475 3455 se
497 3400 581 3467 lavet,
598 3405 627 3454 et
651 3401 723 3455 cutis
742 3401 804 3472 ejus
826 3400 881 3457 sibi
906 3401 980 3457 leuis
993 3405 1022 3457 et
1110 3417 1183 3474 Len,
1206 3417 1425 3490 [1135dequ
1446 3422 1573 3473 comem
1586 3433 1639 3472 „20
1653 3417 1808 3473 medanam
1828 3415 1921 3474 homi.

175 3487 269 3544 suavis
282 3488 347 3557 erit,
370 3493 399 3545 et
421 3487 572 3560 pulchrum
588 3489 714 3544 colorem
738 3490 862 3545 hebebit.
878 3489 910 3544 Et
926 3489 949 3544 si
977 3506 1021 3545 ea·
1075 3506 1130 3574 nis,
1154 3521 1207 3562 Μ
1231 3506 1412 3578 sanguim,
1437 3521 1489 3562 ηπ
1519 3521 1633 3561 pamm
1662 3505 1724 3577 eju,
1746 3511 1840 3577 anget,
1870 3523 1921 3562 Μ

174 3586 228 3648 1³¹¹t
251 3577 377 3677 hilmissjff
393 3577 541 3634 infirmum
564 3583 616 3642 ⁰³²2
634 3577 689 3633 i⁵l⁸
711 3594 786 3649 “iffi
800 3595 876 3650 ⁵1¹³l)e
898 3578 1018 3646 litetur,
1076 3594 1148 3650 vires
1162 3597 1189 3650 ei
1211 3594 1322 3661 tribuit,
1340 3594 1388 3650 sed
1411 3600 1525 3650 tantum
1547 3593 1632 3650 satiat
1650 3600 1789 3664 ventrem,
1801 3601 1830 3650 et
1842 3597 1920 3651 vani·

173 3672 202 3720 ⁰²
217 3683 319 3722 ΜΗ]
333 3671 397 3722 cist·
1074 3687 1132 3738 tate
1143 3682 1262 3754 implet;
1279 3683 1556 3739 infirmoshumores
1570 3681 1605 3738 ad
1617 3683 1771 3754 procellam
1782 3683 1812 3738 in
1827 3683 1919 3739 homi·

323 3773 391 3828 ὼν.
412 3773 444 3826 V.
464 3801 499 3814 -
518 3774 558 3829 De
585 3773 684 3828 Sostra
704 3775 742 3842 (t)
763 3771 811 3846 [il,
830 3773 868 3843 5].
1073 3771 1280 3826 nibosexcitat.
1969 3761 1970 3770 ’

208 3861 461 3932 Speltaoptionrrn
477 3875 601 3931 granum
618 3865 671 3929 est,
691 3861 837 3929 etealida,
854 3865 883 3916 et
901 3859 1020 3933 pinguis
1109 3859 1148 3932 [Si
1168 3859 1216 3915 cui
1235 3859 1355 3916 maculae
1378 3857 1493 3926 scabiei,
1518 3863 1548 3914 et
1574 3857 1717 3914 immundi
1741 3857 1842 3922 crines,
1869 3859 1918 3930 qui
1967 3887 1968 3906 i

172 3955 201 4003 et
223 3950 350 4005 virtuosa
371 3953 424 4015 cat,
448 3954 476 4003 et
496 3947 611 4005 sirarios
631 3950 696 4005 aliis
718 3949 882 4021 granisest,
905 3955 935 4004 et
953 3965 1017 4004 eam
1073 3949 1197 4005 radicem
1218 3949 1347 4004 ulcerum
1372 3947 1403 4003 in
1429 3964 1458 4002 se
1474 3947 1591 4016 babent,
1615 3947 1646 4002 in
1671 3947 1763 4020 capite
1793 3947 1916 4002 hominis
1966 3969 1967 3972 ¹

171 4037 333 4092 comedenti
357 4041 462 4092 rectam
486 4052 602 4094 earnem
626 4037 702 4106 iacit,
727 4043 756 4092 et
777 4043 886 4093 rectum
900 4038 1017 4110 sangui·
1071 4043 1212 4104 crescunt,
1239 4038 1348 4094 lentem
1367 4052 1454 4108 super
1468 4034 1571 4108 ignitio
1593 4034 1688 4106 lapide
1710 4036 1739 4090 io
1769 4034 1914 4106 pulverem

171 4141 236 4181 nem
260 4128 354 4196 parat,
385 4129 472 4196 atquo
497 4124 593 4182 letam
624 4132 751 4182 mentem
776 4131 806 4181 et
823 4124 961 4197 gaudium
987 4126 1017 4182 iu
1037 4126 1175 4224 Dleuiter
1192 4125 1316 4198 rediget,
1341 4129 1370 4180 ct
1390 4123 1528 4180 concham
1557 4123 1709 4179 testudinis
1732 4140 1796 4178 com
1816 4123 1913 4190 livore,
1963 4163 1964 4180 i

171 4219 266 4270 mente
282 4211 408 4268 hominis
423 4213 509 4282 tacit,
524 4220 553 4270 et
566 4214 839 4285 quomodocumque
852 4214 1015 4281 comedant,
1072 4231 1137 4287 quse
1158 4216 1188 4270 in
1204 4230 1238 4270 ea
1259 4219 1311 4282 est,
1335 4213 1365 4268 in
1390 4213 1536 4286 patrarem
1555 4211 1678 4284 rediget,
1696 4217 1725 4267 et
1744 4228 1827 4284 equo
1841 4228 1912 4284 pon·
1959 4201 1963 4317 q

169 4302 228 4356 site
243 4301 275 4356 in
294 4317 378 4372 pane,
399 4301 457 4356 aiae
482 4301 512 4356 in
528 4303 590 4356 aliis
609 4301 689 4367 cibis,
712 4301 830 4356 honest
851 4303 945 4357 suavis
959 4307 1014 4360 est.
1070 4299 1137 4354 dere
1159 4298 1272 4370 pulveri
1294 4299 1380 4355 lentis
1401 4299 1494 4364 addat,
1511 4305 1539 4354 et
1554 4315 1642 4370 super
1660 4300 1786 4354 maculas
1808 4305 1911 4370 ponat;
1959 4319 1961 4385 q

168 4389 203 4446 Et
225 4389 251 4445 si
276 4390 340 4462 quis
367 4390 408 4445 ita
436 4390 570 4446 inssrmus
589 4396 632 4445 est
660 4389 737 4462 quod
759 4404 819 4459 pre
846 4390 1015 4446 infirmitate
1070 4394 1099 4442 et
1112 4387 1231 4442 livorem
1253 4387 1382 4458 ejusdem
1407 4387 1514 4444 doloris
1534 4386 1687 4459 absterget,
1701 4385 1781 4443 etsie
1800 4388 1911 4440 sanabi-
1957 4385 1960 4453 l

167 4477 317 4534 comedere
339 4493 398 4534 non
422 4485 528 4551 potest,
549 4479 645 4549 recipe
668 4478 781 4550 integra
803 4493 894 4550 grana
909 4481 1014 4550 spelte-
1068 4480 1125 4530 tur.
1144 4505 1175 4515 —
1191 4477 1259 4546 Cap.
1273 4475 1317 4532 lii.
1331 4503 1368 4516 -·
1383 4477 1419 4531 lte
1437 4475 1583 4532 Vtcbbonu.
1600 4505 1635 4515 -
1653 4474 1796 4530 vichbona
1810 4475 1911 4545 frigida
1958 4457 1959 4523 l

166 4583 242 4636 rum,
269 4573 299 4623 et
325 4583 359 4622 ea
382 4567 413 4624 in
439 4583 515 4640 aqua
534 4583 636 4639 coque,
666 4566 939 4639 sagimine-addito,
963 4573 1015 4624 aut
1068 4567 1121 4618 est.
1152 4562 1206 4628 Qui
1228 4562 1258 4618 in
1282 4563 1436 4619 uisceribus
1460 4563 1548 4630 dolet,
1572 4562 1612 4618 ita
1640 4565 1672 4616 ul
1688 4562 1770 4634 quasi
1793 4561 1911 4618 interius
1954 4637 1955 4642 ἵ

165 4655 264 4711 vitello
277 4654 334 4723 ovi,
350 4657 390 4712 ita
414 4663 445 4711 ut
465 4661 584 4728 propter
608 4656 756 4711 meliorem
776 4671 908 4728 saporem
921 4656 1012 4712 libem.
1068 4651 1249 4720 intumescat,
1271 4651 1441 4707 vichbonam
1461 4651 1492 4706 in
1513 4650 1636 4706 farinam
1658 4650 1781 4722 redigat,
1796 4655 1825 4705 et
1846 4651 1910 4706 lruic

165 4749 210 4799 ter
224 4745 336 4800 comedi
349 4745 448 4816 possit,
467 4749 495 4800 et
517 4743 554 4800 da
577 4742 632 4799 hoc
650 4744 765 4799 intirmo
791 4744 1012 4813 comedendum,
1067 4739 1212 4796 modicum
1229 4739 1310 4812 panis
1330 4741 1360 4794 in
1382 4739 1529 4811 pulverem
1552 4737 1659 4794 redacti
1673 4737 1769 4805 addat,
1782 4742 1811 4792 et
1823 4741 1910 4794 modi·

165 4833 470 4901 ateum,utbonun1
493 4839 647 4889 etsanum
679 4838 870 4905 unguentum,
892 4832 1013 4889 interius
1066 4845 1132 4884 cum
1155 4828 1275 4882 seminis
1303 4826 1442 4894 faeniculi,
1467 4842 1516 4882 seo
1548 4825 1583 4882 de
1615 4843 1698 4882 succo
1727 4824 1856 4892 levistici,
1883 4833 1908 4882 et

163 4928 255 4978 sanat.
1066 4917 1106 4972 ita
1131 4931 1197 4971 com
1233 4931 1307 4988 aqua
1332 4915 1410 4970 velot
1432 4915 1529 4972 cibum
1546 4921 1650 4988 coquat
1675 4921 1704 4971 at
1732 4913 1906 4988 aliquantum

328 5008 392 5065 Car.
414 5006 790 5084 v1.-nrrm(a),[1t,
813 5007 850 5083 t].
1065 5004 1189 5061 calidum
1208 5003 1360 5074 comedat,
1383 5009 1411 5058 et
1438 5003 1500 5060 haec
1524 5020 1600 5075 saepe
1624 5003 1720 5074 iaciat,
1748 5007 1776 5058 et
1796 5003 1906 5060 intirma

198 5098 266 5156 Pisa
284 5096 392 5170 trigida
415 5101 445 5154 et
468 5097 683 5172 aliquantulum
715 5097 878 5170 flegmatica
902 5095 1008 5152 existit.
1064 5091 1439 5162 viscerosanat.eet.eu.1

140 5283 146 5290 ·
197 5255 221 5393 qt
253 5251 399 5338 Hordeum
408 5253 529 5321 culpare.
1100 5253 1139 5334 (l)
1158 5253 1237 5310 Viciu
1250 5251 1328 5334 faho.
1343 5251 1384 5307 Ci.
1408 5251 1495 5325 lepid.
1510 5250 1647 5308 Waltheri
1664 5266 1719 5305 ron
1740 5252 1792 5307 der
1809 5251 1903 5324 Veget-

208 5324 225 5378 ἱ
256 5325 389 5379 distectum
400 5325 498 5394 spelte.
1064 5325 1152 5378 werde
1167 5329 1348 5392 poematron3
1370 5323 1438 5377 Wuz
1455 5323 1577 5380 ermlaut
1595 5325 1641 5390 fro
1657 5321 1730 5378 bone.

195 5396 235 5464 (3)
253 5394 347 5449 Pisum
360 5396 488 5450 anticum.
1100 5393 1137 5464 (ὸ)
1155 5395 1255 5450 derum
1270 5393 1336 5449 lere.
