3984 6034
153 199 206 252 lei
876 199 906 254 S.
925 197 1173 257 lllnnnesltbls.
1844 202 1901 257 708

151 331 249 388 fernus
264 330 391 398 linietur,
413 329 501 385 bomo
514 328 545 385 iu
568 330 701 387 omnibus
715 330 826 386 cautior
835 330 990 403 judicetur.
1010 333 1109 389 dum
1133 333 1297 390 ariditatem
1319 334 1447 403 vertitur,
1471 339 1503 391 ut
1527 334 1641 391 nullum
1662 334 1789 393 fructum
1803 337 1900 393 bono·

153 420 186 474 Et
200 420 246 475 hee
260 434 360 474 omnes
379 417 520 475 visionem
537 418 599 488 Dei,
623 419 673 491 qui
692 425 793 475 cancta
808 420 996 491 comproben-
1049 437 1116 477 rom
1136 438 1258 495 operum
1281 423 1423 494 preferat.
1449 424 1506 480 Sed
1527 427 1559 479 ut
1573 425 1661 479 bomo
1676 442 1694 480 s
1708 427 1766 481 llao
1781 426 1897 499 querit,

151 507 202 572 dit,
235 507 430 578 inspicientes,
464 507 613 563 homiuem
639 508 727 563 eliam
757 513 789 563 ut
820 508 996 565 voluntatem
1050 516 1194 583 qualemn
1213 513 1332 568 horrida
1353 517 1480 583 potestas
1502 513 1627 577 sedetur,
1651 518 1680 568 et
1701 530 1736 569 ea
1756 515 1900 585 quesibi

152 596 203 651 llei
218 594 355 666 perficiat,
372 596 476 651 virtute
489 596 594 651 virium
607 612 725 651 suarum
740 596 903 669 impellunt.
924 598 994 653 Nam
1050 601 1210 655 necessaria
1227 606 1296 656 snut
1312 600 1515 671 concedentur,
1535 600 1577 655 sic
1598 601 1686 656 etiam
1707 617 1726 656 e
1746 603 1804 657 llco
1828 618 1898 673 pos·

150 683 305 739 infernales
325 701 428 756 prenae,
458 688 490 739 ut
517 685 592 739 Deus
618 684 763 751 umectur,
783 685 903 752 faciunt,
928 686 998 757 quia
1049 689 1132 758 tolet,
1147 694 1180 745 ut
1193 689 1401 745 malascieutia
1414 691 1518 761 inipso
1530 698 1692 760 separetur.

149 788 215 829 cum
239 774 325 830 borno
342 788 439 844 poenas
462 772 606 828 veraciter
623 774 713 840 timet,
736 789 854 843 peccare
875 774 995 841 desistit,
1049 782 1143 849 Quare
1148 777 1327 906 perveneripolis
1341 782 1441 834 oeulos
1460 779 1603 838 westie
1624 778 1656 834 s'n
1675 780 1795 834 datm
1810 782 1898 849 porte

151 864 237 931 atque
259 876 324 915 cum
346 859 421 915 bona
441 861 573 931 exempla
596 858 627 914 in
650 859 712 915 aliis
730 859 994 929 hominibneridet,
1085 849 1148 916 eju!
1213 849 1455 931 ‚imssl'lm'tveltll
1475 849 1713 934 capullwuitin
1730 849 1897 907 cirwlolu·

974 950 997 1006 ς,
1085 920 1144 974 cede
1156 937 1234 991 egnes
1250 920 1436 983 ostendentem
1458 937 1510 976 cur
1529 924 1618 976 elram
1636 921 1692 975 dero
1709 920 1897 976 collaterales

151 948 290 1019 plurimas
314 947 527 1046 indignationes
541 948 572 1046 in
593 948 747 1020 semetipso
772 949 916 1047 multoties
934 966 973 1048 'su
1083 990 1236 1061 muejm
1254 990 1330 1046 aner
1348 990 1381 1045 in
1408 990 1550 1065 serm&
1582 991 1702 1047 aum
1723 992 1820 1064 ΜΝ
1846 1008 1896 1047 m·

150 1038 215 1103 fert,
230 1037 269 1091 ita
286 1042 317 1091 ut
332 1052 397 1091 curn
424 1036 486 1091 illas
512 1041 655 1107 patienter
678 1042 783 1109 portat,
807 1054 836 1091 in
862 1038 996 1093 omnibus
1082 1060 1237 1133 pist-,wi
1250 1061 1455 1134 comm-amr.
1552 1032 1560 1059 ’

150 1125 286 1197 operibus
301 1125 359 1180 suis
383 1124 561 1180 sanctitatem
585 1126 771 1213 demonstret.
793 1125 849 1181 Sed
864 1142 929 1181 cum
945 1142 998 1198 per
1085 1150 1176 1204 xxm,
1198 1150 1252 1207 Sed
1283 1151 1317 1205 ,d
1346 1151 1492 1206 dmmm
1512 1150 1657 1221 pmgiepae
1683 1150 1819 1222 imagini,
1842 1151 1901 1206 ho,

151 1214 389 1269 ⁵⁰⁵i⁰⁰¹³²i⁰¹10¹11
413 1215 693 1285 b⁰¹¹⁰f¹1¹¹1⁰llffltm
720 1230 857 1285 llr⁰³l³ere
878 1215 995 1281 incedit,
1049 1237 1147 1308 minis,
1161 1238 1192 1292 in
1207 1239 1290 1310 siguo
1304 1239 1392 1295 lucidi
1412 1239 1496 1310 ignis,
1513 1239 1592 1293 velut
1613 1243 1701 1311 caput
1717 1240 1809 1294 leonis
1821 1240 1899 1310 aspi·

150 1303 229 1359 nulla
252 1302 370 1357 adversa
396 1302 516 1374 patiens,
547 1302 651 1356 virtute
673 1301 791 1357 illorum
813 1303 848 1358 ad
863 1302 996 1358 velocita-
1049 1326 1100 1393 gu,
1116 1326 1192 1397 quod
1207 1326 1243 1381 ab
1265 1326 1382 1382 australi
1401 1328 1488 1399 ΜΕ
1510 1327 1545 1382 ad
1570 1327 1900 1398 pmwfflgaggmshomi,

148 1396 208 1447 tem
226 1391 405 1446 rectitudinis
428 1408 457 1445 se
479 1390 638 1462 conjungit,
655 1392 695 1446 ita
717 1398 747 1446 nt
773 1393 994 1463 prosperitatem
1049 1414 1095 1469 ni,
1111 1415 1262 1483 directum,
1289 1416 1324 1471 ge
1351 1416 1515 1486 ,upmgiem
1540 1416 1683 1471 elemento
1708 1416 1797 1471 lucidi
1819 1416 1899 1487 igni,

149 1479 351 1552 temporalium
375 1479 495 1546 habens,
515 1480 616 1551 gratias
641 1479 691 1534 uei
707 1479 777 1534 nihil
794 1481 941 1550 lraesitans,
957 1481 995 1536 fl-
1049 1503 1163 1559 100an
1178 1504 1259 1575 qnasi
1273 1503 1461 1575 principum,
1479 1504 1636 1559 ,usmpgm
1655 1509 1774 1560 ,emm
1789 1519 1901 1560 mun,

149 1566 298 1622 ducialiter
320 1582 349 1623 se
372 1568 566 1633 commendet,
601 1572 742 1639 quatenus
767 1568 854 1624 etiam
882 1570 994 1625 caducis
1014 1595 1107 1666 Bm,
1131 1594 1317 1661 demonstrat,
1342 1593 1480 1665 quoniam
1508 1597 1540 1649 ug
1563 1594 1608 1649 ,ω
1631 1593 1712 1649 Μ,
1739 1598 1792 1663 031,
1816 1598 1845 1648 ,g
1864 1592 1897 1647 i„

148 1654 233 1710 rebus
246 1656 323 1710 velut
344 1656 375 1711 in
394 1661 460 1711 aule
486 1655 619 1727 grediens
634 1656 674 1711 sic
693 1659 799 1725 utatur,
821 1673 857 1713 ne
880 1658 994 1713 salernis
1049 1680 1218 1737 fortitudine
1250 1698 1302 1737 w,
1324 1682 1501 1737 voluntatem
1537 1697 1620 1737 ,uum
1647 1686 1771 1748 exercet,
1798 1681 1841 1736 ig„
1866 1686 1898 1736 ,g

147 1742 177 1798 iu
198 1744 360 1800 coelestibus
384 1750 450 1817 post
471 1760 501 1800 se
524 1744 630 1799 radens
651 1745 790 1815 privetur.
818 1746 872 1811 Qui
898 1752 994 1802 eutem
1048 1774 1149 1825 mm,
1173 1774 1269 1825 mter
1288 1770 1319 1824 jn
1337 1770 1405 1841 ign,
1423 1775 1453 1825 ,t
1472 1770 1507 1826 ,b
1528 1770 1597 1841 5300
1616 1769 1700 1825 gorg,
1720 1775 1750 1826 „t
1768 1786 1897 1842 praep,

147 1830 290 1887 viriditate
310 1833 432 1904 Spiritus
447 1833 537 1888 sancti
559 1838 645 1901 caret,
671 1832 700 1887 in
719 1833 889 1890 infidelitate
909 1836 994 1891 sulfo-
1049 1858 1155 1922 existit,
1170 1862 1255 1928 atqu„
1276 1874 1341 1913 cum
1361 1857 1421 1913 dig,
1434 1857 1466 1915 5„
1481 1858 1664 1930 longitudino
1678 1874 1709 1913 ,g
1723 1862 1897 1929 protrahunt

147 1925 235 2017 ⁰3²⁰*
261 1920 293 1975 in
320 1920 474 1993 ΡΓῊῙΜῘιω
504 1920 613 2019 faihu}
641 1922 832 2020 ⁰⁰n⁵¹¹¹f²it¹²fs
865 1923 994 1979 ΜΝ·
1048 1952 1150 2019 potens
1173 1953 1225 2016 est,
1248 1951 1277 2002 et
1296 1948 1326 2002 in
1347 1948 1447 2003 adem
1466 1947 1597 2019 potentia
1611 1946 1791 2003 collisionem
1806 1952 1837 2003 ct
1854 1947 1897 2002 di·

147 2022 317 2078 sionemque
337 2012 491 2063 tartaream
506 2014 637 2103 incurrit,
662 2024 799 2081 quoniam
822 2011 921 2105 gratia
943 2010 994 2066 Dei
1049 2036 1213 2106 ,appionem
1230 2035 1362 2103 nubium,
1382 2051 1415 2090 ω
1429 2035 1558 2107 pericula
1577 2035 1609 2091 i„
1634 2036 1787 2106 „mgna
1811 2035 1896 2091 mi,

146 2107 176 2146 se
194 2092 396 2147 commendare
419 2108 478 2148 non
493 2094 612 2149 studuit.
629 2094 669 2149 De
684 2094 740 2150 boc
757 2094 886 2167 loquitur
907 2094 994 2151 lseias
1047 2120 1128 2177 ,ione
1142 2121 1280 2176 imbrium
1291 2126 1382 2193 μω,
1400 2122 1432 2177 Εἰ
1445 2123 1527 2194 cuju,
1547 2138 1596 2178 οἷο
1612 2122 1694 2193 quasi
1709 2123 1793 2177 flam,
1811 2137 1895 2193 em,

147 2194 246 2234 mm
262 2194 353 2247 '³⁰⁰³’
370 2180 467 2236 (ἥκω
484 2195 491 2235 ²
1048 2210 1131 2265 diens
1143 2209 1179 2265 ab
1196 2214 1317 2283 utraque
1331 2212 1477 2283 parteoris
1492 2212 1619 2284 ejusdem
1635 2211 1817 2283 aliquantum
1829 2228 1896 2284 pro-

152 2301 247 2359 Versa
261 2302 484 2359 lsoiaeoeis'dem
498 2302 684 2376 pertinentia,
698 2306 727 2361 et
743 2306 881 2375 quomodo
899 2307 995 2382 accipi
1047 2298 1193 2370 tangatur,
1217 2299 1285 2371 quia
1308 2299 1344 2355 de
1366 2301 1452 2371 plaga
1473 2300 1528 2355 bac
1547 2300 1665 2355 australi
1687 2300 1763 2355 idem
1792 2305 1896 2356 ventos

505 2374 637 2432 &beant
1047 2388 1240 2459 procedensse
1256 2388 1286 2444 in
1300 2392 1574 2460 utramquepartem
1589 2388 1646 2457 sui,
1657 2389 1791 2446 videlicet
1804 2390 1897 2445 bacct

182 2478 260 2534 llllII.
278 2498 292 2529 n
309 2478 445 2536 Auferam
468 2496 566 2551 sepem
591 2480 662 2550 ejus,
680 2484 709 2535 el
732 2480 787 2536 erit
801 2480 831 2537 in
854 2481 993 2556 direptio.
1048 2477 1113 2533 illae
1128 2478 1267 2547 extendit,
1281 2482 1311 2532 et
1324 2477 1365 2531 sic
1385 2477 1471 2533 etiam
1485 2478 1515 2532 in
1527 2478 1642 2533 dextera
1654 2483 1735 2550 parte
1755 2477 1787 2533 in
1808 2484 1897 2550 eaput

147 2583 224 2636 nem,
247 2567 360 2624 diruam
391 2568 546 2625 maceriam
569 2570 642 2640 ejice,
666 2574 695 2623 et
719 2568 774 2624 erit
794 2569 825 2627 in
847 2573 994 2629 conculca.
1048 2566 1198 2638 serpentis,
1215 2567 1244 2619 iu
1258 2564 1483 2621 sinistraeulem
1500 2566 1531 2621 in
1546 2572 1632 2636 caput
1647 2566 1715 2638 agni
1738 2567 1894 2636 formatur,

146 2655 264 2725 tionem,
283 2662 311 2712 et
324 2674 431 2728 ponam
447 2672 510 2712 eam
535 2658 686 2712 desertam.
708 2659 771 2713 Nou
790 2660 949 2732 putabitur,
964 2666 994 2717 et
1048 2654 1184 2727 quoniam
1199 2654 1229 2708 in
1253 2654 1373 2709 dextrali
1391 2658 1471 2727 parte
1492 2662 1593 2710 reulus
1608 2655 1661 2711 iste
1682 2660 1815 2711 naturam
1836 2670 1896 2709 ser·

147 2745 364 2815 confodietur,
390 2752 418 2802 et
445 2748 600 2802 ascendent
623 2763 710 2819 super
747 2763 810 2803 earn
836 2766 936 2821 vepres
965 2757 994 2806 et
1048 2743 1142 2816 pentis
1162 2742 1216 2797 sibi
1237 2758 1395 2805 assumens,
1417 2744 1468 2815 qui
1492 2743 1596 2817 leniter
1617 2744 1766 2816 supplicat,
1791 2744 1897 2799 acriter

147 2833 248 2904 spinae,
274 2839 303 2889 el
325 2834 450 2891 nubibus
472 2835 614 2891 mandabo
639 2852 677 2892 ne
698 2837 800 2908 pluant
820 2854 906 2909 super
929 2854 993 2896 eam
1047 2837 1143 2887 autem
1164 2830 1283 2886 insidias
1304 2832 1397 2902 pouit,
1419 2831 1664 2903 quemadmodum
1679 2836 1825 2904 serpentes
1840 2831 1894 2887 ali·

146 2920 270 2977 imbrem
286 2922 356 2991 (lea,
381 2924 419 2996 v),
436 2943 450 2977 e
474 2923 555 2989 Quod
577 2924 616 2979 sic
636 2923 793 2981 intellectui
812 2930 912 2997 palen
929 2927 994 2983 Om·
1014 2904 1252 2994 Cquandolenes
1266 2918 1350 2977 flatus
1362 2920 1689 2992 producit,sedlulerim
1704 2921 1790 2976 etiam
1803 2921 1896 2976 fortes

146 3009 190 3064 nis
209 3010 259 3082 qui
280 3011 310 3065 in
337 3012 427 3067 Deum
452 3027 511 3067 nou
535 3012 661 3081 conlidit,
687 3028 741 3068 uec
770 3014 894 3070 attendit
920 3032 993 3087 qoo-
1046 3012 1171 3081 punctus
1185 3012 1213 3063 et
1227 3007 1723 3078 ictusemittit3lnsinistraliautenr
1738 3008 1896 3081 inagnum

146 3098 263 3153 modos
286 3102 344 3156 lleo
369 3105 481 3155 oreatus
495 3099 541 3169 sit,
569 3101 618 3157 sod
641 3116 707 3157 eum
733 3102 918 3172 reprehendit
931 3110 993 3160 tan·
1048 3097 1098 3168 qui
1113 3096 1190 3152 milis
1206 3101 1233 3152 01
1250 3095 1325 3153 lenis
1351 3102 1395 3153 eal
1417 3094 1538 3152 vertitur
1552 3096 1622 3169 quia
1642 3097 1675 3151 in
1690 3098 1798 3153 eisdem
1823 3113 1896 3169 par·

146 3203 234 3259 quam
262 3188 292 3241 in
319 3188 443 3259 peccatis
479 3188 570 3260 ipsius
605 3190 756 3261 culpabilis
782 3191 829 3261 sit,
856 3198 885 3248 et
911 3194 993 3265 quasi
1046 3186 1124 3241 tibus
1144 3202 1261 3241 suarem
1288 3191 1317 3242 et
1348 3201 1407 3241 non
1429 3184 1623 3257 periculosum
1644 3202 1675 3240 se
1697 3185 1830 3242 ostendit.
1862 3186 1898 3241 Et

145 3280 223 3329 recta
247 3275 351 3331 itinera
366 3276 396 3331 in
411 3292 445 3331 eo
467 3292 527 3331 uon
548 3278 737 3345 constituerit,
763 3294 815 3333 nec
834 3277 895 3336 vult
917 3281 993 3353 espi-
1047 3278 1133 3347 caput
1147 3274 1287 3347 serpentis
1307 3274 1339 3329 in
1359 3273 1456 3329 medio
1478 3273 1641 3329 medietatis
1662 3274 1747 3346 spatii
1763 3275 1841 3347 quod
1856 3276 1898 3329 in.

146 3380 211 3421 cere
226 3370 321 3420 ortum
341 3370 370 3421 et
386 3380 519 3421 occasum
541 3366 609 3422 solis
631 3370 660 3421 et
677 3366 754 3421 lunae
778 3384 810 3424 uo
833 3369 991 3436 stellarum,
1046 3367 1091 3419 ter
1105 3369 1190 3434 caput
1208 3362 1301 3419 leonis
1313 3368 1342 3419 et
1356 3363 1419 3434 lupi
1442 3366 1487 3417 est
1509 3377 1539 3417 se
1562 3362 1727 3430 ostendens,
1747 3364 1824 3419 relat
1845 3364 1898 3417 lla-

147 3467 218 3523 qoae
239 3454 314 3507 Deus
329 3453 359 3507 in
373 3454 476 3509 eretum
492 3454 598 3525 posuit,
623 3470 677 3509 neo
692 3460 808 3511 rentum
831 3472 896 3513 oum
914 3473 991 3526 aere,
1046 3456 1108 3508 tom
1122 3452 1237 3522 emittit,
1253 3451 1303 3524 qui
1317 3451 1394 3507 seed
1409 3451 1541 3509 eamdem
1555 3452 1740 3508 medietatem
1754 3452 1896 3519 extendit,

147 3556 200 3595 neo
221 3546 326 3596 terram
357 3558 422 3597 cum
448 3542 541 3615 aquis,
568 3548 596 3598 et
615 3545 727 3599 coeteris
752 3546 900 3615 creaturis,
927 3563 992 3619 qun
1046 3558 1079 3597 ao
1093 3541 1175 3596 flatui
1189 3540 1239 3612 qui
1260 3542 1295 3597 de
1315 3540 1409 3613 capite
1429 3540 1525 3596 cancri
1547 3541 1803 3613 egreditur,‚quod
1816 3540 1897 3597 inter

146 3629 244 3685 omnia
268 3631 342 3685 usus
372 3637 492 3703 propter
524 3631 674 3688 homiuem
707 3634 824 3703 creavit,
849 3640 992 3707 qnatenus
1046 3634 1132 3701 capul
1146 3630 1205 3701 lupi
1221 3634 1250 3684 el
1270 3628 1360 3684 leonis
1380 3633 1424 3685 est
1436 3646 1467 3685 ee
1481 3629 1642 3703 conjungit,
1657 3629 1796 3702 quonum
1812 3629 1897 3701 Juxta

146 3717 177 3773 iu
205 3718 335 3775 omnibus
367 3719 413 3775 bis
440 3726 624 3793 cognosceret
657 3720 692 3775 ad
722 3726 862 3794 quantum
897 3725 991 3779 bono·
1046 3722 1179 3773 naturam
1194 3718 1346 3789 serpentis,
1364 3722 1396 3773 ut
1413 3733 1501 3791 supra
1514 3718 1743 3773 demonstratum
1756 3723 1810 3785 est,
1826 3735 1896 3774 ren-

147 3822 209 3862 rem
225 3813 337 3864 creatus
353 3814 435 3879 esset,
460 3826 508 3865 me
532 3810 583 3881 qui
611 3810 672 3865 sine
700 3809 793 3879 initio,
809 3815 838 3865 ct
857 3812 919 3866 siue
934 3812 992 3867 fine
1045 3810 1092 3885 tus
1107 3806 1160 3861 iste
1180 3804 1330 3878 principali
1345 3810 1429 3862 rento
1445 3806 1533 3861 austri
1549 3806 1731 3873 collateralis,
1746 3806 1777 3861 in
1796 3806 1895 3862 medio

145 3914 210 3953 sum
231 3898 398 3967 contemnit,
421 3902 507 3970 etque
530 3914 645 3953 omnem
674 3902 834 3955 creaturam
859 3901 989 3970 destruit,
1046 3894 1208 3951 medietatis
1228 3894 1416 3967 longitudinis
1430 3894 1518 3963 illius,
1540 3910 1605 3967 quse
1624 3894 1701 3950 inter
1714 3900 1845 3950 austrum
1862 3901 1896 3951 et

146 4002 199 4041 nec
221 3985 312 4053 illam,
339 4002 392 4043 nec
420 3984 547 4057 seipsum
578 3986 702 4057 perfecte
728 3988 882 4057 cognoscit.
914 3989 991 4047 Unde
1046 3986 1221 4042 occidentem
1240 3984 1337 4042 existit
1361 4002 1522 4059 emergens,
1547 3986 1704 4057 spiramina
1728 4002 1780 4041 sna
1801 4002 1895 4059 usqae

146 4079 247 4145 elego
268 4073 396 4129 auferam
428 4073 622 4130 defensionem
647 4074 719 4146 ejus,
739 4076 876 4146 quoniam
902 4076 990 4135 alium
1046 4076 1081 4132 ad
1094 4074 1225 4130 eamdem
1243 4074 1439 4142 medietatem,
1459 4091 1524 4148 quse
1542 4074 1806 4143 intersustrumlet
1820 4076 1897 4131 ooci·

146 4162 306 4233 adjutorem
329 4178 389 4218 nou
416 4162 513 4231 babet,
545 4168 573 4220 et
597 4164 682 4219 alieni
708 4182 725 4219 a
752 4164 809 4219 rita
830 4180 896 4219 eum
920 4166 989 4223 diri·
1008 4164 1224 4253 ndentemest
1244 4163 1452 4229 extendisses
1472 4163 1630 4219 terminum
1653 4165 1731 4219 hunc
1752 4165 1895 4237 quemad-

145 4250 235 4323 pient,
258 4251 372 4307 diruam
394 4267 509 4325 qaoque
530 4252 718 4309 minutionem
741 4252 840 4323 ipsius,
857 4258 886 4309 et
900 4270 917 4309 a
931 4254 990 4310 dra·
1045 4255 1164 4313 modom
1187 4269 1239 4307 nec
1261 4251 1310 4307 alii
1329 4252 1385 4307 nisi
1407 4269 1441 4307 ex
1464 4252 1575 4325 judicio
1600 4250 1650 4308 llei
1668 4252 1894 4325 transgreditur,

146 4338 280 4394 monibus
300 4345 475 4411 conteretur,
498 4344 527 4395 et
550 4340 620 4396 sica
641 4340 724 4396 bonis
743 4340 853 4413 angelis
876 4340 990 4397 desere·
1045 4345 1144 4416 ibique
1167 4342 1268 4397 ilatum
1292 4341 1327 4397 de
1348 4340 1506 4396 collaterali
1530 4344 1615 4397 rento
1638 4345 1817 4413 surgentem,
1841 4344 1896 4413 qui

145 4432 201 4483 tur.
225 4428 296 4483 Nam
318 4429 411 4485 omnis
433 4430 570 4485 connexio
594 4428 889 4500 concupiscentiarum
911 4430 990 4487 illius
1044 4434 1120 4490 inter
1140 4430 1317 4484 occidentem
1348 4434 1376 4484 et
1403 4434 1533 4485 suebum
1561 4435 1604 4485 est
1627 4429 1741 4501 excipit.
1771 4430 1843 4486 llam
1868 4431 1896 4485 si

145 4515 299 4584 auferetur,
322 4522 349 4571 et
376 4517 495 4573 canibus
523 4516 681 4589 bestiisque
701 4516 899 4589 distribuetur,
922 4520 990 4592 quia
1044 4519 1195 4592 longitudo
1216 4518 1302 4590 spatii
1323 4533 1388 4589 quse
1412 4518 1488 4573 inter
1511 4524 1640 4573 austrum
1664 4522 1694 4573 et
1716 4518 1893 4577 occidentem

145 4606 241 4660 miuus
264 4621 350 4677 quem
378 4606 516 4661 animalia
546 4621 592 4660 me
616 4606 760 4677 coguovit,
790 4622 855 4663 cum
882 4608 932 4665 illa
957 4614 991 4665 ut
1044 4608 1140 4674 estin
1154 4613 1251 4679 partes
1274 4612 1398 4679 quatuor
1412 4604 1559 4675 dividitur,
1582 4606 1721 4662 terminus
1738 4606 1776 4662 ab
1794 4613 1893 4665 austro

143 4698 238 4749 creata
264 4700 331 4749 sunt
360 4694 475 4764 faciant,
510 4700 687 4767 quapropter
709 4697 796 4751 etiam
814 4690 858 4753 'ut
882 4702 990 4753 stereus
1043 4696 1133 4771 partis
1154 4695 1266 4769 primae,
1293 4695 1344 4767 qui
1371 4700 1400 4751 ct
1434 4693 1550 4749 initium
1577 4699 1620 4751 est
1637 4694 1727 4766 pertis
1749 4697 1893 4767 mundae,

143 4782 367 4852 conculcabitur,
393 4790 479 4855 atque
505 4783 541 4839 sb
568 4782 647 4840 omni
670 4783 848 4841 beatitudine
875 4785 989 4843 desere·
1045 4784 1156 4839 medius
1170 4788 1213 4837 est
1227 4781 1304 4837 iuter
1317 4782 1432 4839 initium
1451 4782 1542 4855 perlis
1557 4785 1667 4855 primas,
1686 4801 1719 4839 sc
1733 4784 1893 4841 terminum

144 4876 199 4927 tur.
220 4870 274 4926 Sed
290 4875 319 4928 et
333 4872 364 4926 in
388 4887 542 4927 numerum
567 4872 696 4928 illiorum
715 4873 766 4929 llei
780 4891 838 4930 non
852 4879 987 4946 ponetur,
1044 4871 1133 4944 partis
1149 4872 1294 4939 secunda,
1316 4872 1516 4945 terminosque
1534 4872 1624 4945 partis
1637 4872 1780 4943 soeuudoe,
1796 4873 1848 4946 qui
1863 4885 1894 4929 st

143 4974 196 5015 nec
220 4959 332 5014 sarculo
356 4958 423 5015 fidei
455 4960 489 5016 de
516 4960 640 5031 peccatis
664 4961 722 5017 suis
749 4968 899 5027 evertetur,
922 4962 990 5035 quia
1042 4960 1160 5019 initium
1173 4966 1216 5016 est
1231 4960 1321 5031 partis
1337 4962 1440 5027 terties,
1457 4962 1595 5019 medietas
1608 4962 1799 5034 longitudinis
1813 4962 1893 5017 illius

141 5047 224 5102 illum
259 5046 388 5103 imitatus
409 5054 462 5116 est,
483 5048 533 5121 qui
563 5048 783 5107 similitudinem
810 5050 860 5107 llei
883 5050 989 5107 habere
1043 5055 1097 5118 est,
1122 5050 1286 5122 quainter
1310 5055 1440 5105 austrum
1463 5056 1491 5106 et
1515 5050 1694 5108 occidentem
1714 5056 1769 5106 est.
1786 5051 1891 5107 &dem

143 5136 243 5203 voluit,
265 5136 315 5208 qui
341 5152 358 5191 a
380 5136 459 5193 nullo
485 5138 633 5209 processit,
661 5142 689 5193 et
711 5139 772 5194 sine
798 5138 856 5195 fine
879 5144 931 5196 est.
955 5141 989 5196 Et
1043 5154 1160 5211 quoque
1174 5138 1261 5194 modo
1274 5138 1341 5194 flnis
1362 5138 1399 5194 ab
1413 5139 1591 5195 occidentes
1612 5140 1814 5211 contrapartis
1827 5141 1893 5212 pri·

143 5224 208 5280 ideo
230 5240 345 5297 quoque
359 5242 411 5297 per
429 5226 593 5299 superbiam
612 5226 768 5299 insurgunt
781 5226 812 5283 in
827 5244 860 5283 eo
875 5228 988 5286 diesen·
1043 5244 1110 5296 ma,
1125 5227 1218 5301 quiet
1235 5226 1352 5283 initium
1370 5232 1414 5283 est
1425 5244 1441 5283 e
1453 5231 1554 5283 contra
1567 5227 1655 5299 partis
1670 5228 1813 5296 munda,
1832 5244 1894 5283 me·

142 5312 237 5372 siones
261 5319 289 5369 el
309 5314 370 5383 irae,
394 5315 516 5383 furores,
545 5315 596 5389 qui
616 5331 683 5372 eum
707 5316 824 5372 omuino
853 5316 887 5372 ab
909 5316 989 5373 omni
1042 5316 1249 5373 decessisset
1263 5316 1380 5373 initium
1394 5316 1501 5374 ibidem
1519 5316 1610 5389 partis
1624 5316 1782 5389 primee,ao
1802 5317 1893 5375 linem

144 5403 236 5473 glorie
265 5419 397 5475 superna
428 5404 603 5461 hereditatis
636 5406 779 5474 scindunt,
815 5410 902 5479 atque
934 5408 989 5463 hoc
1042 5405 1101 5462 illie
1116 5406 1206 5477 partis
1224 5404 1368 5473 secunde,
1389 5407 1587 5478 terminusque
1605 5406 1715 5463 ibidem
1735 5406 1826 5479 partis
1844 5424 1891 5463 ss·

146 5490 231 5546 modo
252 5492 375 5563 Spiritus
399 5494 488 5549 sancti
504 5510 569 5550 rore
589 5498 618 5550 et
636 5495 727 5567 matie
746 5511 857 5563 carens,
879 5496 908 5552 in
927 5500 988 5552 tan·
1042 5495 1155 5565 cunda,
1170 5494 1223 5568 qui
1234 5500 1263 5551 et
1278 5493 1393 5551 initium
1409 5494 1469 5552 illic
1482 5501 1528 5552 est
1544 5495 1633 5568 pertis
1655 5495 1758 5565 tertie,
1779 5495 1892 5551 medie-
