3984 6034
116 217 172 271 725
370 292 378 311 ι
591 230 595 253 ¹
727 214 870 271 sctvlss.
882 214 992 271 -ttu
1013 215 1063 281 ΙΙΙ,
1085 214 1175 272 visto
1194 213 1253 269 llll.
1817 218 1868 271 tto

155 346 240 400 Pater
250 344 423 415 potestatem
436 342 515 399 dedit
526 342 666 411 judicium
679 344 787 411 soene,
803 342 835 399 in
843 344 941 408 [ormo
958 342 1151 400 numana
1171 342 1212 399 od
1221 342 1364 413 iudicium
1372 343 1474 401 ueniet.
1490 344 1684 415 Eoonqelium
1709 344 1745 400 de
1757 342 1865 401 eodem⁸

153 414 231 483 Quod
244 412 353 487 siqnoti
377 412 488 469 obomsn
503 413 588 485 justo
609 412 704 485 judici
730 431 788 469 nost
809 415 840 470 in
854 414 1030 488 difficultate
1048 412 1183 471 celeriter
1206 414 1360 485 rapiuntur
1381 419 1410 472 et
1434 432 1523 487 opero
1547 430 1646 472 eornm
1672 414 1864 487 apparebunt.

153 484 231 555 Quod
244 501 342 565 opines
349 484 466 610 stores:
482 483 665 556 patriarcba,
687 486 842 566 propbeta,
858 484 990 559 apostoli,
1018 490 1171 557 martyres,
1203 484 1387 553 consessores,
1413 485 1549 567 oirqines,
1576 489 1604 540 et
1624 484 1758 541 issonoclsi
1771 487 1799 540 el
1811 484 1868 541 elii

150 560 296 629 preposita
306 556 347 624 su
358 556 473 627 petunt.
487 556 567 621 Quod
577 556 646 611 coela'
660 554 777 613 interim
790 556 890 612 londes
904 572 974 611 suos
986 554 1019 611 in
1038 555 1154 612 silentio
1166 557 1310 613 continent
1324 572 1389 612 crem
1408 556 1498 612 Filius
1510 556 1683 611 sententiam
1695 554 1866 625 judicialem

148 642 205 709 pro
220 632 279 683 eret
297 626 474 683 comciesstin
499 626 678 699 ungulorum
692 629 804 699 operto.
832 626 971 683 Deionis
997 630 1026 680 et
1051 626 1141 682 molis
1161 628 1212 699 qui
1232 627 1385 696 Judimndi
1401 630 1478 683 eunt.
1505 630 1544 683 tte
1561 626 1725 695 infidelibus
1737 629 1789 697 qui
1810 626 1864 681 'nm

142 714 162 767 J
202 697 274 753 iculi
296 697 340 778 nd·
352 696 500 778 judicium
514 714 574 778 non
586 697 764 778 perveniunt.
792 697 870 777 Quod
888 696 972 765 linito
983 696 1106 777 induto,
1134 696 1265 756 monimo
1288 697 1370 770 quies
1396 697 1618 770 tranquillitatis
1631 696 1771 754 exoritur.
1787 644 1865 763 duod

149 768 540 840 electosqlortuelernstotss
564 784 630 823 cum
650 784 765 839 snoqnss
788 768 920 823 laudibus
933 768 1049 839 recipit,
1075 768 1126 824 sed
1144 774 1279 841 reprobos
1295 768 1429 834 inscensu
1453 786 1558 841 moqno
1587 768 1700 823 numu
1722 767 1862 823 obsorbet.

150 838 390 918 Eoonqeliumde
407 838 514 893 eodem.
530 838 672 904 Quomodo
697 838 847 909 elemento,
863 841 891 894 et
908 838 963 908 rol,
982 842 1011 896 el
1025 838 1107 911 luno,
1132 842 1161 894 et
1174 841 1272 907 stella,
1296 839 1380 912 finito
1409 839 1518 900 iudicio
1531 838 1563 893 in
1587 839 1692 893 melius
1709 841 1862 894 mutantur

150 913 179 964 et
191 925 248 965 noc
260 926 318 965 non
327 912 392 963 erit.
415 909 510 965 Verbo
522 909 648 965 Joonnir
666 910 700 963 de
712 909 819 965 eodem.

149 1122 217 1177 Post
231 1120 291 1177 haee
305 1119 363 1175 vidi
381 1124 411 1175 et
434 1136 497 1176 ecce
524 1120 620 1175 omnia
648 1119 791 1176 elementa
814 1126 843 1175 et
861 1136 960 1175 omnes
979 1121 1076 1192 Aejns
1091 1120 1126 1177 ad
1142 1122 1204 1176 loca
1221 1122 1374 1178 infernalia
1391 1138 1456 1177 cum
1486 1138 1590 1194 magno
1617 1122 1729 1177 salutatu
1744 1121 1864 1177 tenden-

110 1214 251 1266 creaturas
276 1208 338 1264 diro
361 1212 442 1263 motu
467 1224 604 1263 concussa
629 1213 713 1264 suut:
735 1208 821 1280 ignis,
849 1224 908 1277 aer,
933 1213 962 1263 et
1014 1210 1101 1266 tibus.
1117 1211 1152 1265 Et
1166 1211 1206 1267 sie
1220 1213 1325 1268 emtum
1345 1213 1448 1269 electos
1463 1211 1582 1283 recepit,
1611 1217 1640 1267 et
1664 1211 1796 1267 internus
1820 1228 1864 1267 re-

111 1314 189 1370 aque
212 1302 379 1369 eruperunt,
395 1302 423 1353 et
437 1302 544 1352 terram
569 1297 676 1353 moseri
690 1297 829 1364 iecerunt,
847 1296 961 1368 lulgura
1013 1299 1121 1369 probus
1138 1299 1296 1357 absorbuit.
1312 1301 1367 1357 Sed
1392 1300 1487 1357 subito
1502 1300 1700 1372 tantagandia
1723 1305 1753 1353 at
1774 1304 1861 1355 muta

111 1390 142 1443 et
165 1386 292 1441 tonitrua
310 1389 548 1457 concrepuerunt,
576 1390 688 1439 montes
712 1390 741 1440 et
756 1385 834 1440 silvae
851 1383 959 1439 occide·
1014 1387 1114 1443 landes
1136 1388 1167 1443 iu
1189 1388 1360 1458 contestibus,
1384 1393 1506 1445 attenta
1527 1388 1642 1443 tristitia
1660 1404 1693 1443 ac
1707 1388 1780 1443 tanti
1796 1388 1858 1443 uln-

109 1478 199 1531 rnnt:
220 1473 261 1529 ite
287 1477 320 1529 ut
339 1489 424 1528 omne
439 1472 518 1545 qood
543 1473 663 1529 mortale
684 1476 745 1530 arat
768 1472 959 1547 vitamexba-
1012 1473 1087 1531 latus
1104 1476 1134 1531 in
1157 1476 1252 1548 abyssi
1275 1478 1337 1532 laco
1361 1477 1450 1531 exorti
1470 1482 1549 1545 suut,
1565 1478 1640 1531 sittra
1658 1476 1745 1531 etiam
1769 1491 1857 1547 quam

109 1563 196 1619 laret.
213 1561 359 1618 litomnia
372 1562 515 1617 elementa
529 1567 653 1632 purgata
668 1567 745 1630 snut,
761 1561 802 1617 ita
824 1566 854 1615 ut
877 1561 959 1633 quid·
1014 1565 1158 1620 humanus
1179 1581 1279 1621 sensus
1299 1563 1380 1621 ellari
1406 1564 1505 1637 possit.
1534 1566 1567 1619 Et
1591 1579 1660 1619 mox
1684 1564 1783 1619 omnia
1805 1565 1861 1619 ete-

110 1652 184 1725 quid
199 1651 228 1707 in
258 1653 299 1707 eis
320 1650 469 1707 sordidum
493 1651 595 1719 luerat,
622 1650 673 1705 tali
702 1650 787 1706 modo
807 1666 957 1707 evanesce·
1013 1652 1155 1709 menuin
1180 1653 1304 1709 maxima
1323 1654 1475 1709 serenitate
1498 1652 1750 1725 resplenduerunt,
1770 1652 1861 1707 veluti

109 1746 166 1809 ret,
198 1746 229 1795 nt
255 1740 378 1811 amplius
401 1756 461 1795 non
488 1744 649 1811 appareret.
679 1740 712 1794 Et
735 1736 831 1793 audivi
860 1755 958 1795 vocem
1012 1742 1055 1796 eis
1074 1740 1231 1813 nigerrima
1250 1742 1325 1797 cutis
1345 1742 1487 1797 abstracta
1506 1741 1624 1807 luisset;
1644 1740 1684 1796 ita
1706 1739 1784 1811 quod
1809 1755 1862 1794 nec

109 1828 236 1887 maximo
254 1831 379 1885 clamore
400 1844 452 1899 per
474 1832 565 1883 totum
592 1827 691 1883 orbem
714 1836 856 1883 terrarum
883 1828 958 1884 voci·
1012 1826 1088 1900 ignis
1117 1829 1270 1897 tersorem,
1294 1845 1347 1885 nec
1377 1846 1426 1885 aer
1449 1828 1677 1900 spissitudinem,
1706 1844 1759 1883 nec
1785 1844 1861 1899 aqua

108 1918 251 1975 letantem
266 1922 293 1972 et
307 1917 471 1975 dicentem:
493 1917 588 1983 Oves,
610 1915 664 1972 titii
676 1915 839 1983 hominum,
862 1916 958 1989 quiin
1012 1921 1125 1985 aestum,
1148 1934 1201 1973 nec
1225 1922 1301 1973 terra
1319 1917 1505 1989 fragilitatem
1518 1917 1643 1988 amplius
1670 1916 1758 1971 ullam
1773 1915 1861 1972 habe·

108 2011 188 2062 terra
206 1996 318 2077 jacetis,
349 2004 457 2076 surgite
478 2020 588 2060 omnes.
621 2006 656 2059 Et
685 2020 749 2060 ecce
775 2004 873 2060 omnia
892 2020 957 2059 ossa
1012 2010 1086 2061 rent.
1106 2006 1152 2062 Sol
1168 2023 1294 2079 quoque,
1310 2008 1378 2062 tuna
1395 2006 1537 2074 etstelloe,
1552 2007 1632 2062 velut
1652 2005 1857 2078 plurimnsor·

107 2095 261 2151 hominum
277 2094 307 2149 in
322 2108 495 2167 quocunque
517 2093 735 2149 locoterrerum
764 2098 856 2162 erant,
879 2094 957 2149 vetut
1011 2100 1095 2151 uatus
1117 2095 1147 2151 in
1183 2080 1375 2161 firmamento,
1404 2096 1494 2151 mutto
1526 2094 1678 2167 splendore
1703 2098 1732 2149 et
1755 2087 1859 2149 decore

106 2184 138 2239 iu
159 2199 217 2239 uno
238 2186 384 2239 momento
406 2187 588 2254 congregata,
610 2188 639 2238 et
662 2198 713 2237 sua
731 2198 816 2237 carne
842 2182 956 2239 obtecta
1011 2184 1187 2241 rutilabant:
1208 2194 1238 2240 et
1250 2184 1312 2239 siue
1326 2188 1409 2239 motu
1424 2183 1601 2241 circuitionis
1615 2182 1673 2238 tlxe
1688 2180 1857 2249 manebant,

107 2278 185 2339 sunt,
206 2276 234 2327 et
254 2286 355 2326 omnes
377 2269 509 2325 homines
532 2270 652 2342 integris
680 2270 817 2326 membris
844 2277 872 2325 et
895 2286 955 2325 cor·
1009 2268 1051 2326 ita
1074 2271 1153 2344 qnod
1175 2273 1253 2328 ultra
1270 2270 1346 2328 diem
1370 2276 1399 2327 et
1422 2278 1536 2327 noctem
1560 2287 1619 2325 uon
1648 2269 1857 2325 discernebant.

105 2360 225 2432 poribus
239 2358 298 2415 suis
320 2358 352 2414 in
379 2374 448 2415 sexu
476 2375 527 2413 suo
549 2363 752 2415 surrexerunt:
769 2358 839 2415 boni
853 2358 883 2414 in
896 2359 953 2413 cta·
1010 2360 1044 2414 Et
1059 2358 1100 2415 ita
1115 2376 1171 2415 uox
1199 2376 1259 2416 non
1287 2365 1357 2428 erat,
1382 2360 1431 2416 sed
1452 2360 1522 2416 dies.
1540 2360 1574 2413 Et
1589 2358 1702 2415 finitum
1727 2363 1780 2413 est.
1801 2358 1857 2412 lte·

106 2447 192 2505 ritate
214 2448 370 2519 lutgentes,
396 2451 425 2503 et
445 2447 513 2503 meli
544 2448 575 2503 in
596 2446 748 2519 nigredine
772 2450 954 2519 apparentes,
974 2418 1133 2520 ¹3rumque
1165 2447 1263 2504 audivi
1293 2463 1392 2503 vocem
1424 2448 1460 2504 de
1493 2448 1565 2503 coelo
1596 2446 1669 2502 mibi
1692 2445 1856 2501 dicentem:

104 2532 147 2591 ita
163 2539 234 2590 utet
248 2550 320 2605 opos
341 2534 481 2606 cujusque
500 2532 531 2589 in
546 2534 609 2605 ipso
630 2538 728 2605 apetie
746 2534 901 2589 videretur.
924 2534 956 2589 El
1010 2538 1076 2593 llaec
1114 2536 1249 2609 mysteria
1282 2535 1437 2592 novissima
1465 2540 1597 2606 tempora
1624 2533 1799 2590 ostendunt:
1826 2532 1857 2589 in

105 2624 270 2695 quidamst
294 2622 336 2678 eis
360 2624 391 2680 iu
415 2623 472 2685 tide
486 2624 592 2695 signati
605 2628 697 2693 erant,
717 2622 835 2695 qnidam
858 2626 954 2679 autem
1009 2624 1115 2698 quibus
1130 2625 1301 2696 temporalia
1318 2628 1459 2697 tempora,
1474 2624 1505 2679 in
1523 2623 1717 2679 aeternitatem
1729 2637 1857 2677 corusca-

103 2728 175 2777 non,
201 2712 242 2767 ita
265 2718 296 2767 nt
328 2712 507 2785 signatorum
538 2712 655 2767 illorum
683 2712 733 2767 alii
755 2714 822 2767 ante
851 2710 954 2767 taciem
1009 2713 1095 2769 tionis
1126 2712 1205 2768 illins
1239 2729 1304 2785 quse
1334 2712 1397 2768 sine
1422 2712 1480 2767 tine
1504 2716 1548 2768 est
1575 2710 1853 2767 transmutabuntur.

105 2816 188 2857 suam
212 2802 290 2857 vetut
314 2816 436 2857 aureum
468 2799 622 2872 fulgorem,
645 2799 693 2855 atii
719 2792 796 2855 velut
819 2798 954 2855 umbram
1009 2800 1168 2857 Novissima
1195 2801 1272 2857 enim
1295 2806 1426 2873 tempore
1456 2801 1555 2856 moltis
1589 2798 1725 2871 periculis
1751 2797 1855 2868 latiga-

105 2887 247 2945 habereut
276 2890 353 2962 quod
384 2890 515 2961 ipsorum
540 2888 656 2961 signum
680 2893 751 2943 erat.
779 2888 834 2943 Sed
858 2888 953 2943 subito
1007 2890 1126 2961 buntur,
1151 2895 1180 2946 et
1198 2906 1314 2945 occasus
1342 2887 1442 2945 mundi
1456 2888 1543 2944 variis
1568 2888 1658 2960 signis
1674 2887 1856 2943 demonstra·

105 2978 141 3033 ab
171 2976 282 3033 oriente
313 2978 439 3033 maxima
472 2974 629 3033 coruscatio
661 2974 783 3032 effulsit:
807 2980 836 3031 et
860 2974 898 3031 ibi
923 2974 954 3031 iu
1006 2979 1095 3035 bitur.
1121 2980 1192 3036 Nam
1217 2984 1250 3034 ut
1274 2978 1363 3046 sides,
1388 2978 1419 3034 in
1445 2978 1506 3049 ipso
1533 2976 1690 3033 novissimo
1708 2975 1755 3031 die
1780 2978 1856 3029 totus

104 3067 182 3122 nube
200 3065 302 3121 Filium
322 3066 450 3121 bominis
464 3082 498 3120 eo
517 3066 596 3121 vultu
612 3081 669 3137 quo
685 3064 716 3120 in
730 3064 952 3133 mundolueret,
1007 3067 1086 3123 orbis
1116 3071 1259 3123 ursarum
1291 3066 1450 3125 terroribus
1484 3065 1675 3132 concutietur,
1698 3069 1727 3119 et
1746 3068 1855 3134 tempe·

104 3154 222 3211 nudatis
237 3158 265 3209 at
288 3154 394 3227 apertis
421 3153 589 3210 vulneribus
616 3169 682 3209 eom
706 3153 843 3225 angelicis
857 3152 953 3208 choris
1007 3151 1127 3210 statibus
1141 3154 1338 3226 quassabitur:
1357 3154 1398 3209 ita
1414 3157 1443 3208 ut
1459 3152 1601 3225 quidquid
1614 3152 1644 3207 in
1667 3169 1701 3207 eo
1715 3150 1852 3207 caducum

104 3242 303 3298 advenientem
333 3242 399 3311 vidi,
423 3247 453 3298 et
475 3258 561 3313 snpra
584 3242 680 3299 sedem
708 3241 884 3297 tlammentis
902 3241 951 3297 sed
1006 3246 1036 3296 et
1059 3242 1179 3298 mortale
1215 3246 1268 3309 est,
1306 3242 1351 3297 bis
1384 3241 1596 3298 calamitatibus
1627 3240 1762 3305 liniatur,
1786 3238 1855 3311 quia
1960 3274 1964 3282 ‚

105 3346 164 3385 non
179 3330 307 3386 ardentis
322 3330 420 3386 throni
441 3330 600 3397 sedentem,
621 3336 650 3385 et
665 3330 717 3384 sub
733 3347 762 3384 se
775 3330 848 3385 banc
863 3330 952 3385 mexi-
1006 3335 1075 3385 tunc
1101 3345 1189 3385 cursu
1208 3329 1309 3385 mnndi
1333 3331 1487 3401 completo,
1512 3329 1574 3401 ipse
1602 3328 1727 3401 amplius
1750 3327 1855 3382 durare

104 3434 182 3474 mam
197 3423 397 3491 tempestatem
412 3416 592 3491 purgationis
607 3417 708 3475 mundi
730 3417 894 3475 habentem.
918 3419 953 3474 lit
1006 3434 1065 3474 non
1089 3420 1203 3490 poterit,
1226 3418 1275 3474 sed
1299 3419 1457 3474 secundum
1481 3418 1608 3474 divinam
1633 3415 1854 3489 dispositionem

104 3507 155 3579 qui
177 3492 390 3579 signati'erant
410 3506 525 3563 obviam
551 3506 578 3561 ei
601 3507 630 3561 in
646 3522 712 3561 aare
729 3504 812 3577 quasi
837 3505 867 3561 in
889 3511 950 3562 tnr-
1006 3505 1261 3560 consummabitur.
1286 3504 1366 3559 Sicut
1392 3505 1470 3559 euim
1499 3504 1585 3560 homo
1615 3519 1680 3559 cum
1708 3489 1854 3558 liniendus

103 3595 171 3651 bine
186 3595 262 3666 rapti
277 3600 354 3664 sunt,
376 3595 426 3650 ubi
445 3600 472 3650 et
498 3594 578 3666 prius
596 3594 778 3665 splendorem
798 3594 881 3650 illum
901 3594 952 3667 qui
1006 3597 1058 3659 est,
1089 3592 1186 3648 multis
1209 3592 1425 3648 infirmitatibus
1461 3599 1621 3666 preventus
1646 3590 1788 3663 dejicitur,
1812 3590 1853 3645 ita

103 3689 244 3739 secretum
259 3682 378 3755 superni
398 3683 539 3739 Creatoris
554 3682 685 3753 designat
699 3682 847 3749 videram3
867 3683 951 3738 bouis
1006 3680 1189 3754 quodetiam
1218 3680 1323 3753 inipso
1351 3680 1421 3736 bora
1441 3680 1542 3735 mortis
1565 3696 1624 3736 suae
1645 3680 1737 3735 multo
1752 3678 1853 3734 dolore

102 3773 240 3828 sciliceta
256 3772 338 3834 malis
365 3772 405 3827 ibi
424 3772 571 3843 separatis.
598 3770 652 3828 Sed
676 3772 737 3856 ipse
761 3771 867 3827 blanda
882 3788 950 3827 soce
969 3757 1189 3837 Cdissoluitnr3
1213 3769 1254 3825 sic
1280 3770 1369 3825 etiam
1400 3770 1490 3826 finem
1520 3769 1622 3823 mundi
1649 3767 1781 3823 maximae
1805 3767 1854 3821 ad·

102 3861 345 3936 quemadmodum
372 3860 552 3933 evangelium
577 3858 753 3928 manifestat,
774 3860 867 3932 justos
898 3875 951 3916 cos·
1005 3860 1152 3914 vanitates
1167 3864 1352 3930 praecurrent,
1369 3864 1398 3914 et
1412 3859 1506 3930 ipsum
1522 3858 1552 3913 iu
1579 3858 1637 3913 tine
1657 3872 1710 3911 suo
1735 3856 1853 3911 diversis

102 3952 167 4009 testi
182 3966 272 4022 regno
286 3950 468 4015 beatificavit,
487 3966 518 4005 ac
535 3948 658 4006 terribili
674 3965 741 4004 voce
762 3948 887 4019 iniustos
901 3948 949 4003 in·
1004 3947 1164 4004 terroribus
1192 3948 1357 4015 dissolvent,
1385 3946 1524 4019 quoniam
1558 3947 1701 4001 elementa
1727 3950 1850 3999 terrores
1896 3971 1899 3975 Δ

102 4039 259 4098 ieruelibus
274 4039 366 4111 paenis
384 4045 416 4095 ut
438 4040 524 4095 etium
539 4040 679 4110 scriptum
703 4042 756 4105 est,
785 4036 951 4109 deputavit;
1004 4052 1070 4091 suos
1098 4040 1165 4090 tunc
1188 4036 1358 4103 ostendeut;
1382 4034 1451 4107 quia
1479 4052 1528 4091 eos
1563 4034 1687 4105 amplius
1715 4047 1849 4089 exercere

103 4130 183 4185 nulle
213 4133 311 4184 umen
344 4128 400 4183 alia
427 4128 615 4200 inquisitione
638 4128 683 4183 vel
712 4124 900 4197 responsione
916 4124 951 4179 de
1005 4130 1223 4195 nonpotarunt.

103 4216 240 4289 operibus
253 4232 365 4283 eorum,
378 4216 433 4272 nisi
452 4216 697 4287 quemadmodum
721 4214 883 4286 evangelice
898 4228 950 4268 vox
1040 4212 1201 4283 Repentino
1215 4210 1404 4282 etinopinato
1419 4216 1501 4266 motn
1519 4210 1551 4265 in
1569 4210 1624 4267 boo
1636 4208 1694 4265 line
1709 4209 1853 4265 elementa

103 4310 238 4377 ostendit,
262 4310 302 4365 ibi
326 4310 416 4378 lacte;
450 4309 588 4382 quoniam
619 4324 694 4381 opus
728 4307 868 4380 cujusque
893 4306 951 4361 sive
1004 4301 1179 4368 relaxentur,
1208 4316 1309 4356 omnes
1344 4310 1482 4355 creature
1514 4303 1741 4368 commoventur,
1776 4296 1851 4369 ignis

103 4400 213 4455 bonum
228 4399 286 4454 sive
306 4400 415 4454 malum
441 4404 526 4465 esset,
545 4396 654 4469 inipso
685 4396 836 4453 manifeste
862 4410 950 4466 appa·
1004 4389 1142 4459 erumpit,
1159 4405 1208 4444 aer
1221 4388 1349 4458 solvitur,
1369 4403 1445 4459 aqua
1459 4387 1560 4455 eltluit,
1576 4394 1652 4443 terra
1675 4386 1849 4450 concutitur,

103 4486 349 4551 intonantem
373 4485 478 4559 signati
496 4500 555 4541 nou
579 4491 661 4541 erant
685 4502 702 4540 a
726 4486 810 4556 louge
826 4482 854 4537 in
871 4485 951 4555 perte
1003 4476 1118 4547 lulgura
1137 4477 1257 4545 lervent,
1280 4476 1406 4533 tonitrua
1431 4480 1616 4548 concrepant,
1645 4483 1757 4531 montes
1780 4474 1853 4529 scin·

103 4574 247 4647 aquitonis
266 4590 332 4629 cum
362 4574 503 4630 diabolica
526 4573 611 4628 turba
636 4572 759 4638 stabant,
783 4570 884 4626 necad
905 4570 951 4642 ju·
1004 4568 1123 4634 duntur,
1149 4566 1228 4623 sitve
1252 4570 1350 4635 ruunt,
1376 4570 1404 4620 et
1433 4564 1575 4638 quidquid
1601 4563 1632 4619 iu
1659 4579 1736 4630 aere,
1752 4564 1797 4617 vel
1821 4562 1851 4616 in

103 4663 210 4719 dicium
240 4662 295 4718 hoc
319 4666 533 4733 pervenerunt;
565 4662 613 4717 sed
641 4666 738 4717 tamen
767 4660 829 4715 haec
853 4659 952 4714 omnia
1004 4669 1090 4727 aqua,
1113 4654 1152 4708 sel
1172 4654 1202 4708 in
1224 4660 1300 4709 terra
1324 4654 1446 4709 mortale
1468 4659 1512 4708 est
1540 4652 1626 4707 vitam
1647 4650 1751 4706 reddit.
1774 4648 1851 4721 Ignis

102 4754 180 4808 velut
208 4752 238 4806 iu
272 4750 387 4807 turbiue
414 4750 551 4817 videntes,
579 4750 667 4806 tinam
684 4749 787 4822 judieii
809 4754 951 4819 exspecta·
1004 4742 1083 4800 enim
1108 4745 1199 4797 totum
1222 4758 1318 4799 aerem
1346 4747 1453 4812 movet,
1476 4746 1505 4797 et
1534 4756 1610 4813 aqna
1633 4744 1724 4794 totam
1745 4744 1852 4794 terrem

104 4842 182 4907 bant,
205 4844 233 4895 et
258 4838 334 4894 intra
357 4856 386 4895 se
409 4855 521 4895 amaros
544 4838 667 4911 gemitus
691 4836 823 4893 edebant.
856 4836 890 4890 Et
911 4834 952 4890 sic
1005 4832 1152 4905 replet;et
1166 4831 1431 4887 hocmodoomnia
1457 4834 1628 4903 purgantur,
1654 4833 1685 4884 ut
1710 4826 1851 4899 quidquid

100 4927 210 5002 judicio
238 4933 364 4998 peracto,
393 4925 518 4999 fulgura,
544 4931 573 4981 et
595 4927 734 4995 tonitrua,
766 4924 894 4981 attenti
918 4940 951 4979 ac
1004 4921 1035 4978 iu
1062 4920 1170 4977 mundo
1200 4919 1335 4975 loeditatis
1358 4926 1409 4987 est,
1439 4926 1479 4975 ita
1500 4924 1660 4986 evanescat,
1686 4932 1769 4989 quast
1789 4932 1849 4971 non
1906 4944 1913 4951 ·

104 5021 288 5089 tempestates
314 5016 478 5079 cessabant:
508 5021 537 5072 et
574 5014 716 5087 quidquid
748 5014 951 5070 inclementis
974 5009 1105 5086 pluerit,
1122 5008 1199 5063 velut
1221 5008 1261 5062 sal
1277 5006 1383 5063 dilituit
1403 5023 1468 5062 cum
1492 5008 1523 5062 in
1546 5021 1651 5079 aquam
1674 5004 1850 5060 immittitur.

104 5105 303 5161 transitorium
327 5110 402 5172 erat,
426 5104 522 5160 subito
552 5108 670 5159 evanuit
685 5109 713 5158 et
737 5102 862 5159 maxima
876 5108 952 5157 uan-
1008 5099 1063 5156 Sed
1090 5097 1187 5153 divino
1212 5102 1369 5169 precepto,
1391 5099 1424 5151 nt
1446 5096 1500 5151 tibi
1527 5099 1717 5151 monstratum
1738 5095 1791 5157 est,
1815 5090 1850 5147 ad

105 5194 232 5267 quiltitas
259 5194 333 5249 lacta
360 5200 412 5249 est.
439 5194 518 5249 Tunc
547 5192 631 5248 electi
657 5207 743 5265 snper
768 5191 953 5262 splendorem
1008 5187 1216 5259 resurgendum
1236 5191 1363 5257 eccepto,
1396 5190 1577 5241 mortuorum
1598 5202 1661 5240 ossa
1686 5183 1851 5254 ubicunque

105 5282 174 5339 solis
203 5291 324 5353 repente
350 5281 493 5353 splendidi
519 5280 630 5336 allecti:
655 5280 812 5335 cambitio
838 5279 898 5346 liei,
924 5283 952 5333 et
1008 5277 1116 5333 inerint
1130 5294 1181 5331 suo
1204 5276 1267 5332 loco
1291 5274 1369 5329 vetut
1388 5274 1416 5328 in
1442 5274 1500 5327 ictn
1522 5275 1598 5328 ocuti
1625 5274 1850 5344 conjunguntur,

105 5388 171 5429 sirm
185 5370 276 5427 beatis
292 5370 458 5442 agminibus
472 5371 642 5441 angelorum
668 5369 696 5424 in
718 5368 822 5437 gaudio
847 5382 952 5438 magno
1009 5373 1037 5420 et
1051 5381 1103 5420 sisa
1126 5382 1211 5421 carne
1234 5369 1381 5437 teguntur,
1405 5378 1457 5417 nec
1477 5362 1535 5415 tillo
1562 5362 1646 5417 modo
1662 5360 1852 5426 retardentur,

106 5462 232 5515 coetastia
256 5461 400 5532 petebant,
426 5460 555 5533 reprobis
569 5475 633 5513 oum
657 5456 770 5513 dialsolo
793 5462 822 5513 et
844 5456 955 5529 angelis
1009 5454 1060 5509 sed
1079 5455 1136 5511 sive
1152 5455 1187 5509 ab
1207 5455 1286 5525 igne,
1307 5453 1366 5508 sive
1382 5450 1417 5507 ab
1439 5466 1523 5521 aqna,
1546 5450 1604 5505 sive
1618 5448 1654 5503 ab
1674 5466 1735 5516 ave,
1761 5449 1857 5504 sivca
