3984 6034
86 229 141 281 sse
731 177 964 284 erismae-
977 222 1088 284 arrsr.
1110 227 1206 285 uxxu.
1791 237 1845 291 osi

87 361 207 432 cognita
229 361 397 416 mortalibus
412 377 466 431 per
482 376 533 415 ros
547 359 793 416 llautmanilssta.
817 361 853 416 iit
869 359 939 433 quid
955 363 981 414 Α
995 361 1124 432 gitaudu,
1155 362 1301 419 interdum
1329 363 1526 436 desiderando,
1556 366 1702 424 interdum
1726 385 1844 442 operan-

87 449 288 521 mirnm‘ijum
313 449 401 514 enim,
420 450 493 520 jam,
521 447 650 520 inquam,
679 453 712 504 ut
739 465 806 504 vera
836 447 941 505 Christi
995 449 1032 504 do
1048 466 1111 522 qum
1129 451 1242 507 inutilia
1255 457 1332 521 suut,
1361 469 1425 526 quie
1450 457 1630 512 sanctitatem
1644 473 1703 512 nou
1729 463 1841 530 parant,

86 555 196 609 sponsa
221 543 252 592 st
276 537 462 594 immaculata
492 536 592 592 innixa
628 553 716 609 super
744 538 849 593 dilecto
876 553 939 605 suo,
993 539 1122 611 sedquse
1138 539 1285 596 laesionem
1303 541 1553 600 lasciviendum.
1570 547 1635 612 ista,
1653 545 1758 601 milites
1780 547 1841 614 Ilei,

86 629 171 695 culus
187 627 260 682 lassa
284 627 339 682 sub
364 627 457 697 capite
480 631 586 693 restro,
618 631 648 681 et
674 626 738 697 ejus
764 626 864 681 dextra
881 641 942 682 am·
993 626 1130 698 iugiteet
1147 628 1240 684 lucem
1263 629 1341 684 illam
1364 629 1495 702 inspicite
1519 648 1605 704 quarn
1631 634 1840 706 aliquantulum

87 714 751 787 plexaturuoslcunts'c.1),quivosinsuum
775 715 940 771 cubiculum
993 715 1137 786 gustastis,
1152 716 1226 773 etad
1244 718 1425 774 sanctitatem
1444 719 1529 776 citius
1544 723 1663 792 surgite,
1692 723 1760 796 quia
1788 741 1842 779 ue·
1905 715 1908 730 '

86 805 182 872 duxit,
210 821 320 876 suaque
347 805 428 859 vobis
451 811 559 859 secreta
584 805 758 861 excellenter
791 804 938 859 reserssit.
992 803 1071 858 scitis
1084 805 1199 877 quando
1215 805 1303 862 linem
1327 807 1482 880 accipiatis.
1513 809 1589 864 Deus
1611 811 1687 866 euim
1714 812 1841 868 rationa-

87 893 180 948 Utin
208 893 253 948 bis
285 909 335 950 vus
357 893 498 948 confortet
537 893 678 949 Dominus
723 892 823 949 sedulo
859 891 940 949 uobis
992 893 1104 948 litatem
1127 893 1237 950 bomini
1258 893 1346 950 dedit.
1377 897 1447 952 Nem
1463 911 1515 968 per
1533 897 1652 953 verbum
1676 899 1725 954 [lei
1754 900 1840 956 honio

84 986 232 1052 opuntes,
261 987 406 1053 quatenus
434 980 533 1054 aliqua
564 982 649 1037 nobis
677 982 713 1038 de
734 988 835 1038 nostro
862 986 940 1038 statu
993 981 1142 1036 rationalis
1163 987 1215 1037 est.
1245 983 1420 1038 irrationalis
1441 988 1539 1041 niumm
1557 992 1688 1042 creatura
1708 987 1842 1044 relutso·

85 1069 229 1126 diuinitus
242 1071 321 1126 robis
335 1070 467 1137 revelari,
488 1071 630 1142 nobisque
646 1071 794 1126 insinuare
820 1071 937 1138 curetis,
992 1083 1047 1124 nus
1080 1073 1132 1125 ast.
1161 1070 1205 1126 Sic
1233 1071 1308 1127 Deus
1340 1089 1455 1128 omnem
1482 1079 1641 1130 creaturum
1671 1075 1701 1132 in
1723 1077 1841 1134 homine

85 1159 253 1215 humillime
278 1159 470 1230 deposcimus.
497 1159 552 1214 Sed
575 1159 637 1214 bne
663 1159 778 1225 mulier,
816 1175 939 1231 praesen·
991 1157 1220 1228 constituit3sed
1237 1159 1424 1216 rationalitati
1440 1162 1584 1219 duasalas
1600 1164 1689 1232 dedit,
1717 1181 1840 1237 quarum

86 1248 161 1302 tium
178 1248 274 1315 latrix,
290 1247 398 1302 semina
412 1246 517 1304 nobilis
531 1253 575 1302 est
588 1248 776 1318 etcujusdsm
800 1249 938 1319 amantis·
991 1247 1092 1302 dextra
1107 1248 1153 1303 ala
1167 1249 1274 1304 bonam
1300 1249 1458 1319 scientiam,
1476 1249 1591 1307 sinistre
1614 1257 1710 1308 autem
1734 1255 1840 1310 maiam

87 1337 154 1390 simi
168 1336 224 1391 riri
238 1352 312 1391 uxor
339 1340 392 1392 est.
417 1337 482 1393 llaec
508 1336 662 1392 devotione
690 1338 781 1393 multa
803 1339 882 1394 uenit
901 1337 937 1395 ad
991 1333 1143 1392 scientiam
1168 1337 1431 1408 significal.1ubis
1450 1339 1694 1414 homoestquasi
1717 1343 1841 1398 volatilis

87 1425 251 1479 tebumilis
265 1430 294 1479 et
309 1425 460 1495 pedestris,
476 1439 542 1480 cnm
558 1425 590 1480 in
606 1425 688 1498 cquis
700 1431 731 1480 et
745 1427 837 1481 multo
853 1427 940 1484 comi·
991 1423 1037 1479 sit.
1055 1426 1337 1482 flomoetiamvelut
1355 1428 1425 1496 dies,
1441 1433 1468 1484 ot
1498 1430 1575 1484 vetut
1603 1446 1658 1485 nox
1687 1436 1737 1486 est.
1768 1431 1838 1488 Cum

87 1519 148 1568 tatu
163 1513 257 1584 possit
280 1513 387 1568 venire.
415 1517 507 1571 causa
531 1517 627 1568 autem
656 1515 775 1569 bsecest
800 1513 939 1569 adrentus
991 1514 1334 1572 aritemdiesnoclemin
1353 1517 1470 1572 homine
1496 1519 1643 1591 opprimit,
1673 1521 1760 1576 bomo
1787 1523 1839 1578 bo-

86 1604 159 1672 ejus.
187 1604 250 1658 lam
279 1603 370 1659 multo
396 1608 527 1675 tempore
552 1604 656 1659 sterilis
678 1604 846 1675 permansit,
871 1618 936 1659 cnm
956 1603 1143 1710 Bnusmiles
1166 1605 1343 1674 nominatur,
1366 1607 1503 1678 quoniam
1535 1609 1565 1662 in
1594 1610 1712 1664 militari
1734 1611 1838 1668 virtute

85 1697 187 1747 tamen
206 1691 334 1763 primum
349 1707 456 1764 pueros
472 1693 779 1764 generasittseditlis
802 1691 935 1760 mortuis,
992 1690 1100 1746 malum
1116 1696 1241 1762 superat.
1260 1693 1340 1748 Unde
1367 1709 1426 1760 vos,
1442 1711 1459 1748 o
1478 1694 1530 1749 tilii
1559 1695 1617 1762 liei,
1652 1697 1763 1754 Christo
1786 1715 1839 1770 per

84 1778 276 1833 etaliusnou
300 1779 434 1850 gignens,
456 1778 554 1834 dolore
580 1778 744 1834 vehementi
770 1779 937 1834 alliciuntur
989 1778 1068 1834 diem
1084 1779 1259 1848 militemini,
1276 1786 1305 1837 el
1316 1781 1345 1836 in
1356 1782 1452 1854 quiete
1464 1783 1569 1837 meniis
1585 1783 1720 1840 nebulam
1735 1785 1837 1857 fugite,

85 1867 194 1936 ipsaet
218 1866 340 1922 maritus
358 1867 431 1938 ejus.
460 1867 678 1940 llincestquod
697 1868 733 1922 ed
754 1873 783 1923 ta
801 1869 935 1925 ancillam
990 1885 1056 1941 qnae
1081 1869 1158 1926 diem
1179 1869 1340 1938 obnubilat,
1367 1887 1399 1925 ac
1421 1872 1509 1927 etiam
1544 1877 1698 1928 nocturnas
1719 1873 1837 1931 insidias

84 1960 113 2008 et
141 1953 317 2010 familiarem
344 1954 446 2011 Christi
478 1955 618 2026 confugit,
650 1955 759 2010 babens
799 1957 935 2014 tiducinm
989 1975 1054 2032 qirae
1069 1975 1123 2030 per
1137 1959 1283 2032 propriam
1299 1960 1476 2015 veluntatem
1503 1960 1533 2015 in
1554 1961 1721 2017 dilatatione
1744 1963 1837 2019 cordis

84 2044 163 2114 qnod
194 2043 306 2099 meritis
333 2049 364 2098 et
391 2043 572 2100 orationibus
599 2045 656 2099 tuis
687 2044 817 2100 obtineas
857 2047 934 2118 apud
989 2048 1167 2104 nimietatem
1184 2049 1343 2120 loquuntur
1354 2049 1505 2116 declinate,
1521 2054 1550 2104 et
1563 2054 1654 2106 estote
1669 2051 1730 2106 dies
1742 2068 1837 2124 quien

85 2133 192 2201 mum,
220 2136 256 2187 ut
279 2133 368 2203 possit
396 2132 489 2188 adbuc
513 2132 671 2200 fecundari,
699 2138 728 2188 et
752 2134 935 2191 benedictum
989 2136 1109 2192 cadente
1125 2153 1190 2192 rure
1205 2136 1235 2191 iu
1250 2152 1335 2192 mane
1349 2137 1487 2208 tangitur,
1503 2141 1609 2210 atquae
1625 2143 1722 2210 postea
1735 2138 1766 2193 iu
1779 2139 1838 2210 pla·

84 2221 213 2276 tanetum
242 2221 349 2276 ventris
375 2223 406 2277 in
444 2221 535 2293 prolis
570 2223 768 2295 procreatione
800 2224 936 2280 exhibere
989 2223 1053 2279 cida
1070 2223 1210 2295 temperie
1226 2228 1412 2296 temperatur,
1428 2225 1468 2280 ita
1486 2227 1562 2298 quod
1576 2225 1718 2282 omniain
1736 2227 1838 2283 disere·

84 2309 212 2364 Cbristo.
241 2310 320 2376 lude,
349 2314 402 2378 cst,
428 2309 506 2382 qnod
529 2325 583 2364 nos
614 2311 651 2366 ub
678 2310 935 2382 ipseetamarito
988 2313 1067 2368 done
1080 2313 1220 2385 probetis,
1236 2319 1264 2368 et
1277 2314 1355 2384 quod
1370 2314 1450 2368 robis
1469 2319 1498 2370 et
1513 2315 1576 2370 eliis
1589 2315 1665 2370 bonu
1680 2321 1755 2372 recte
1769 2333 1836 2388 pru-

83 2397 147 2466 ejus
163 2398 268 2470 rogati,
288 2414 425 2470 rogamus
437 2403 477 2466 te,
490 2404 523 2453 ut
536 2398 567 2453 in
579 2399 633 2454 irae
646 2399 785 2470 petitione
799 2417 851 2472 pro
866 2401 936 2473 ipsis
989 2400 1116 2456 videatis.
1134 2403 1166 2456 ln
1186 2403 1313 2457 cavernis
1332 2417 1401 2474 ergo
1429 2403 1568 2458 columbus
1584 2420 1650 2460 cum
1666 2420 1740 2475 pura
1767 2405 1836 2461 sim·

83 2492 142 2542 stes
171 2487 250 2558 apud
287 2487 388 2556 Deum,
411 2492 441 2542 et
467 2487 546 2559 quod
577 2487 742 2544 desiderant
770 2496 936 2546 mereantur
989 2489 1116 2561 plicitate
1131 2489 1267 2558 habitate,
1297 2497 1327 2547 ut
1344 2506 1441 2547 vocem
1467 2492 1664 2548 exsultationis
1690 2499 1720 2549 et
1737 2494 1836 2550 salutis

82 2576 228 2632 obunere.
989 2580 1020 2633 in
1035 2579 1226 2634 tabernuculis
1253 2581 1394 2650 justorum
1410 2580 1549 2637 babeatis.
1579 2583 1649 2638 Nam
1677 2584 1750 2639 bens
1764 2583 1836 2640 nita-

989 2666 1046 2720 tem
1062 2681 1192 2722 vooerns
1213 2665 1313 2722 iracnli
1341 2669 1405 2724 vttoe
1434 2668 1465 2724 in
1493 2671 1715 2726 rationalitatem
1761 2671 1837 2726 osuit

275 2718 481 2776 RESPONSUM
500 2719 742 2776 fflfflfflfflms·
988 2770 1088 2811 vocem
1110 2684 1217 2812 scilicgl
1230 2755 1439 2824 exsultationis,
1455 2773 1520 2830 quse
1540 2773 1605 2813 cum
1625 2758 1702 2814 bona
1716 2687 1836 2815 selentia

83 2843 251 2898 Postumia
271 2843 313 2898 eis
336 2843 408 2898 duta
425 2842 481 2914 pio
494 2844 606 2900 mondo
619 2844 663 2900 uit
676 2843 772 2900 inlici
786 2845 936 2904 voluntale
991 2845 1079 2899 Deam
1090 2845 1120 2898 in
1134 2843 1190 2900 tide
1200 2845 1278 2900 videt
1290 2850 1319 2899 et
1328 2846 1483 2917 cognoscit,
1498 2851 1528 2901 et
1537 2847 1635 2902 mem
1652 2863 1704 2902 vox
1715 2847 1744 2902 iu
1762 2847 1835 2902 bene

116 2930 182 2970 8⁸³⁶
200 2913 359 2980 semme
378 2914 425 2970 ”⁰²
441 2930 499 2970 mm
517 2914 677 2983 fecundare
703 2919 875 2984 malmin·
894 2917 935 2974 ⁸⁹²⁸·
952 2935 1106 2992 esonante
1120 2933 1186 2989 tuba
1201 2949 1267 2990 rum
1282 2935 1418 3006 operibus
1432 2935 1638 2991 benevolentiae
1662 2941 1754 2992 sonet.
1776 2937 1835 2992 Vox

116 2985 205 3042 ‘mm
219 2990 368 3042 ‘mm
380 3001 474 3059 ‘⁶9⁷⁰
485 2986 690 3058 mmmm·
987 3019 1066 3075 enim
1077 3021 1286 3093 amplexionem
1301 3022 1448 3080 charitalis
1478 3024 1573 3093 habet,
1589 3025 1629 3080 ita
1643 3025 1721 3097 quod
1748 3026 1834 3082 etiam

117 3115 142 3170 0
157 3128 289 3185 persone
308 3127 373 3184 quse
388 3127 441 3183 per
463 3112 585 3182 gratiam
600 3111 651 3167 llsi
664 3112 694 3166 in
720 3112 868 3169 Domimca
882 3131 932 3170 vo·
987 3109 1151 3165 humilitate
1169 3117 1335 3167 mansuetos
1361 3112 1479 3184 colligit,
1504 3117 1534 3169 et
1558 3114 1754 3170 misericordie
1778 3117 1836 3171 rul·

80 3205 199 3258 catione
226 3201 378 3273 pastoralis
403 3217 480 3256 curse
506 3200 586 3268 estis,
614 3201 715 3257 discite
740 3203 864 3272 nmmum
884 3219 932 3258 so·
988 3201 1164 3270 neraungit.
1187 3201 1317 3256 Charitas
1332 3201 1418 3256 etiam
1434 3217 1500 3258 cum
1524 3206 1652 3258 torrente
1674 3219 1749 3274 aqua
1770 3203 1834 3276 Spi-

80 3291 230 3346 catiouem
253 3289 409 3357 Adse,com
437 3289 512 3345 [isus
539 3288 582 3343 illi
595 3289 668 3344 dixit
684 3307 691 3345 :
709 3289 765 3345 Ubi
778 3292 931 3364 eulmen.
987 3287 1162 3344 sitnssuncti
1184 3287 1257 3357 ituit,
1285 3289 1419 3344 videlicet
1449 3307 1514 3346 cum
1535 3307 1605 3362 pace
1619 3292 1755 3348 bonitatis
1771 3294 1831 3349 [lei.

81 3379 268 3450 sn,lquandu
290 3394 345 3450 per
371 3377 597 3433 inobedientiam
623 3379 828 3450 prevaricator
850 3381 934 3436 exsti·
988 3377 1138 3432 Humilitus
1157 3393 1273 3450 quoque
1300 3378 1414 3434 bortum
1441 3395 1506 3435 cum
1523 3381 1658 3436 omnibus
1686 3381 1835 3452 pomiferis

80 3471 127 3524 tit.
143 3469 225 3524 Tunc
251 3467 337 3523 etiam
363 3467 406 3523 illi
432 3482 541 3522 nomen
570 3467 658 3540 guasi
686 3469 838 3525 tenebrosa
856 3475 933 3525 terra
986 3465 1086 3535 gratim
1109 3465 1159 3521 Dei
1183 3471 1276 3537 parat,
1303 3483 1369 3539 qnoe
1395 3467 1534 3524 circulum
1563 3469 1656 3524 omnis
1684 3469 1833 3526 viriditatis

79 3563 156 3623 erat,
171 3562 201 3612 et
216 3557 307 3612 mum
322 3556 377 3628 ipsi
394 3556 530 3612 vestitum
551 3555 640 3625 dedit,
657 3558 750 3612 sciens
775 3559 851 3630 quod
870 3575 933 3632 pro
986 3553 1130 3610 donorum
1148 3555 1197 3610 Dei
1212 3554 1306 3610 habet.
1334 3555 1525 3612 liisericordie
1552 3562 1648 3612 autem
1674 3559 1833 3614 balsamum

78 3652 147 3719 pter
161 3661 230 3701 eum
243 3645 369 3701 tunicam
388 3645 574 3701 humanitatis
602 3650 770 3718 sumpturus
793 3651 877 3702 esset.
901 3650 932 3704 ln
985 3643 1070 3699 sudat
1083 3643 1118 3699 ad
1132 3659 1232 3698 omues
1248 3643 1428 3698 necessitates
1436 3661 1499 3717 qum
1512 3645 1623 3700 bomini
1638 3647 1752 3702 adsunt.
1769 3649 1834 3704 llere

78 3735 243 3808 quaestam
258 3734 334 3789 clara
348 3749 417 3790 voco
444 3734 650 3790 misericordie
663 3735 746 3790 illum
770 3737 931 3808 revocabat,
986 3732 1073 3788 etiam
1089 3747 1142 3788 vox
1161 3732 1308 3788 charitatis
1322 3731 1352 3787 in
1367 3733 1540 3805 symphonia
1561 3735 1691 3789 omnium
1715 3736 1832 3792 laudum

77 3823 199 3897 quaudo
213 3823 384 3895 peregrinus
397 3822 475 3878 fliius
487 3822 517 3878 in
533 3822 689 3894 semetipso
704 3825 738 3879 ad
763 3824 932 3882 memoriam
986 3819 1086 3876 salutis
1104 3825 1197 3876 must.
1223 3822 1286 3892 lpse
1314 3837 1429 3893 quoque
1448 3837 1501 3892 per
1528 3821 1720 3878 humilitatem
1740 3823 1771 3879 iu
1783 3840 1832 3879 ex·

77 3912 126 3968 sni
152 3912 250 3979 rediit,
269 3927 334 3968 eum
360 3911 456 3968 dixit:
473 3911 582 3979 monti
606 3912 823 3968 mereennriiin
847 3913 932 3970 durno
985 3910 1094 3964 celsum
1113 3915 1206 3976 sonat,
1223 3909 1272 3965 obi
1301 3911 1390 3966 ticum
1405 3910 1492 3981 videt,
1507 3917 1535 3966 et
1559 3911 1608 3966 ubi
1629 3926 1694 3966 cum
1715 3911 1832 3968 rietoria

76 4001 175 4075 putris
188 4001 247 4056 mei
259 4001 409 4056 abundasti
422 4000 560 4073 panibus,
583 4017 636 4074 eqo
658 4006 755 4057 numm
781 4001 828 4057 bic
850 4004 932 4067 sume
985 4003 1085 4053 contra
1100 3997 1265 4071 snperbiam
1289 4002 1408 4070 pugnat.
1426 3998 1482 4053 ista
1495 3998 1574 4054 euim
1590 4015 1643 4054 vox
1670 4015 1722 4071 per
1751 4000 1832 4057 mise-

75 4105 166 4164 pereo
180 4092 263 4160 (Luc.
279 4091 331 4162 xv),
360 4094 391 4145 et
412 4095 495 4162 pater
517 4091 581 4162 ejus
597 4091 694 4163 ipsum
712 4091 742 4146 iu
757 4091 862 4163 gaudio
881 4107 932 4147 su·
985 4087 1141 4143 ricordiem
1154 4085 1331 4158 lacrymabili
1347 4091 1376 4142 et
1384 4087 1514 4157 jucunde
1540 4102 1607 4142 voce
1621 4088 1736 4157 clamat,
1762 4090 1832 4161 quia

76 4181 183 4250 seepit.
201 4179 282 4236 Nunc
300 4180 382 4235 decet
394 4195 445 4236 uos
458 4179 621 4251 magistros,
639 4186 670 4234 ut
688 4179 717 4234 iu
735 4181 830 4251 primo
845 4181 930 4237 oculo
985 4192 1127 4248 pauperes
1143 4181 1173 4232 et
1184 4175 1299 4231 claudus
1314 4176 1348 4230 ed
1364 4191 1394 4230 se
1416 4175 1536 4247 colligit,
1561 4180 1590 4232 et
1607 4177 1675 4248 quia
1689 4177 1730 4233 sic
1753 4179 1831 4234 auxi·

76 4267 221 4323 claritatis
244 4266 373 4336 uideatis,
402 4267 478 4340 quod
515 4269 590 4323 Deus
626 4283 678 4340 per
702 4268 826 4323 alienam
852 4269 929 4325 viam
985 4265 1105 4321 liumde
1126 4265 1234 4337 Spiritu
1246 4265 1328 4337 petit,
1348 4270 1382 4321 ut
1404 4264 1573 4322 boecomuia
1587 4266 1673 4322 bonis
1695 4267 1833 4338 operibus

75 4357 173 4412 Adam
200 4355 352 4422 revocavit,
380 4355 489 4411 scilicet
515 4371 569 4427 per
595 4355 726 4411 osculum
742 4356 931 4413 humanitatis
975 4355 1115 4426 impleat.
1131 4356 1195 4426 lpse
1209 4354 1287 4410 enim
1301 4353 1332 4409 in
1357 4354 1548 4410 tabernaculis
1566 4361 1658 4424 sonat,
1688 4356 1739 4412 ubi
1764 4373 1830 4414 san-

75 4447 108 4501 in
126 4443 262 4515 saginato
274 4444 375 4512 vitulo,
390 4444 431 4499 sic
445 4444 545 4500 dicens
561 4461 569 4500 ε
588 4445 679 4501 ilomo
693 4459 747 4516 per
765 4445 932 4502 inobedien·
984 4442 1022 4498 eti
1038 4459 1089 4515 per
1102 4443 1222 4498 edificia
1243 4443 1292 4498 illa
1314 4442 1471 4498 tulmiuaut
1483 4457 1548 4514 quie
1575 4442 1629 4498 sibi
1655 4443 1684 4498 iu
1709 4443 1763 4500 hoc
1777 4461 1831 4499 sae-

74 4535 151 4589 tiam
166 4533 302 4604 perierat,
325 4533 374 4588 sed
389 4549 454 4588 eum
481 4548 535 4604 per
561 4533 760 4604 peonitentiam
784 4534 930 4591 reducam.
983 4532 1049 4586 culo
1077 4533 1322 4603 praeparaverunt.
1355 4531 1409 4585 llos
1434 4535 1580 4608 autem,o
1608 4528 1660 4586 tilii
1685 4531 1744 4598 liei,
1769 4533 1831 4587 voci

74 4623 135 4679 Sed
152 4621 227 4676 etin
248 4622 403 4678 excelsum
419 4625 547 4677 muntem
575 4622 729 4691 ascendite,
754 4637 788 4676 ac
815 4623 931 4679 invalte
982 4620 1128 4675 bonorum
1142 4637 1191 4676 vos
1204 4619 1352 4692 adjungite
1377 4620 1425 4676 ubi
1448 4619 1522 4690 jussi
1537 4624 1614 4687 suut,
1642 4623 1671 4674 ot
1698 4620 1771 4674 Deus
1785 4635 1832 4676 su-

73 4711 266 4768 tabernacula
289 4711 383 4779 tacite,
400 4716 429 4766 et
444 4711 475 4767 in
489 4713 532 4766 sis
548 4711 596 4766 diu
620 4717 745 4768 manete.
763 4713 835 4768 Cum
850 4711 929 4768 enim
983 4709 1085 4781 seipiet
1099 4725 1157 4778 rus,
1176 4711 1312 4781 quonium
1327 4725 1377 4764 vos
1391 4710 1461 4778 uult,
1473 4713 1501 4764 et
1514 4708 1543 4764 in
1559 4714 1702 4764 eternum
1716 4708 1828 4764 viretis.

72 4815 194 4856 sursum
217 4799 354 4871 aspicitis,
378 4802 467 4856 boum
493 4803 642 4874 sequendo
672 4805 804 4858 montem
829 4817 928 4857 ascen·
982 4799 1063 4864 Quod
1081 4815 1147 4854 vero
1161 4805 1323 4854 matronam
1336 4799 1387 4853 llei
1397 4797 1539 4869 adjutorio
1554 4797 1703 4853 fecundari
1721 4795 1829 4868 potitis,

73 4889 156 4946 ditis.
186 4889 266 4944 Tunc
287 4891 375 4944 etiam
401 4887 432 4944 iu
459 4889 633 4962 profundam
665 4889 859 4947 bumilitatem
879 4905 929 4946 rs-
982 4887 1080 4944 boein
1096 4889 1146 4942 liei
1161 4887 1306 4943 uoluntate
1322 4891 1350 4942 et
1375 4890 1516 4959 potestate
1540 4891 1592 4954 est,
1607 4885 1676 4958 quia
1700 4885 1762 4957 ipse
1777 4901 1828 4940 no·

74 4979 201 5052 spicite;
218 4978 356 5050 qnoniam
372 4977 461 5035 Filius
477 4979 527 5034 nei
540 4979 571 5034 in
583 4978 824 5035 humanitatssuu
834 4985 928 5035 totum
979 4977 1021 5032 vit
1035 4977 1085 5033 ubi
1111 4977 1224 5048 prolem
1244 4977 1387 5039 concedat,
1403 4975 1452 5032 ubi
1477 4974 1587 5047 prolem
1611 4974 1733 5044 auferat,
1760 4989 1830 5046 quu-

73 5068 227 5124 bomiuem
239 5066 375 5139 portarit,
390 5083 424 5123 ac
439 5067 469 5124 iu
492 5069 628 5124 omnibus
654 5069 790 5140 operibus
816 5069 927 5136 restris,
980 5065 1060 5122 niam
1074 5081 1134 5122 uon
1148 5065 1306 5121 secundum
1320 5063 1412 5120 visum
1427 5063 1589 5132 homiuum,
1606 5063 1655 5118 sed
1670 5063 1829 5118 secundum

73 5156 184 5214 scilieet
197 5157 229 5212 iu
255 5156 468 5228 vobismetipsis
491 5157 568 5213 acin
596 5157 661 5212 aliis
680 5157 873 5213 bumilitatem
886 5162 927 5212 at·
979 5152 1100 5208 interius
1112 5153 1253 5224 judicium
1275 5154 1395 5225 judicat.
1423 5154 1481 5224 Ego
1512 5151 1600 5220 enim,
1630 5151 1769 5224 quoniam
1785 5167 1831 5206 ru-

73 5249 198 5316 teudite,
226 5250 256 5301 et
282 5246 314 5301 in
339 5262 373 5301 eu
397 5247 448 5302 diu
467 5252 657 5319 perseverate.
678 5246 780 5302 Cavete
795 5261 866 5318 ergo
889 5263 926 5303 uo
979 5243 1077 5314 gestis,
1097 5257 1150 5315 pro
1163 5243 1225 5315 ipsa
1247 5243 1337 5298 Deum
1362 5241 1461 5312 orabo,
1481 5241 1540 5311 sed,
1562 5242 1623 5313 ipse
1649 5240 1734 5296 faciat
1749 5242 1829 5314 quod

75 5350 158 5392 mens
176 5339 271 5390 nestra
286 5335 390 5390 similis
404 5333 441 5391 eit
462 5336 548 5408 nigro
567 5335 671 5403 monti,
695 5334 747 5391 ubi
769 5336 800 5390 in
827 5335 926 5408 ignitis
977 5330 1046 5388 inde
1062 5331 1110 5403 pie
1125 5337 1155 5388 ct
1167 5331 1390 5388 misericorditer
1401 5329 1465 5386 fieri
1480 5329 1631 5403 disposuit.

73 5423 248 5480 carbonibus
260 5439 318 5479 era
332 5424 406 5480 liunt
418 5439 472 5497 per
484 5429 560 5480 artes
574 5424 732 5480 fabrorum.
758 5425 817 5481 lloe
836 5439 924 5497 squa-

75 5513 124 5568 lidi
138 5527 234 5569 mores
248 5511 280 5568 in
295 5513 371 5568 mala
386 5513 594 5570 cousuetudine
608 5517 686 5585 sunt,
707 5513 854 5569 interdum
879 5529 925 5569 co·
