3984 6034
121 241 172 290 0:53
721 239 863 295 SCib'ialS.
877 269 912 282 -
931 241 992 296 titt.
1016 241 1062 303 ill,
1084 241 1174 298 vtslo
1197 243 1268 298 t'llt.
1816 254 1866 304 till

79 440 83 446 ⁹
115 369 203 440 plecti
235 383 308 440 opus
333 383 432 424 meum
459 367 491 423 in
517 382 566 424 me
587 365 775 439 perficiendo,
796 369 843 426 hic
868 374 968 441 tangat
986 375 1009 426 Α
1025 371 1056 428 iu
1070 389 1100 428 se
1118 371 1282 441 habentem,
1298 377 1444 448 totamque
1458 375 1640 449 insapientiae
1651 378 1805 448 virentem,
1821 387 1865 436 at-

115 457 352 525 fundementum,
374 462 404 512 et
424 456 529 512 leniter
552 457 587 512 sd
605 457 663 512 alta
683 473 798 514 sursum
822 459 964 514 ascendat.
1021 477 1077 532 que
1101 461 1232 518 indutam
1254 463 1336 535 quasi
1356 463 1491 520 umbroso
1512 466 1683 524 indumento
1706 484 1758 542 per
1787 470 1866 540 quud

115 546 192 610 Quid
209 547 285 602 hec?
305 547 369 618 lpse
393 545 520 617 primum
535 545 629 600 carnis
648 561 707 600 suae
728 545 865 602 vilitatem
880 546 965 618 inspi·
1021 550 1138 622 quidem
1158 551 1232 608 oculi
1259 552 1482 623 prospiciebant,
1510 555 1659 628 multoque
1682 556 1786 612 timore
1807 566 1867 613 tre-

114 635 192 702 ciet;
227 640 257 689 et
275 633 316 688 sic
340 649 453 690 sursum
467 633 503 689 de
522 633 626 689 virtute
641 634 671 688 in
694 634 828 690 rirtutem
845 636 967 690 suariet
1020 643 1147 694 mentem
1163 655 1259 695 coram
1274 640 1411 714 predicto
1427 641 1694 700 lucidosedeutein
1709 645 1824 700 throno.
1837 647 1870 702 Et

114 723 177 778 leni
198 723 296 778 animo
320 721 462 794 gradatim
486 723 627 794 proficiat,
649 723 718 794 quie
747 724 797 794 qui
819 741 965 780 summum
1020 726 1173 784 aitzoroe
1189 729 1303 784 miseria
1313 729 1509 801 peccatoribus
1525 731 1615 786 Deum
1627 748 1685 788 non
1696 733 1865 793 timentibus

115 827 231 866 ramum
250 810 362 866 arboris
384 811 514 882 primum
536 810 731 882 apprehendit
752 812 788 867 ad
808 813 964 868 ascenden·
1018 817 1068 872 sed
1081 817 1239 890 eumquasi
1254 818 1400 874 illusorem
1422 818 1603 876 habentibus.
1619 820 1688 886 Quis
1711 825 1807 893 potest
1821 824 1865 878 ιιι-

115 901 199 968 dum,
221 899 372 972 repentino
402 915 470 954 cesar
497 900 656 971 sepissime
675 900 760 956 cadit.
786 901 838 968 Qui
867 907 964 956 antem
1018 905 1284 977 comprehensibilis
1307 907 1358 962 llei
1381 907 1517 964 timorem
1538 907 1664 982 effugere
1691 926 1776 982 quem
1801 910 1863 982 ipse
1956 925 1958 932 ’

116 988 214 1044 rolens
239 989 392 1044 ascendere
412 1005 430 1043 a
446 989 543 1044 radice
567 988 680 1061 incipit,
696 989 764 1046 huic
778 993 892 1044 nonest
904 993 963 1044 lam
1017 994 1189 1067 culpabilem
1202 995 1269 1051 sinit
1284 996 1377 1068 perire
1402 1012 1460 1052 nou
1475 996 1659 1068 abjicientem
1684 1014 1699 1052 a
1723 1015 1752 1053 se
1764 999 1864 1055 mala?

113 1077 199 1133 facile
209 1077 381 1143 cadendum,
391 1075 416 1132 si
428 1082 511 1132 caute
526 1077 643 1134 incedit.
1018 1085 1173 1154 Propterea
1191 1099 1244 1155 ego
1261 1084 1343 1140 valde
1367 1089 1396 1140 et
1409 1085 1494 1142 valde
1504 1085 1660 1142 Dominum
1680 1087 1769 1142 Deum
1785 1087 1863 1144 time

150 1166 206 1222 Sed
234 1165 358 1222 secunda
381 1170 442 1221 tola
463 1165 616 1222 videbatur
639 1171 671 1222 ut
697 1166 869 1238 hyacinthus
886 1166 963 1221 aerei
1016 1173 1064 1228 bo.
1080 1172 1148 1238 eris
1163 1189 1209 1228 me
1223 1173 1478 1245 adjurabitcoram
1497 1175 1555 1231 Deo
1569 1175 1742 1241 verolouis
1766 1192 1812 1231 me
1828 1176 1863 1232 li·

112 1255 145 1309 in
175 1255 233 1310 ailo
257 1253 362 1309 coloris
385 1252 517 1309 videlicet
546 1257 607 1310 fam
637 1253 731 1308 forma
754 1269 841 1326 quam
866 1255 962 1309 tunica
1016 1260 1128 1317 herebit
1143 1261 1173 1316 in
1201 1262 1351 1317 tremendo
1382 1263 1445 1334 ejus
1464 1262 1594 1334 judicio?
1619 1264 1720 1320 Nullus
1743 1265 1863 1321 omnino

118 1342 220 1414 ipsius.
250 1343 284 1397 Ei
309 1341 402 1397 eidem
430 1342 535 1397 iunicae
563 1341 628 1397 (itlae
655 1357 735 1397 zouae
767 1341 962 1398 illaesiimttbili
1015 1348 1164 1406 nisiidem
1175 1349 1367 1421 justumque,
1384 1351 1470 1408 Illum
1482 1367 1550 1423 orgo
1574 1367 1713 1424 quaeram,
1730 1353 1765 1408 ad
1780 1353 1863 1410 illum

114 1431 204 1486 modo
228 1446 300 1484 auro
324 1433 353 1484 et
373 1430 496 1500 gemmis
526 1435 633 1485 ornatae
656 1430 827 1485 mirabiliter
847 1434 961 1486 intextae
1016 1452 1129 1508 semper
1142 1437 1260 1505 fugiam.

115 1526 217 1587 erant;
231 1521 272 1575 ila
296 1524 330 1575 ut
353 1536 441 1592 super
463 1524 621 1592 utrumque
652 1521 807 1577 humerum
831 1520 961 1592 ejusdem
1050 1525 1156 1590 Quarta
1170 1541 1237 1580 vero
1263 1526 1380 1582 niveum
1404 1527 1550 1583 uinculum
1573 1528 1648 1582 cirea
1669 1529 1775 1584 collum
1795 1545 1862 1602 por—

114 1607 252 1679 imeginis
275 1623 348 1663 zona
368 1624 426 1663 una
447 1623 537 1678 usque
561 1608 597 1664 ad
619 1608 707 1680 pedes
728 1608 829 1682 ipsius,
854 1613 919 1664 ante
933 1613 961 1663 et
984 1613 1106 1704 Blabat,
1130 1617 1217 1686 atque
1245 1630 1348 1670 manus
1371 1619 1399 1668 et
1424 1616 1512 1686 pedes
1541 1615 1663 1672 candido
1692 1617 1863 1687 religamine

113 1702 194 1752 retro
214 1695 408 1752 descenderet.
433 1696 582 1766 Dixitque:
601 1698 659 1768 Ego
674 1697 709 1751 ed
735 1697 963 1768 indignationem
1019 1702 1143 1757 habehat
1167 1702 1278 1774 ligatos.
1303 1703 1338 1757 Et
1351 1702 1440 1759 dixit:
1458 1704 1521 1758 Non
1548 1719 1664 1774 possum
1689 1720 1804 1760 camere
1819 1721 1862 1760 se·

113 1786 146 1840 iu
161 1785 232 1839 coelo
255 1784 443 1856 provocabar,
462 1799 527 1840 cum
553 1785 665 1841 Lucifer
682 1802 712 1840 se
730 1785 826 1857 ipsum
850 1785 916 1841 odio
936 1791 964 1840 et
1019 1789 1338 1845 cundumroluntatem
1355 1805 1449 1846 meam
1464 1790 1603 1862 perviam
1619 1791 1796 1861 saecularem,
1812 1807 1864 1848 nec

113 1873 251 1946 superbia
274 1873 440 1928 momordit.
464 1873 520 1928 Sed
535 1873 605 1930 000
629 1874 791 1930 humilitas!
815 1873 871 1929 hoc
888 1875 963 1929 tole·
1018 1877 1213 1950 percontagia
1226 1877 1361 1933 humanae
1372 1878 1546 1934 voluntatis:
1564 1884 1593 1935 et
1612 1879 1677 1936 ideo
1696 1882 1758 1936 volo
1771 1881 1864 1938 redire

113 1977 180 2016 rare
202 1962 306 2017 noluit.
330 1963 450 2032 Propter
473 1962 548 2033 quod
572 1963 659 2016 etiam
687 1961 735 2018 ille
756 1962 841 2017 ruina
860 1978 963 2034 magna
1019 1968 1055 2024 ad
1078 1969 1169 2023 ileum
1189 1972 1299 2040 patrem
1321 1968 1463 2036 omnium,
1486 1985 1572 2041 quem
1599 1969 1730 2026 diabolus
1754 1987 1864 2026 racusa-

115 2051 245 2121 dejectus
266 2054 327 2118 est;
349 2049 473 2105 formato
487 2054 583 2104 autem
605 2049 735 2118 homine,
756 2049 827 2108 000
847 2050 963 2105 nobilis·
1018 2055 1069 2124 vit,
1085 2060 1212 2129 atquem
1227 2055 1367 2113 obaudire
1381 2055 1485 2112 noluit.

114 2139 222 2195 simum
245 2154 367 2211 granum
388 2143 416 2192 et
439 2138 510 2195 000
525 2138 721 2194 dulcissimum
732 2155 861 2211 germen,
877 2140 964 2195 lilius
1054 2145 1159 2210 Quinta
1173 2160 1289 2217 quoque
1304 2145 1379 2200 circu
1398 2145 1503 2202 collum
1519 2146 1640 2202 rubeum
1656 2150 1790 2218 torquem
1813 2149 1863 2206 ba·

114 2228 167 2282 llei
182 2232 300 2299 propter
316 2227 463 2282 bominem
492 2227 524 2282 in
545 2227 604 2282 line
623 2231 789 2298 temporum
812 2233 965 2284 natusest
1017 2232 1155 2302 hebat,et
1170 2233 1229 2288 ait:
1247 2234 1325 2289 Unus
1340 2238 1384 2289 est
1399 2233 1765 2306 neusintrihuspersouis,
1780 2237 1865 2292 auius

114 2317 216 2371 homo.
231 2316 266 2371 Et
278 2315 416 2387 quoniam
435 2315 546 2370 Lucifer
564 2315 656 2370 soluit
675 2322 705 2371 et
721 2315 841 2372 tentarit
856 2321 964 2371 vestem
1018 2321 1160 2389 essentiae,
1185 2327 1214 2377 et
1229 2322 1348 2394 aequalis
1362 2322 1463 2394 gloriae
1480 2324 1631 2390 colandus;
1649 2323 1737 2380 fidem
1751 2339 1820 2396 ergo
1838 2331 1866 2380 et

113 2403 350 2475 etintegritatem
366 2419 460 2458 meam
481 2403 623 2470 scindere,
645 2403 751 2459 idcirco
771 2403 965 2459 lucidissimus
1018 2409 1153 2465 fiduciam
1167 2409 1278 2466 habebo
1293 2410 1323 2466 in
1340 2411 1473 2479 Domino,
1494 2416 1522 2467 et
1542 2427 1601 2468 non
1616 2411 1717 2468 delebo
1731 2412 1762 2468 in
1781 2417 1863 2468 eeter-

114 2493 255 2565 splendor
269 2493 390 2565 apparui
418 2491 448 2546 iu
478 2492 537 2547 lleo
561 2496 590 2547 et
615 2492 646 2546 in
664 2491 793 2547 homine.
817 2492 964 2547 Nuncau·
1017 2513 1205 2554 numnoman
1219 2498 1328 2570 ejusde
1342 2499 1426 2554 corda
1442 2515 1516 2556 meo,

116 2588 179 2637 tem
201 2581 269 2637 ceci
288 2586 317 2637 et
338 2581 456 2649 mortui,
482 2581 635 2652 lupanaria
656 2586 685 2634 at
701 2580 865 2638 meretrices
879 2586 965 2652 atque
1054 2587 1136 2642 Sexta
1155 2591 1251 2642 autern
1291 2585 1387 2642 tunica
1419 2589 1518 2660 pallidi
1547 2588 1652 2644 coloris
1680 2589 1863 2648 induebatur.

115 2671 239 2726 incestas
263 2671 411 2741 appellent
440 2670 600 2741 aeqnivoeas
627 2685 714 2724 meas.
746 2669 801 2724 Sed
825 2674 964 2741 quantum
1019 2676 1051 2731 llt
1078 2691 1147 2730 crux
1174 2675 1316 2746 passionis
1349 2675 1475 2732 crucifixi
1500 2676 1565 2732 Filii
1584 2677 1634 2732 llei
1659 2684 1725 2732 ante
1755 2693 1820 2734 eam
1835 2680 1864 2736 iu

113 2758 292 2831 impossibile
308 2759 450 2813 estlutum
466 2758 633 2828 contingere
650 2759 764 2827 caelum,
780 2763 893 2813 tautum
908 2757 964 2812 im·
1019 2779 1084 2820 aare
1099 2764 1251 2836 apparuit:
1268 2763 1305 2819 ad
1329 2779 1417 2834 quum
1441 2763 1504 2836 ipsa
1522 2764 1618 2821 oculos
1641 2769 1669 2820 et
1683 2782 1787 2822 manus
1799 2784 1864 2824 cum

112 2847 252 2919 possibile
295 2852 337 2901 est
358 2847 433 2903 hanc
455 2845 620 2918 spurcitiem
648 2850 765 2918 tangere
787 2848 963 2902 voluntatem
1018 2851 1110 2906 multu
1134 2849 1286 2907 devotione
1314 2851 1454 2923 erigebat,
1482 2851 1630 2924 dixitque:
1654 2853 1740 2924 Opis
1767 2855 1864 2923 Pater,

111 2952 221 2992 meam.
251 2937 364 2991 Pennas
383 2934 474 3007 igitur
502 2935 534 2989 iu
558 2935 623 2989 aliis
640 2935 794 2990 virtutihus
818 2935 889 2990 mihi
919 2934 960 2990 fa·
981 2945 1101 3013 eperce
1124 2939 1318 3012 peccantibus,
1350 2938 1399 3010 qui
1437 2956 1496 2996 non
1532 2941 1710 3013 dereliquisti
1742 2944 1864 3012 exsules,

112 3025 200 3092 ciam,
211 3040 277 3080 cum
288 3024 393 3096 quibus
408 3024 469 3078 lutee
484 3023 600 3078 inublia
613 3039 677 3095 quse
688 3022 800 3079 Lucifer
814 3039 866 3094 per
881 3039 962 3078 mun·
1017 3029 1067 3084 sed
1081 3028 1197 3084 elevasti
1220 3027 1250 3082 in
1275 3029 1411 3084 humeros
1426 3033 1497 3083 tuos.
1524 3029 1603 3085 Unde
1623 3028 1709 3086 etiam
1730 3032 1790 3102 jam
1806 3048 1865 3088 non

113 3115 184 3170 dum
201 3112 307 3184 sparsit
325 3111 469 3183 abjiciam.
486 3110 652 3177 Ovirtutes,
667 3109 718 3166 ubi
728 3115 769 3166 est
785 3111 917 3167 Lucifer?
932 3112 963 3166 ln
1017 3118 1146 3190 perimus
1157 3132 1238 3188 spem
1254 3117 1391 3172 habentes
1405 3117 1437 3173 in
1447 3123 1484 3172 te,

112 3203 229 3258 inferno
245 3206 298 3257 est.
321 3199 478 3271 Surgamus
493 3215 562 3270 ergo
580 3215 691 3268 omnes,
705 3199 743 3254 ed
758 3215 854 3254 veram
870 3200 964 3255 lucem
1053 3205 1107 3262 Sed
1122 3205 1243 3278 septima
1262 3205 1402 3261 lucidiore
1423 3209 1452 3260 at
1474 3206 1591 3277 puriore
1614 3207 1744 3279 crystallo
1766 3207 1865 3266 tunica

113 3289 355 3364 propinquantes,
373 3293 460 3361 atque
475 3288 651 3343 edificemus
676 3286 816 3342 maximas
829 3294 857 3342 et
870 3287 964 3342 fortis
1018 3293 1208 3361 induebatur,
1224 3309 1289 3364 quea
1309 3293 1348 3348 ita
1371 3291 1398 3346 iu
1429 3293 1552 3350 candore
1574 3293 1729 3366 relucebat,
1745 3300 1866 3369 utaque

112 3379 203 3435 simas
218 3377 357 3434 turresin
372 3376 546 3448 provinciis3
575 3381 609 3431 ut
627 3375 819 3432 cumvenerit
839 3376 964 3432 diesne·
1017 3381 1181 3454 resplendet
1208 3396 1275 3436 eum
1300 3381 1360 3438 sole
1384 3381 1576 3453 perfunditur.
1609 3384 1641 3438 Et
1668 3399 1756 3456 super
1781 3391 1865 3457 caput

113 3467 428 3538 sissimus,plurimum
442 3466 568 3522 fructum
583 3469 611 3520 et
625 3466 656 3520 in
671 3464 869 3537 spiritualibus
891 3466 964 3520 etin
1018 3469 1080 3541 aJ'us
1093 3467 1226 3540 expansis
1246 3468 1327 3540 quasi
1353 3468 1389 3524 ad
1412 3469 1568 3526 rolandum
1590 3470 1644 3526 alis
1666 3471 1800 3526 columba
1814 3477 1868 3528 sta·

114 3555 279 3612 carnalibus
298 3560 495 3628 apportemus.
512 3555 641 3626 Cumque
664 3553 814 3625 plenitudo
835 3553 964 3624 gentium
1017 3557 1077 3624 bat,
1099 3573 1181 3612 versa
1199 3557 1358 3612 secuudum
1376 3556 1479 3612 faciem
1496 3557 1582 3612 illius.
1610 3559 1753 3631 Apparuit
1769 3565 1864 3616 autem

114 3644 269 3713 introierit,
293 3649 362 3699 tunc
383 3648 410 3698 et
430 3659 483 3699 uos
501 3643 532 3698 in
555 3647 632 3698 terre
646 3647 676 3697 et
696 3642 727 3697 in
747 3643 818 3698 coelo
837 3641 964 3712 perttcie-
1018 3651 1045 3702 el
1060 3647 1141 3718 quasi
1154 3648 1295 3702 iuvenire
1309 3646 1399 3717 ipsius
1414 3645 1503 3701 veluti
1520 3646 1549 3701 in
1576 3647 1693 3716 speculo
1726 3648 1866 3704 candidis·

116 3749 191 3789 mus.
208 3732 230 3788 0
245 3732 411 3804 turpissime
432 3731 553 3799 Lucifer,
569 3730 639 3803 quid
654 3730 707 3786 tibi
736 3730 845 3802 profuit
864 3726 964 3800 repen·
1019 3736 1108 3791 simus
1124 3735 1237 3802 infans3
1257 3735 1339 3806 cujus
1361 3733 1447 3789 fronti
1464 3733 1634 3804 inscriptum
1650 3739 1711 3790 erat
1726 3735 1862 3792 iunocen-

114 3823 179 3877 tina
192 3820 339 3876 temeritas
353 3819 462 3874 tualln
474 3818 570 3890 primo
583 3819 966 3889 splendoretuo,cumcrea-
1018 3823 1067 3880 tia.
1089 3821 1215 3878 ilabebat
1236 3837 1351 3894 quoque
1377 3821 1407 3876 in
1430 3822 1530 3876 dextra
1550 3833 1637 3876 manu
1665 3823 1760 3893 regale
1784 3839 1867 3896 seep-

115 3917 163 3964 tus
183 3925 247 3963 esa
269 3910 338 3976 lieo,
364 3907 480 3962 voluisti
501 3922 548 3962 me
571 3905 741 3961 insaniendo
757 3909 785 3961 et
799 3905 964 3962 bacchando
1019 3915 1106 3976 trum,
1124 3909 1267 3964 sinistram
1291 3913 1386 3964 autem
1412 3908 1447 3964 ad
1462 3913 1562 3979 pectus
1580 3924 1663 3964 suum
1681 3917 1866 3981 apposuerat.

116 3998 284 4052 conculcare
314 3997 461 4052 etecoelo
489 3994 628 4066 dejicere3
644 3995 694 4050 sed
715 3999 748 4050 tu
774 3994 806 4050 iu
828 3994 962 4066 abyssum
1020 3999 1052 4054 Et
1077 3997 1204 4054 dicebat:
1232 3997 1290 4070 Ego
1313 3997 1481 4052 liberasum
1505 4001 1534 4051 et
1556 4013 1612 4052 non
1629 3996 1726 4068 ligata.
1745 3999 1865 4054 Purissi-

114 4086 255 4152 cecidisti,
279 4090 308 4140 et
332 4100 386 4155 ego
408 4085 438 4140 in
457 4085 529 4139 eoelo
553 4083 707 4157 permansi,
736 4088 836 4156 postea
852 4085 966 4139 descen·
1021 4103 1100 4142 mum
1126 4087 1232 4142 fontem
1262 4084 1444 4157 pertransiri,
1482 4084 1679 4141 dulcissimum
1704 4086 1812 4142 seilicet
1840 4093 1868 4143 et

115 4178 187 4231 dens
204 4174 241 4230 ad
262 4181 355 4230 terras
377 4175 407 4230 in
428 4174 575 4230 incarnato
600 4173 672 4228 litio
698 4173 759 4229 liei.
788 4174 823 4228 Et
842 4189 896 4244 per
919 4189 966 4229 me
1020 4175 1250 4252 amantissimum
1274 4173 1377 4230 lilium
1402 4173 1461 4229 llei.
1480 4174 1653 4230 Pertransiri
1678 4191 1754 4244 eum,
1771 4176 1868 4234 abeo·

114 4264 242 4334 perfecta
258 4268 302 4319 ast
316 4262 474 4318 multitudo
488 4261 619 4318 fidelium
643 4261 721 4316 mille
742 4261 827 4333 justis
841 4265 869 4316 et
884 4261 966 4317 benis
986 4261 1080 4336 flque
1108 4263 1190 4318 exivi.
1228 4262 1472 4334 superbissimum
1507 4267 1603 4318 eutem
1634 4263 1778 4320 diabolum
1802 4282 1868 4322 cou-

115 4353 227 4410 urtibus
237 4357 415 4408 armatorum
426 4373 435 4420 ;
447 4367 519 4423 quas
533 4351 614 4423 ipsis,
631 4350 655 4405 si
670 4367 778 4423 posses,
793 4349 964 4421 jamdudum
1020 4350 1101 4407 culco
1123 4367 1182 4406 non
1203 4351 1405 4422 praevalentem
1416 4351 1569 4424 ligareme.
1584 4351 1649 4423 lpse
1672 4353 1811 4409 abscissus
1826 4361 1869 4410 est

115 4440 303 4498 libentissime
324 4440 500 4512 diripuisses.
522 4439 544 4496 0
563 4439 709 4495 humilitas
733 4454 797 4511 que
812 4438 895 4509 quasi
908 4444 966 4493 ter-
1021 4454 1110 4506 ame,
1135 4439 1203 4510 quia
1224 4455 1337 4511 semper
1356 4454 1459 4494 maneo
1475 4439 1505 4494 in
1516 4455 1640 4512 superno
1654 4442 1749 4497 Patre.
1763 4441 1816 4498 Sed
1836 4442 1867 4498 in

116 4546 179 4586 ram
199 4529 321 4585 calcatos
352 4534 380 4584 et
408 4528 547 4584 contritos
577 4527 723 4599 usquead
745 4527 964 4582 sideraelevas:
1021 4527 1185 4582 summitate
1198 4527 1323 4598 praefatae
1347 4526 1526 4583 obumbrata
1543 4528 1684 4583 columne
1704 4529 1762 4584 vidi
1782 4529 1866 4584 aliam

117 4618 298 4674 chumilitas
313 4634 378 4689 que
403 4633 432 4671 es
458 4616 667 4689 gloriosissima
693 4615 795 4688 regina
813 4615 966 4682 virtutum,
1021 4616 1245 4688 pulcherrimam
1272 4614 1445 4687 imaginem,
1470 4616 1550 4672 nudo
1574 4615 1666 4688 capite
1693 4621 1868 4684 stantem,et

116 4722 205 4780 quam
229 4705 301 4760 forte
323 4704 504 4760 eiiurictum
526 4720 556 4759 es
579 4705 636 4759 tuis
655 4703 763 4775 ubique
786 4703 965 4774 presidium,
1021 4704 1130 4775 crispos
1147 4721 1178 4758 ac
1200 4703 1352 4775 subnigros
1379 4703 1497 4776 capillos
1517 4703 1682 4772 habentem,
1707 4704 1868 4776 faciemque

116 4793 392 4865 nulloradcntequi
408 4810 482 4865 pure
502 4793 587 4849 corde
613 4791 708 4865 diligit
730 4797 769 4858 te,
784 4791 859 4848 sicut
871 4796 901 4847 et
914 4807 968 4864 ego
1021 4791 1133 4847 virilem
1148 4795 1233 4846 tantae
1262 4791 1388 4847 ardentis
1416 4791 1562 4860 claritatis,
1587 4796 1619 4846 ut
1638 4808 1703 4848 eam
1718 4791 1867 4864 perspicue

117 4891 215 4940 tecum
238 4883 318 4938 valde
341 4882 421 4938 utilis
441 4881 626 4954 multumque
649 4881 816 4953 exoptabilis
838 4880 967 4936 defensio
1021 4880 1201 4936 considerare
1228 4895 1287 4934 uon
1314 4885 1498 4951 possem„ut
1522 4878 1624 4935 faciem
1639 4879 1775 4936 hominis.
1800 4881 1869 4937 Erat

118 4971 192 5028 meis
219 4987 294 5040 sum,
319 4971 389 5044 quia
411 4972 493 5028 valde
517 4971 630 5042 gracilis
658 4975 686 5026 et
709 4970 822 5026 subtilis
844 4969 968 5024 existens
1022 4984 1135 5040 quoque
1162 4967 1300 5041 purpurei
1317 4972 1344 5022 et
1359 4967 1490 5041 subnigri
1516 4969 1620 5024 coloris
1638 4969 1735 5024 tunica
1749 4969 1866 5036 iuduta;

116 5061 288 5136 parvissima
316 5060 460 5117 foramina
488 5076 535 5117 me
550 5061 707 5116 colentium
728 5057 858 5132 exquiro,
884 5063 913 5113 et
934 5075 968 5114 ea
1020 5057 1067 5113 cui
1093 5072 1179 5128 super
1207 5059 1362 5129 utrumque
1394 5056 1547 5114 humerum
1574 5057 1702 5129 ejusdem
1733 5057 1868 5130 imaginis

117 5150 283 5206 acritissime
299 5154 478 5222 pertranseo.
1021 5159 1091 5202 zoua
1119 5161 1177 5200 una
1206 5146 1308 5200 coloris
1336 5145 1489 5202 rubicundi
1516 5147 1601 5216 croci,
1637 5152 1704 5202 ante
1739 5151 1768 5203 et
1789 5153 1867 5204 retro

152 5239 277 5296 Tertiam
292 5244 390 5296 autem
404 5237 561 5310 imaginem
572 5236 629 5292 ridi
645 5235 676 5291 in
700 5235 800 5292 eodem
823 5235 967 5291 schemate
1020 5234 1169 5306 usquead
1192 5234 1360 5305 podesejus
1389 5251 1419 5289 se
1447 5236 1604 5291 extendens
1628 5235 1737 5292 intexta
1761 5235 1867 5292 fuerat.
1912 5267 1917 5274 ,

117 5333 150 5383 ut
163 5327 194 5383 iu
208 5325 300 5398 priori
314 5326 423 5382 ebione
437 5341 501 5381 eam
520 5323 663 5392 videram,
680 5322 796 5395 majoris
813 5322 926 5390 ‚cilicet
940 5328 969 5378 et
1021 5322 1146 5378 ilabebat
1160 5327 1255 5379 autem
1270 5322 1345 5378 circa
1359 5322 1465 5377 collum
1492 5322 1652 5395 episcopale
1666 5323 1799 5395 pallium,
1815 5323 1868 5380 mi-

114 5415 257 5490 longioris
287 5419 403 5474 staturae
422 5429 511 5488 quem
537 5417 654 5470 caeteras
681 5412 810 5481 virtutes,
839 5409 967 5467 dissimi-
1021 5410 1104 5467 rabili
1119 5409 1204 5468 medo
1228 5428 1298 5467 auro
1320 5414 1349 5466 et
1369 5410 1586 5484 pretiosissimis
1600 5411 1724 5484 gemmis
1744 5414 1867 5471 adorna·

114 5505 344 5579 lemqueforme
367 5506 501 5561 humanae
518 5508 546 5558 et
560 5503 702 5576 plurimos
721 5501 819 5558 oculos
837 5500 967 5574 undique
1021 5504 1093 5558 tum.
1122 5499 1262 5572 Splendor
1285 5514 1352 5555 vero
1379 5499 1601 5558 candidissimus
1615 5501 1655 5558 ita
1671 5517 1736 5560 eum
1761 5501 1869 5576 ubique
