3984 6034
7 272 10 283 .
73 204 124 258 ,ιιι
731 201 990 258 servus-un.
1012 199 1220 270 u,v1srov1.
1773 201 1824 253 ιιι

8 394 9 397 ¹
73 341 132 398 tur,
150 335 231 389 salut
246 333 294 387 ille
309 332 361 404 qui
384 338 451 387 aute
472 331 637 404 legitimum
658 337 784 403 tempus,
799 334 844 387 vel
857 332 921 388 sine
938 331 1051 396 ,asiriti
1065 329 1166 387 babitu
1179 329 1277 386 vestiri
1292 346 1350 386 uon
1371 330 1472 386 debet:
1498 331 1566 386 ideo
1585 329 1671 388 etiam
1698 332 1734 388 ad
1758 335 1823 390 otti-

8 420 9 425 ’
71 421 205 494 legitima
237 419 458 492 desponsatione
490 421 625 475 fornicari
657 436 716 475 nou
746 422 840 487 timet,
878 419 922 475 vet
975 421 1052 475 cium
1068 417 1236 475 altarismei
1256 435 1315 474 nou
1345 419 1474 486 accedct;
1495 419 1564 490 quia
1587 420 1698 476 viritem
1725 436 1824 492 pereu-

70 511 235 581 legitimam
251 509 503 576 uxorambabeus,
525 509 699 580 sepulluerc
715 525 781 564 eum
802 509 866 563 aliis
890 509 922 564 in
976 524 1043 564 uam
1070 524 1122 563 nec
1154 508 1184 562 iu
1220 507 1331 580 capillis
1353 523 1406 563 nec
1441 507 1471 562 ιιι
1498 509 1600 562 vestitu
1628 525 1680 564 suo
1704 509 1823 565 demun·

73 599 220 654 adulterio
248 597 373 653 resonat.
396 599 450 654 Sed
475 604 503 653 ct
525 599 560 653 de
578 599 658 653 omni
677 601 785 670 populo
806 597 858 670 qui
878 603 923 653 est
975 596 1087 651 strabit.

71 689 104 743 ιιι
131 687 294 745 Christiano
321 688 441 742 nomine
463 687 623 743 sacerdotes
652 687 789 758 sapientis
811 686 923 756 ingenii
1011 684 1065 752 Qui
1092 688 1188 739 autem
1215 682 1252 738 ad
1276 684 1364 738 attare
1391 698 1487 738 meum
1515 683 1716 753 accedentia
1735 687 1819 742 casti-

73 779 102 829 et
127 775 218 830 virilis
239 775 330 830 animi
354 776 481 846 eligendi
503 788 585 831 sunt:
610 775 651 831 ita
674 781 770 831 tamen
792 781 823 830 ut
844 781 922 830 recto
974 777 1034 828 tate
1060 773 1091 828 ιιι
1116 777 1270 843 conspectu
1298 785 1363 826 meo
1390 777 1556 842 appareant.
1584 773 1617 826 Et
1642 787 1701 827 uon
1728 774 1822 830 sotum

74 862 187 929 ordine,
210 867 240 917 et
258 862 336 934 justa
366 864 501 918 unctione
530 869 618 936 atque
638 863 800 919 voluntario
824 863 922 920 animo
974 859 1036 915 isti:
1058 859 1109 915 sed
1140 865 1169 914 et
1190 859 1287 914 ceteri
1314 857 1364 930 qui
1394 862 1606 929 sacramentum
1628 861 1758 931 corporis
1795 867 1824 916 et

73 951 111 1006 ad
129 951 300 1006 servitutem
322 966 416 1006 meam
443 952 568 1007 veniant.
594 953 761 1007 lloctameu
784 968 919 1007 essenon
975 946 1123 1019 sanguinis
1156 947 1219 1002 Filii
1249 946 1304 1002 mei
1342 946 1488 1018 percipere
1528 947 1700 1017 desiderant,
1732 965 1768 1006 ue
1792 967 1822 1004 se

74 1039 162 1095 debet
177 1045 209 1096 ut
221 1040 243 1096 ii
258 1041 293 1096 ad
308 1039 436 1096 alliciam
460 1040 557 1096 attaris
573 1041 629 1096 mai
654 1041 800 1108 accedant,
818 1040 869 1113 qui
891 1040 922 1095 ιιι
974 1037 1051 1109 ipsos
1065 1037 1096 1092 in
1110 1051 1208 1091 casum
1231 1035 1324 1090 ruinae
1345 1035 1469 1090 mittant.
1494 1035 1548 1092 Sed
1572 1037 1655 1092 multi
1670 1043 1728 1093 ιιιιι
1744 1039 1821 1094 iuter

72 1129 173 1202 aliquo
197 1129 393 1185 membrorum
414 1145 533 1185 suorum
567 1129 715 1185 debilitata
745 1130 921 1193 claudicaut3
974 1125 1139 1197 spirituales
1167 1139 1253 1197 quarn
1279 1125 1354 1180 iuter
1380 1125 1530 1180 saculares
1555 1125 1743 1182 inveniuntur
1771 1129 1822 1200 qui

72 1219 143 1290 quia
167 1234 219 1273 nec
249 1220 336 1274 etiam
367 1218 397 1273 in
425 1233 516 1290 reguo
553 1219 691 1274 caetorum
724 1219 783 1273 ulla
809 1217 923 1273 macula
976 1231 1006 1269 se
1034 1229 1091 1269 ιιοιι
1125 1214 1219 1270 solum
1238 1211 1427 1268 fornicatione
1438 1211 1593 1268 mulierum
1612 1215 1754 1285 polluunt,
1771 1217 1819 1272 scd

71 1306 255 1362 diversorum
269 1307 423 1362 vulnerum
437 1307 467 1361 iu
482 1305 635 1362 animabus
655 1306 807 1362 bominum
834 1323 921 1378 appe·
975 1301 1062 1356 etiam
1095 1300 1125 1355 in
1159 1299 1363 1355 contrarietate
1398 1299 1594 1356 fornicatiouis
1623 1317 1652 1356 se
1680 1304 1821 1359 contumi-

69 1395 158 1450 rebit.
183 1395 218 1451 Et
241 1395 309 1450 ideo
337 1396 405 1450 nolu
439 1400 470 1450 ut
499 1394 584 1450 altari
614 1411 681 1452 meo
711 1394 846 1450 assistant
872 1395 921 1468 qui
975 1396 1087 1458 nantes,
1109 1390 1315 1461 gravissimum
1337 1403 1409 1444 onus
1427 1387 1549 1444 districti
1570 1389 1672 1460 judicii
1701 1391 1754 1448 sbi
1770 1392 1840 1449 im-.

70 1485 172 1556 aliquo
198 1483 394 1540 membrorum
428 1500 549 1539 snorum
589 1483 720 1539 destituti
753 1489 830 1539 suut.
866 1482 922 1539 Sed
974 1484 1098 1550 ponunt·
1128 1477 1297 1543 0¹¹⁰m⁰d0'!
1337 1475 1385 1532 Vis*
1417 1478 1468 1549 qui
1505 1479 1665 1534 Secundum
1703 1481 1820 1536 modum

70 1572 205 1646 quamvis
221 1571 275 1644 ipsi
288 1572 318 1627 in
338 1571 506 1643 corporibus
521 1571 580 1628 suis
603 1571 712 1628 debiles
734 1573 808 1628 siut:
825 1577 922 1628 tamen
975 1565 1178 1622 seminecum
1209 1567 1265 1621 alio
1302 1565 1363 1620 viro
1395 1567 1564 1638 peccaverit.
1593 1583 1690 1622 amare
1721 1577 1821 1626 contra

70 1677 125 1734 pro
149 1661 203 1717 bac
226 1661 412 1717 destitutione
435 1661 632 1717 membrorum
654 1677 774 1716 suorum
793 1678 810 1715 a
832 1674 921 1733 reguo
940 1635 960 1690 Β
977 1656 1066 1710 baum
1089 1659 1197 1727 peccat,
1221 1660 1249 1710 et
1271 1660 1370 1710 contra
1392 1653 1625 1725 conjunctionem
1654 1656 1733 1712 iilam
1762 1674 1821 1731 qua

70 1752 211 1805 ciclorum
241 1765 301 1820 non
330 1749 550 1820 separabuntur,
583 1749 608 1803 si
638 1755 735 1805 ιιιιιιιι
769 1749 920 1805 ιιιιιιιιιιιι
974 1745 1050 1800 Deus
1066 1746 1225 1800 masculum
1250 1748 1280 1798 et
1305 1741 1443 1798 laminam
1464 1743 1819 1815 conjunxitUudeeliam

71 1838 237 1894 animarum
266 1851 384 1894 suarum
412 1837 548 1907 habeant,
564 1838 605 1892 ita
627 1837 652 1892 si
673 1838 703 1893 iu
721 1838 847 1910 puritate
870 1837 921 1893 bo·
973 1833 1060 1887 ambo
1088 1847 1184 1887 coram
1212 1832 1270 1886 Deo
1289 1833 1402 1904 polluti,
1431 1832 1519 1902 nigri,
1551 1837 1637 1903 alque
1661 1831 1817 1899 luxurioai;

71 1941 179 1981 uorum
201 1942 323 1997 operum
346 1942 392 1982 rue
426 1932 576 1998 quaeruut3
600 1927 668 1982 uoto
694 1932 790 1981 tamen
814 1930 846 1980 ιιι
870 1925 921 1981 mi·
975 1921 1128 1976 horribiles
1167 1937 1199 1975 ac
1227 1920 1339 1975 molesti
1369 1919 1429 1976 Deo
1453 1926 1482 1974 et
1513 1919 1690 1988 bominibus,
1717 1923 1746 1975 et
1779 1920 1822 1975 rei

72 2015 192 2070 nisterio
221 2014 320 2069 altaris
351 2015 409 2070 mei
442 2016 610 2085 fungentur,
636 2014 684 2069 scd
709 2020 741 2069 ut
765 2013 920 2070 efficaciam
975 2010 1077 2065 mortis
1104 2015 1260 2082 apparent;
1291 2008 1360 2081 quia
1397 2017 1497 2063 corrtra
1527 2009 1689 2065 Creatorem
1725 2025 1819 2073 suum,

70 2104 216 2158 bonorum
242 2119 364 2175 operum
395 2102 543 2158 humiliter
566 2107 731 2175 operentur.
761 2103 806 2159 Sic
834 2102 921 2158 etiam
974 2097 1261 2170 creaturamquaeiu
1288 2100 1357 2169 ipsis
1382 2103 1426 2152 est
1452 2097 1620 2153 destituunt.
1646 2097 1820 2162 Quomodo?

70 2209 124 2246 nec
146 2191 261 2247 lemine.²
291 2193 324 2247 ad
348 2191 426 2246 idem
457 2191 584 2247 cilicium
610 2192 708 2246 atteris
736 2191 791 2246 mei
816 2192 922 2247 debent
974 2189 1048 2243 Deus
1078 2188 1171 2242 virum
1203 2192 1232 2242 et
1259 2185 1395 2242 lemiuem
1436 2185 1598 2256 conjunxit,
1622 2186 1729 2242 scilicet
1768 2187 1821 2241 boc

70 2279 219 2342 accedere.
243 2279 381 2352 quoniam
405 2280 475 2351 ipsae
500 2279 650 2335 infirmum
672 2284 700 2334 et
723 2280 818 2335 debile
835 2279 920 2335 babi-
974 2277 1052 2349 quod
1074 2275 1148 2331 forta
1177 2281 1205 2331 et
1231 2275 1383 2331 infirmum
1414 2281 1476 2330 erat
1499 2275 1585 2330 simul
1611 2274 1766 2347 copularit,
1790 2279 1822 2330 ut

67 2369 199 2423 taculum
219 2375 296 2437 sunt,
323 2367 358 2423 ad
383 2369 438 2423 boc
459 2369 560 2439 posita
587 2373 617 2424 ut
649 2369 725 2423 tilios
744 2369 869 2440 pariant,
894 2380 922 2424 ιι
974 2365 1098 2419 alterum
1125 2363 1161 2420 ab
1188 2365 1277 2418 altero
1306 2367 1521 2420 sustentaretur.
1551 2363 1605 2420 Sed
1638 2363 1686 2418 isti
1715 2368 1823 2419 contra·

67 2473 118 2510 eos
150 2457 295 2529 parientes
327 2455 480 2529 diligenter
514 2455 671 2511 enutriant.
709 2457 763 2512 Sed
803 2456 920 2524 femina,
974 2455 1050 2508 rium
1065 2453 1199 2520 adulteri,
1227 2469 1292 2508 cum
1321 2453 1432 2506 virilem
1460 2451 1658 2508 tortitudinem
1687 2468 1768 2508 suam
1791 2452 1822 2508 in

68 2559 130 2599 nun
147 2561 198 2616 per
213 2545 409 2618 semetipsam,
423 2546 472 2600 sed
498 2544 765 2600 derirointantem
786 2544 921 2616 concipit,
975 2541 1126 2598 rnotlitiem
1153 2541 1362 2596 contrarietatis
1389 2542 1576 2609 transferunt,
1605 2548 1710 2596 recum
1741 2541 1822 2596 iusti·

69 2633 213 2690 sieutuec
234 2639 312 2689 terra
334 2634 600 2706 persemetipsum,
631 2634 682 2689 sed
700 2633 921 2706 peragricotam
975 2633 1117 2688 tutionem
1133 2632 1265 2686 mariset
1292 2630 1406 2686 lemine
1422 2629 1600 2701 abjicientes,
1630 2630 1765 2686 Satauam
1792 2629 1856 2686 in.

69 2731 179 2778 aratur.
204 2723 384 2794 Quapropter
400 2730 431 2778 ut
453 2729 532 2777 terra
552 2723 736 2794 semetipsam
757 2738 838 2777 arare
863 2738 921 2777 nou
974 2721 1160 2793 peruersitate
1210 2734 1262 2776 sua
1299 2717 1464 2790 turpissime
1509 2717 1736 2790 subsequuntur,
1771 2720 1822 2790 qui

69 2817 177 2883 potest,
210 2813 251 2866 ite
294 2827 346 2866 uec
376 2811 483 2866 femina
509 2809 539 2865 iu
573 2809 667 2865 allicio
698 2811 922 2866 consecrationis
974 2810 1057 2865 illurn
1081 2807 1133 2881 qui
1161 2808 1327 2863 individuus
1358 2811 1400 2861 ost
1427 2807 1556 2862 scindere
1583 2811 1612 2861 et
1639 2807 1765 2864 dividere
1789 2807 1820 2862 in

70 2899 203 2971 eorporis
225 2904 255 2954 et
286 2899 435 2970 sauguinis
466 2898 529 2954 Filii
558 2898 615 2953 mei
639 2899 779 2954 sacerdoli
805 2915 918 2970 compa·
939 2898 1296 2988 Csuperbiasuavolunt.
1326 2895 1396 2950 Nam
1422 2894 1476 2968 ipsi
1503 2896 1629 2950 alienum
1659 2900 1688 2950 ct
1706 2901 1820 2951 cunua-

70 2990 163 3044 rauda
184 2993 237 3056 est,
256 2987 387 3061 quamvis
417 2987 448 3042 ιιι
473 2986 557 3041 Ιιιιιιι
580 2987 720 3041 creatoris
741 2987 786 3041 sui
815 3001 920 3042 sonare
975 2989 1051 3043 rium
1076 2985 1251 3043 adulterium
1273 2985 1305 3040 in
1330 2984 1472 3058 perversis
1498 2983 1608 3040 artibus
1634 2983 1694 3039 suis
1723 2984 1754 3038 ιιι
1775 3000 1820 3040 se·

69 3074 171 3146 possit,
197 3081 231 3130 ut
255 3081 285 3130 et
304 3079 381 3130 terra
407 3075 442 3129 ad
472 3074 669 3146 irrigationem
685 3073 831 3129 fructuum
850 3074 918 3146 plu·
976 3075 1105 3147 metipsis
1134 3075 1323 3142 constituunt,
1351 3078 1380 3128 et
1414 3072 1479 3127 ideo
1511 3072 1542 3127 iu
1570 3079 1721 3145 conspectu
1754 3089 1820 3130 meo

69 3164 148 3219 ιιιιιι
163 3163 290 3235 suscipit.
309 3163 342 3220 Et
355 3167 389 3219 ut
412 3169 489 3219 terra
512 3178 629 3220 omnem
652 3163 776 3218 fructum
800 3162 918 3235 profert,
974 3163 1077 3236 polluti
1092 3168 1121 3220 et
1144 3161 1342 3218 contumeliosi
1359 3165 1507 3233 apparent.
1536 3161 1590 3226 Qui
1606 3171 1701 3216 autem
1718 3162 1821 3218 eodem

69 3252 110 3306 ita
134 3241 275 3307 etiam'et
293 3251 326 3306 ιιι
347 3251 455 3330 femina
475 3251 569 3307 omnis
595 3251 705 3307 lructus
726 3251 797 3306 boni
824 3251 919 3322 operis
975 3254 1061 3308 modo
1092 3253 1121 3307 iu
1156 3252 1230 3306 banc
1259 3251 1404 3306 contraria
1446 3249 1633 3306 fornicatione
1661 3249 1821 3322 peccaverit

68 3341 229 3413 perficitur.
255 3340 427 3406 Quomodo?
450 3340 523 3406 Quia
549 3356 696 3396 summum
722 3341 918 3396 sacerdotem:
973 3359 1039 3398 curn
1064 3342 1195 3406 muliere,
1219 3339 1417 3395 voracissimus
1439 3339 1525 3410 lupus
1548 3339 1578 3394 in
1600 3337 1655 3393 ista
1677 3337 1820 3410 perversi-

68 3445 210 3502 spousum
238 3445 368 3500 accipere
404 3433 506 3500 potest.
545 3427 717 3494 Quomodo?
744 3429 832 3501 Virgo
869 3428 919 3483 de·
973 3434 1164 3485 tatesuaest.
1180 3427 1349 3494 Quomodo?
1374 3429 1445 3482 Nam
1471 3432 1504 3482 ut
1520 3427 1607 3482 bomo
1630 3426 1679 3480 ille
1707 3433 1819 3481 contra-

67 3527 207 3590 sponsata
241 3517 313 3573 Filio
340 3533 404 3573 meo
434 3533 572 3589 sponsum
604 3533 671 3572 eum
699 3517 818 3588 accipit:
847 3532 919 3588 quo-
973 3518 1034 3574 rius
1048 3523 1077 3574 et
1090 3517 1226 3574 molestus
1242 3520 1315 3572 esset
1337 3515 1515 3585 bominibus,
1540 3515 1591 3586 qui
1612 3513 1821 3586 pulcherrimas

68 3607 150 3661 niam
173 3621 278 3676 corpus
300 3621 386 3662 suum
407 3603 515 3659 cumali
540 3604 602 3660 siro
629 3604 780 3671 conclusit,
803 3609 832 3659 et
854 3603 919 3659 idco
974 3612 1002 3662 et
1030 3605 1233 3662 mundissimas
1260 3607 1359 3676 epulas
1386 3605 1496 3660 babens
1533 3618 1580 3657 eas
1616 3602 1761 3674 abjiceret,
1792 3607 1821 3658 ct

66 3697 97 3750 iu
124 3710 231 3766 sponsu
261 3709 326 3749 meo
349 3693 543 3749 sacerdotium
566 3699 596 3749 ct
620 3709 706 3748 omne
726 3692 919 3748 ministerium
973 3698 1081 3749 stercus
1109 3693 1186 3766 quud
1214 3693 1244 3748 iu
1268 3693 1416 3765 egestione
1446 3689 1573 3746 bominis
1597 3691 1744 3762 egreditur
1772 3707 1818 3746 cu·

66 3783 168 3840 altaris
183 3783 350 3850 maihabet,
376 3787 463 3854 etque
484 3798 585 3838 omnes
606 3781 722 3837 divitias
742 3782 834 3865 ipsius
851 3796 917 3836 eum
974 3782 1117 3838 mederet:
1135 3783 1174 3836 ita
1201 3781 1287 3837 adam
1312 3786 1340 3836 et
1359 3780 1405 3835 isti
1434 3779 1547 3850 indigni
1570 3783 1599 3834 ιι
1613 3779 1757 3833 immundi
1771 3794 1819 3833 co-

68 3889 103 3927 eo
119 3871 258 3944 possidet.
273 3869 329 3928 Sed
355 3877 385 3926 et
398 3871 483 3927 vidua
503 3870 633 3942 ejusdem
658 3869 721 3925 Filii
737 3870 794 3924 mei
814 3885 919 3942 sponsa
974 3888 1036 3927 ram
1051 3887 1097 3927 me
1126 3876 1210 3939 suut;
1228 3869 1367 3943 quoniam
1382 3875 1488 3924 rectam
1519 3867 1731 3922 institutionem
1748 3882 1820 3922 cou-
1908 3919 1913 3928 ,

69 3965 166 4034 potest
189 3959 339 4033 appellari,
364 3975 429 4032 quae
453 3960 597 4014 carnatem
616 3959 710 4014 virum
725 3975 850 4015 mausus
865 3957 918 4014 sub
970 3949 1128 4032 junctionis
1155 3961 1186 4015 iu
1203 3959 1321 4015 muliere
1350 3960 1496 4026 deserunt,
1512 3962 1541 4012 et
1572 3955 1695 4011 alienam
1711 3971 1819 4026 preera-

70 4053 130 4105 alas
152 4049 340 4120 protectionis
363 4053 425 4122 ejus
445 4049 529 4120 fugit.
549 4049 583 4102 iit
602 4054 918 4120 ntspousussponsam
973 4049 1142 4104 ricatiunem
1160 4048 1395 4120 iueaquarrunl.
1426 4046 1531 4102 Sedet
1553 4044 1660 4100 lemine
1689 4045 1820 4117 quesbus

70 4154 155 4194 suam
169 4138 252 4193 valde
275 4137 382 4209 diligit,
407 4139 447 4193 sic
469 4138 555 4193 etiarn
580 4136 668 4192 Filius
695 4152 776 4193 meus
800 4151 918 4208 sponsas
972 4135 1127 4194 diabolicas
1151 4123 1225 4192 artes
1251 4139 1326 4208 repit
1354 4134 1431 4207 quod
1458 4150 1488 4190 se
1517 4133 1593 4188 virili
1633 4133 1728 4189 officio
1753 4149 1819 4192 cum

70 4243 138 4283 suas
165 4226 332 4282 dulcissime
354 4226 545 4298 amplectitur,
580 4241 644 4298 quae
671 4225 706 4279 ad
730 4241 798 4280 eum
821 4240 920 4280 amore
938 4211 960 4266 D
975 4227 1065 4282 attera
1103 4225 1211 4281 lamina
1242 4223 1393 4296 conjugari
1442 4222 1568 4290 simulet,
1612 4221 1750 4277 vilissima
1789 4222 1819 4277 in

69 4315 209 4372 castitatis
232 4315 352 4371 sollicite
377 4320 507 4371 currunt.
528 4314 583 4371 Sed
607 4319 636 4369 ct
657 4313 738 4370 nullo
761 4313 848 4370 modo
877 4313 922 4368 ιιι
974 4319 1128 4386 conspectu
1147 4328 1211 4368 meo
1231 4319 1359 4385 apparet,
1376 4311 1462 4368 simul
1485 4318 1515 4367 et
1535 4311 1584 4366 illa
1614 4327 1679 4384 quae
1701 4327 1730 4366 se
1752 4311 1819 4368 huic

70 4405 199 4462 leminea
223 4404 326 4460 vestitu
350 4403 498 4468 induatur,
526 4420 580 4460 uec
608 4403 717 4459 femina
740 4403 795 4458 viri
818 4403 920 4458 habitu
974 4404 1004 4459 iu
1029 4409 1087 4459 tam
1118 4403 1325 4458 contumelioso
1359 4401 1485 4457 facinore
1510 4399 1634 4471 subjicit.
1652 4399 1726 4466 Quia
1749 4416 1815 4456 cum

71 4499 181 4562 utatur,
196 4495 298 4549 uthoc
313 4494 401 4549 modo
428 4499 552 4566 utraque
579 4509 703 4565 persona
725 4491 918 4548 discernatur:
974 4492 1174 4549 verecundiam
1200 4491 1235 4547 ad
1263 4491 1428 4564 passionem
1447 4505 1528 4544 suam
1548 4489 1656 4545 babere
1669 4489 1818 4557 deberent,

68 4584 178 4640 scilicet
200 4589 234 4638 ut
256 4583 301 4639 ιιι
325 4583 437 4639 virilem
463 4581 665 4640 tortitudinem
688 4581 719 4636 iu
744 4597 774 4636 sa
796 4580 919 4637 demon·
973 4581 1100 4636 alienum
1113 4578 1161 4652 jus
1189 4577 1244 4635 sibi
1269 4575 1413 4652 impudice
1435 4579 1657 4649 usurpaverunt.
1687 4576 1720 4632 Et
1748 4591 1819 4648 quo·

70 4677 152 4740 stret,
177 4675 207 4727 et
230 4676 262 4727 ut
283 4670 393 4726 femina
422 4671 575 4726 femineam
606 4669 806 4726 infirmitatem
836 4669 866 4725 iu
890 4685 921 4724 sa
974 4669 1052 4725 niam
1079 4668 1110 4724 in
1137 4673 1305 4724 extraneum
1334 4667 1452 4723 modum
1479 4681 1509 4722 se
1542 4668 1818 4733 transmutaverunt,

69 4761 213 4818 ostendat.
238 4759 380 4826 Quoniam
408 4759 462 4815 boc
483 4760 519 4814 ab
543 4758 628 4814 initio
662 4758 783 4814 humaui
806 4758 920 4828 pauens
974 4757 1079 4813 idcirco
1103 4755 1285 4830 transposita
1324 4761 1352 4812 et
1389 4754 1619 4827 contemptibiles
1642 4753 1714 4809 mibi
1741 4759 1819 4808 aaut.

68 4850 111 4907 ita
131 4850 163 4904 iu
193 4847 381 4921 dispositione
401 4863 466 4904 mea
490 4851 551 4903 est:
573 4845 630 4903 nisi
650 4851 699 4901 aut
725 4847 769 4901 vir
790 4847 822 4903 in
844 4844 921 4920 peri·
974 4845 1020 4901 illi
1034 4861 1150 4918 quoque
1171 4859 1264 4900 mares
1292 4845 1343 4918 qui
1371 4860 1438 4900 ιιιιιι
1465 4849 1543 4900 tactu
1562 4841 1829 4916 praepositurae.

69 4941 137 4996 culo
162 4938 272 5003 mortis,
300 4943 350 4992 aut
380 4936 491 4992 femina
513 4935 543 4991 iu
563 4935 692 5008 periculo
714 4933 851 4989 castitatis
873 4933 919 4989 sit.
975 4950 1043 4990 men
1069 4948 1153 4989 suum
1178 4934 1313 5003 adruunt,
1339 4949 1478 5006 maguum
1506 4947 1605 4988 casum
1633 4931 1736 4988 anirum
1761 4947 1821 4988 sum

70 5028 154 5083 Tunc
166 5026 189 5080 si
207 5023 244 5081 ad
259 5027 359 5081 boram
377 5026 457 5080 illam
477 5030 527 5080 aut
541 5024 584 5079 vir
602 5023 760 5078 secundum
771 5022 920 5091 laminam,
975 5025 1143 5096 imponunt:
1170 5023 1239 5096 quia
1265 5021 1298 5078 ιιι
1329 5023 1382 5078 bac
1410 5021 1611 5094 inquietudine
1644 5036 1674 5075 sa
1701 5020 1821 5076 omuino

71 5113 245 5171 autlemina
264 5115 422 5170 secuudum
442 5115 535 5170 sirum
559 5112 693 5168 vestitum
717 5127 800 5167 suum
822 5111 922 5166 bumi-
975 5111 1153 5178 concutiunt,
1169 5116 1197 5165 et
1226 5109 1290 5166 ideo
1319 5110 1397 5165 velut
1424 5107 1575 5164 immunda
1595 5105 1732 5161 animalia
1752 5123 1818 5178 qum

71 5205 139 5261 liter
153 5204 182 5258 in
209 5203 315 5259 timore
332 5203 432 5258 mortis
458 5201 645 5268 mutaverint,
668 5217 735 5256 eum
763 5199 923 5256 misericor·
976 5201 1084 5256 catulos
1107 5215 1174 5254 suos
1195 5198 1344 5266 devorant,
1368 5213 1465 5253 coram
1492 5213 1538 5252 me
1567 5201 1717 5268 apparent.
1745 5195 1820 5261 Quu-

73 5294 152 5349 diam
182 5308 277 5348 meam
317 5291 353 5348 de
380 5292 435 5347 hoe
472 5290 546 5346 tecto
584 5305 637 5344 suo
669 5288 837 5359 quesierint
859 5303 921 5343 eam
976 5287 1055 5341 niam
1071 5301 1168 5341 semen
1178 5301 1261 5342 suum
1276 5299 1411 5356 perverse
1424 5283 1610 5350 excutientes,
1621 5281 1691 5337 illud
1708 5282 1743 5337 ad
1757 5297 1823 5339 con·

72 5382 239 5450 invenisne
276 5381 345 5453 auia
373 5380 445 5437 illud
464 5395 522 5435 uuu
546 5379 577 5434 iu
607 5378 780 5449 temeritate,
814 5377 862 5432 sed
892 5377 924 5433 in
976 5373 1158 5430 tumelicsam
1174 5373 1365 5446 pollutionem
1383 5371 1539 5428 deducunt.
1559 5371 1634 5437 Quos
1657 5373 1686 5424 et
1708 5369 1824 5428 lemine

72 5470 203 5546 periculo
230 5469 331 5526 salutis
358 5485 418 5525 suae
437 5468 576 5532 lecerunt.
594 5467 627 5524 at
656 5465 795 5539 quoniam
816 5463 924 5522 lemine
977 5462 1124 5535 impudico
1140 5467 1217 5519 tactu
1231 5462 1387 5528 imitantes,
1408 5475 1473 5516 cum
1495 5459 1525 5516 in
1554 5459 1699 5517 incentivo
1723 5459 1826 5520 ardore
