3984 6034
164 180 213 237 tit
869 180 871 183 ’
903 181 931 235 8.
952 177 1188 235 ttttbttcnltttts
1861 181 1926 235 m

166 313 234 387 quia
254 328 354 368 cursus
375 315 538 383 temporum
564 310 680 366 illorum
707 311 838 366 homines
860 328 920 367 sue
943 328 1011 366 con·
1029 314 1053 367 Α
1068 316 1112 366 est
1124 311 1274 368 homicidii
1293 316 1321 368 at
1335 311 1531 368 fornicatiouis
1552 318 1581 369 et
1608 314 1746 370 similium
1767 315 1924 371 malornm

164 400 320 458 stitutionis
340 399 489 454 mordaces
515 397 641 464 habebit,
665 398 696 452 in
722 414 773 453 sua
804 399 921 469 quidem
936 399 1011 455 aesti-
1065 406 1185 472 operum
1205 400 1281 455 velut
1303 401 1407 456 ardens
1428 401 1550 457 scintilla
1575 409 1674 459 contra
1696 403 1780 458 illum
1804 404 1922 458 excita-

163 490 290 547 matione
306 489 383 544 vetut
401 488 477 560 iguis
492 491 674 558 apparentes,
689 488 738 542 ssd
757 486 796 552 ,in
821 487 935 558 justitia
958 487 1009 545 Dei
1063 492 1120 556 tur,
1142 488 1193 560 qui
1219 504 1334 560 semper
1358 489 1388 544 in
1408 489 1543 562 operibus
1570 490 1628 545 suis
1655 491 1804 547 mentitur.
1832 492 1920 556 Quo·

161 597 218 636 non
233 578 376 634 ardentes.
394 578 427 632 Et
449 592 507 630 una
522 580 554 630 nt
568 576 612 630 leo
640 575 710 631 tulvi
730 575 831 632 coloris
860 581 1008 648 est;qno-
1063 577 1167 632 modo?
1190 576 1325 640 Ouiaille
1349 577 1406 632 mel
1429 577 1575 646 nominat;
1593 579 1917 634 sedrenenumdevo-
1969 599 1970 628 t

159 668 239 723 niam
273 681 374 722 cursus
407 665 455 720 ille
488 664 641 720 belticosos
679 664 810 720 homines
842 665 1006 731 sustinebit,
1061 668 1106 718 rat
1120 667 1149 718 et
1166 663 1290 730 amicum
1304 667 1396 733 vocat,
1418 679 1505 736 quem
1520 665 1593 720 sicut
1613 664 1763 721 inimicum
1777 665 1919 722 suffocat.

34 762 43 776 ¹
157 756 249 812 multa
270 754 387 826 quidem
412 753 488 807 bella
517 757 670 818 moventes,
698 753 799 808 sedin
827 753 869 808 eis
890 754 1007 809 rectitu·
1062 751 1198 807 Videlicet
1228 767 1292 806 curn
1321 750 1415 806 dulcia
1442 751 1529 806 verba
1553 758 1672 820 sonant;
1703 755 1752 809 sed
1782 755 1862 810 intra
1886 769 1919 807 se

156 844 254 902 dinem
276 842 404 897 ticinen
432 840 626 913 inspicientes,
653 842 722 913 quia
751 842 782 897 in
807 843 885 899 tulvo
909 844 1006 898 colore
1060 840 1200 895 malitiam
1215 840 1333 907 habeut,
1348 844 1454 895 etcum
1472 840 1563 894 amico
1585 841 1690 897 blande
1706 843 1848 915 loquitur,
1863 842 1919 896 sed

156 931 310 1005 regnailla
336 931 477 1002 incipient
495 930 694 1001 fatigationem
723 931 881 989 debilitatis
909 933 1005 988 incur·
1059 929 1141 984 illum
1165 929 1195 984 in
1220 927 1334 984 insidiis
1366 928 1630 996 occidere2nititur.
1659 930 1713 986 Sed
1743 930 1793 1002 qui
1820 929 1919 985 habet

155 1036 227 1076 rere.
257 1019 321 1076 ,tlia
337 1025 435 1074 autem
456 1023 490 1074 ut
508 1035 600 1091 equus
617 1019 762 1089 pallidus3
789 1021 859 1092 quia
874 1024 1007 1094 tempora
1058 1018 1179 1090 virgam,
1194 1017 1314 1087 indigna
1341 1031 1445 1088 pecora
1468 1032 1485 1070 a
1508 1033 1538 1072 se
1561 1018 1624 1090 ipso
1652 1018 1755 1090 fugans
1774 1034 1807 1074 ex
1829 1023 1918 1072 recto

154 1106 347 1163 illahomines
375 1108 406 1162 in
430 1107 538 1162 diluvio
561 1109 668 1178 peccati
693 1109 812 1163 lascivos
834 1114 863 1164 et
886 1109 1006 1166 invelo·
1058 1105 1161 1161 itinere
1180 1105 1274 1160 cordis
1299 1105 1354 1174 sui,
1370 1105 1458 1160 habet
1481 1105 1567 1160 etiam
1593 1107 1669 1161 clara
1695 1106 1797 1161 itinera
1812 1121 1919 1161 coram

154 1197 239 1251 citato
261 1196 418 1267 voluptatis
442 1212 501 1252 sun
530 1195 728 1267 operationem
755 1198 1003 1254 bouarumrirtu-
1057 1195 1187 1265 fulgente
1203 1195 1271 1264 sote,
1295 1193 1605 1266 quoniamipseclara
1629 1195 1752 1250 scintille
1781 1201 1810 1251 et
1827 1196 1917 1251 clara

153 1290 216 1341 tum
231 1284 425 1357 transilientes
440 1284 609 1356 producent,
625 1285 674 1340 ubi
696 1290 765 1340 tnnc
779 1303 828 1341 cor
847 1302 1003 1358 regnorum
1057 1283 1105 1338 lux
1119 1283 1150 1338 in
1176 1284 1233 1339 Deo
1264 1283 1419 1337 suscitatur
1441 1281 1522 1355 quasi
1545 1283 1660 1355 fulgens
1686 1283 1798 1352 iacula3
1822 1289 1919 1354 atque

36 1381 41 1400 “
152 1374 269 1429 illorum
286 1373 316 1428 in
330 1375 441 1445 pallore
456 1373 615 1428 ruinresuae
640 1374 847 1446 confringetur,
864 1375 1001 1448 quoniam
1056 1371 1098 1426 ita
1123 1370 1286 1427 fortissimis
1317 1370 1540 1441 purissimisque
1566 1371 1702 1441 operibus
1727 1387 1757 1426 se
1782 1371 1917 1426 circum·
1969 1355 1970 1406 l

151 1462 287 1518 ruborem
306 1461 483 1518 tortitudinis
508 1479 567 1517 snae
581 1467 650 1516 tunc
671 1463 782 1534 perdet.
808 1464 862 1519 Sed
886 1465 952 1531 elia,
970 1468 1002 1519 ut
1056 1461 1161 1528 ferens,
1179 1458 1250 1530 ipsis
1269 1459 1389 1531 apponit
1413 1459 1517 1514 fortem
1536 1459 1654 1514 loricam
1677 1465 1705 1514 et
1733 1459 1917 1514 incidentem

152 1550 234 1622 niger
265 1567 383 1623 porcns;
417 1552 556 1623 quoniam
586 1565 685 1606 cursus
719 1551 768 1607 ille
799 1557 925 1608 rectores
942 1569 1002 1608 ma·
1020 1585 1044 1639 Α
1059 1548 1231 1620 gladium,a
1250 1565 1280 1602 se
1304 1549 1388 1604 etiarn
1411 1549 1640 1620 vitiaexpellens
1660 1549 1830 1605 et'virtutes
1857 1549 1916 1604 sibi

153 1655 240 1712 gnam
263 1639 443 1712 nigredinem
464 1638 589 1695 tristitia
603 1640 635 1695 in
662 1657 693 1696 se
712 1639 782 1713 ipsis
802 1641 937 1697 facientes
950 1641 1001 1696 ha·
1059 1636 1225 1693 conciliaus.

152 1729 210 1797 bet,
236 1734 267 1785 et
294 1745 325 1784 se
349 1731 410 1784 luto
432 1727 627 1784 immunditie
656 1728 846 1791 involventes,
872 1729 1005 1785 videlicet
1093 1729 1274 1798 Quapropter
1289 1725 1377 1782 etiam
1396 1726 1548 1782 inoriente
1561 1726 1698 1798 juvenem
1720 1726 1802 1781 illum
1819 1743 1911 1798 quern

76 1811 79 1816 ⁷
153 1816 281 1872 divinam
300 1818 395 1889 legem
415 1816 445 1871 iu
474 1817 574 1872 multis
602 1817 857 1872 contrarietatibus
878 1818 1003 1872 tornica—
1057 1815 1393 1887 priossuperauguluur
1408 1813 1620 1885 conjunctionis
1648 1813 1736 1870 lucidi
1752 1819 1781 1869 et
1800 1815 1913 1886 lapidei

154 1906 268 1961 tionum
291 1911 320 1961 et
336 1905 459 1960 aliarum
487 1903 626 1960 similium
650 1905 901 1961 abominationum
928 1911 1006 1977 post·
1058 1903 1134 1959 muri
1157 1903 1246 1974 ipsius
1274 1901 1388 1958 aedilicii
1416 1919 1562 1974 purpurea
1581 1903 1679 1958 tunica
1703 1902 1838 1958 indutum
1868 1904 1915 1957 vi-

155 1997 308 2065 poncntes,
333 2009 367 2048 ae
392 1993 484 2048 multa
516 1992 669 2048 schismata
697 1994 862 2049 divinorum
894 2011 1002 2066 praece-
1059 1993 1153 2058 deras,
1170 2008 1257 2064 super
1280 1992 1414 2047 eumdem
1442 1993 1582 2063 angulum
1601 1992 1710 2047 iterum·
1729 1992 1815 2060 rides,
1839 1993 1913 2062 qnia

156 2088 273 2154 plorum
289 2082 319 2136 in
334 2080 483 2136 sanctitate
498 2081 706 2136 machinantes.
1060 2079 1156 2135 oriens
1187 2079 1308 2152 justitie
1342 2079 1429 2134 Filius
1456 2079 1581 2147 homnis,
1609 2079 1767 2151 presidens
1797 2080 1915 2135 tortitu-

193 2170 256 2224 Alia
275 2185 341 2223 vero
356 2168 487 2238 ntlupus
504 2169 628 2239 griseus;
645 2169 714 2241 qnia
742 2169 792 2226 illa
814 2175 944 2243 tempora
959 2173 1008 2228 ba·
1060 2168 1121 2224 diui
1136 2167 1346 2240 conjunctionis
1368 2166 1553 2238 speculativae
1579 2168 1707 2222 scientiae
1730 2173 1759 2222 et
1780 2169 1913 2224 hnmano

158 2257 412 2314 bebunthomines
427 2257 531 2311 multas
552 2256 667 2328 rapinas
683 2263 742 2314 tam
765 2257 794 2313 in
817 2261 1008 2330 potestatibus
1061 2258 1141 2329 operi
1161 2258 1192 2313 iu
1223 2258 1348 2313 bonitate
1377 2256 1469 2314 Patris
1495 2272 1610 2313 sursum
1640 2255 1811 2324 aedificante,
1845 2272 1912 2311 cnm

161 2361 249 2420 quam
272 2344 302 2399 in
321 2344 440 2417 reliquis
460 2344 637 2400 successibus
663 2345 718 2400 sibi
736 2344 806 2417 ipsis
819 2353 1008 2419 congerentes
1061 2347 1121 2418 ipse
1136 2345 1223 2402 Filius
1239 2345 1364 2402 hominis
1386 2345 1416 2400 in
1438 2345 1585 2400 voluntate
1604 2345 1697 2400 Patris
1721 2345 1766 2400 sui
1789 2345 1909 2416 sangui·
1969 2353 1970 2390 ἲ

162 2450 228 2490 cum
255 2434 287 2489 iu
319 2432 364 2487 bis
392 2433 606 2501 certaminibus,
629 2450 682 2490 nec
714 2433 812 2506 nigros
837 2452 891 2491 nec
916 2438 1008 2505 albos,
1061 2452 1128 2491 uem
1143 2451 1227 2491 snum
1241 2451 1294 2506 pro
1309 2435 1401 2489 salute
1416 2433 1518 2489 mundi
1529 2433 1604 2488 indit
1626 2437 1669 2501 (ut
1693 2432 1746 2489 tibi
1766 2441 1912 2488 monstra-

163 2523 214 2578 ssd
230 2521 308 2576 reiut
329 2521 439 2592 griseos
460 2521 490 2575 in
512 2521 644 2577 versutiis
664 2522 723 2577 suis
747 2539 778 2578 se
801 2525 1006 2582 ostendentes:
1061 2523 1184 2594 tumest)
1200 2523 1241 2578 ibi
1263 2522 1324 2595 ipse
1345 2523 1431 2578 etism
1447 2523 1534 2578 modo
1559 2521 1661 2577 sedens
1685 2523 1714 2578 in
1730 2522 1832 2578 eadem
1848 2523 1912 2579 atti-
1969 2567 1970 2600 ἐ

163 2611 258 2682 capita
269 2625 428 2680 regnorum
452 2609 570 2664 illorum
588 2609 748 2666 dividentes
770 2610 916 2680 dejicient,
932 2629 1008 2684 qno·
1061 2612 1160 2668 tudine
1184 2611 1220 2667 ad
1242 2610 1490 2667 confirmationem
1516 2611 1642 2667 veritatis
1665 2610 1718 2665 tibi
1740 2611 1836 2666 denno
1862 2627 1915 2683 per
1969 2601 1970 2690 l

95 2703 99 2710 ’
164 2700 243 2754 niam
266 2701 335 2753 tunc
369 2697 465 2754 reniet
493 2702 607 2770 tempos
636 2699 806 2754 irretitionis
845 2701 1008 2756 animarum
1062 2699 1199 2774 mysteria
1231 2699 1438 2756 miraculorum
1476 2714 1593 2755 suorum
1635 2698 1845 2769 manifestatur,
1874 2699 1914 2754 sic
1969 2705 1970 2770 t

163 2787 331 2853 multarum,
353 2786 405 2843 ubi
422 2802 502 2842 error
523 2803 656 2843 errorum
677 2788 713 2843 ab
737 2788 849 2844 inieruo
867 2790 1009 2860 usquead
1062 2796 1160 2845 nmen
1177 2793 1207 2844 ut
1223 2804 1298 2844 nunc
1314 2789 1349 2842 ab
1361 2787 1496 2843 umbilico
1512 2789 1644 2844 deorsum
1671 2787 1723 2843 tibi
1753 2794 1911 2858 appareat;

163 2875 269 2932 ccelrrm
287 2874 430 2946 erigetur;
446 2875 486 2930 ita
509 2877 589 2947 quod
606 2876 660 2930 filii
683 2876 754 2931 lucis
780 2877 916 2933 torculari
930 2894 1007 2934 mar·
1027 2878 1200 2952 Cquoniam
1214 2895 1231 2934 a
1245 2876 1414 2934 tortitudine
1428 2875 1626 2932 membrorum
1648 2893 1766 2932 suorum
1790 2881 1913 2947 quaeest
1969 2933 1970 2956 ,

162 2963 304 3036 tyriorum
327 2979 445 3018 suorum
459 2964 654 3037 imponentur,
684 2965 788 3020 Filium
810 2965 860 3021 Dei
885 2982 1008 3022 nonne·
1063 2969 1222 3024 electorum
1250 2967 1322 3037 ejus,
1355 2965 1407 3022 ubi
1431 2967 1518 3021 modo
1537 2965 1597 3036 ipse
1622 2966 1750 3036 Sponsus
1778 2965 1913 3019 Ecclesiae
1969 3005 1970 3012 ι

163 3056 274 3123 gentes,
288 3051 440 3107 sediilium
456 3050 627 3125 perditionis
648 3053 814 3124 abjicientes
840 3053 890 3126 qui
909 3054 1008 3109 diabo·
1061 3055 1139 3127 viget
1156 3070 1248 3126 usque
1267 3053 1303 3110 ad
1324 3053 1549 3124 completionem
1573 3068 1673 3108 eorum
1701 3053 1792 3107 multu
1817 3047 1911 3108 admi·
1969 3115 1970 3124 ξ

161 3137 222 3195 licis
248 3139 357 3195 artibus
385 3139 548 3196 voluntates
573 3157 640 3196 snas
662 3141 801 3212 perlicere
824 3141 955 3196 tentabit.
975 3143 1010 3197 Et
1062 3143 1153 3200 rande
1174 3146 1204 3198 et
1228 3143 1348 3199 obscura
1376 3142 1457 3214 signa
1482 3141 1570 3208 rides,
1599 3141 1640 3196 ita
1668 3139 1803 3196 videlicet
1827 3145 1860 3196 nt
1876 3139 1910 3194 ab
1969 3133 1970 3142 ’

160 3227 207 3284 has
238 3227 336 3283 bestias
367 3243 398 3283 se
428 3227 465 3284 ad
500 3228 679 3285 occidentem
707 3234 833 3298 renunt,
869 3231 1009 3302 quoniam
1061 3231 1199 3288 umbilico
1216 3247 1309 3303 usque
1332 3229 1368 3286 ad
1386 3229 1480 3284 locum
1494 3229 1577 3285 illum
1594 3227 1643 3284 ubi
1664 3229 1707 3284 vir
1726 3228 1912 3297 discernitur,

160 3317 223 3373 hoec
239 3317 347 3372 caduca
368 3322 500 3390 tempora
532 3332 598 3372 cum
629 3317 775 3374 occidente
797 3319 858 3374 sole
883 3320 1007 3389 cadunt;
1062 3321 1145 3394 quasi
1164 3335 1268 3376 aurora
1292 3319 1418 3390 fulgeat3
1444 3317 1514 3390 quia
1533 3334 1551 3372 a
1573 3317 1750 3389 perfectione
1772 3317 1822 3372 illa
1845 3333 1911 3372 eum
1969 3387 1970 3394 ἵ

161 3405 230 3478 quia
244 3404 658 3476 sicutiltaoritnr,cloccidit,
673 3406 714 3461 ita
728 3407 816 3462 etiam
837 3406 1008 3463 tadnothu-
1059 3409 1121 3480 jnm
1154 3408 1249 3464 tidelia
1270 3405 1399 3462 membra
1424 3422 1477 3460 sua
1501 3405 1708 3478 perlectionem
1731 3404 1913 3461 tortitudinis
1969 3403 1970 3446 t

160 3492 389 3550 minescnmbic
403 3495 531 3550 nascitur
548 3499 654 3550 etcum
668 3495 717 3550 ille
731 3495 865 3551 moritur.
1060 3497 1171 3554 hubent
1193 3511 1285 3569 usque
1311 3496 1349 3550 ad
1376 3499 1492 3568 tempus
1518 3494 1568 3550 lilii
1593 3494 1776 3565 perditionis,
1805 3496 1857 3566 qni
1882 3510 1910 3549 se

196 3583 276 3638 Unde
299 3583 386 3638 etiam
406 3583 448 3638 ibi
471 3583 501 3638 in
529 3583 677 3639 occidente
701 3599 799 3638 coram
828 3583 927 3638 bestiis
950 3583 1008 3638 illis
1061 3587 1154 3642 riruru
1173 3585 1285 3640 virtutis
1305 3582 1536 3640 essesimulabit
1560 3583 1593 3638 in
1615 3582 1787 3639 rectitudine
1810 3599 1840 3636 se
1861 3583 1910 3638 de·

159 3671 370 3743 relutqnidam
382 3673 463 3728 collis
479 3671 608 3744 quinque
629 3673 724 3743 apices
746 3672 855 3727 habens
870 3676 1006 3742 apparet;
1061 3679 1126 3730 rote
1164 3673 1320 3728 colentium
1359 3672 1502 3743 fulgorem
1535 3671 1654 3742 justitiae
1692 3672 1908 3727 demonstrabit.

159 3759 228 3831 quia
249 3759 280 3814 in
301 3759 464 3814 carnalibus
496 3759 738 3831 concupiscentiis
765 3759 794 3814 in
818 3758 888 3830 ipsis
910 3775 1008 3814 excur-
1062 3761 1142 3818 Unde
1164 3768 1193 3816 et
1215 3761 1255 3816 ibi
1279 3760 1357 3816 velut
1379 3760 1441 3831 lyra
1465 3775 1531 3814 cum
1552 3759 1667 3814 chordis
1686 3760 1744 3814 suis
1762 3760 1793 3815 in
1817 3765 1910 3814 trans·

159 3848 239 3904 sibus
262 3847 400 3919 disposita
425 3851 564 3919 potestas,
588 3847 717 3919 quinque
738 3847 923 3902 altitudinum
942 3864 1009 3919 pro·
1061 3865 1174 3905 versum
1197 3851 1289 3921 jacet;
1320 3848 1397 3920 quod
1418 3853 1461 3903 est
1494 3849 1525 3903 ιιι
1544 3849 1743 3920 persecutione
1768 3848 1819 3903 illa
1854 3864 1910 3921 qus

159 3935 254 4009 palata
285 3936 455 4005 ostenditur,
485 3937 526 3990 ita
554 3940 586 3990 nt
614 3936 651 3991 ab
670 3952 720 3991 ore
744 3936 883 4006 cujusque
908 3935 1009 3991 bestiae
1061 3939 1138 3995 filins
1166 3937 1326 4010 iniquitatis
1355 3937 1461 3992 multos
1492 3936 1634 3992 cruciatus
1664 3937 1762 3992 electis
1794 3937 1906 3992 inierat.

159 4024 327 4080 funisunus
348 4023 384 4079 nd
407 4039 645 4096 unumquemque
672 4024 785 4095 apicem
817 4024 907 4096 ipsius
927 4024 1008 4080 collis
1062 4026 1200 4100 gandium
1223 4027 1401 4081 canticorum
1426 4041 1528 4080 eornm
1558 4025 1608 4098 qui
1628 4027 1691 4096 jam
1714 4031 1833 4098 propter
1848 4027 1909 4081 dira

160 4111 351 4180 extendatur;
374 4111 512 4183 quoniam
537 4113 572 4167 ab
591 4112 676 4168 initio
701 4113 818 4168 illorum
844 4119 1008 4184 temporum
1063 4119 1207 4171 tormenta
1233 4130 1297 4187 quoe
1322 4114 1353 4168 in
1379 4113 1550 4186 corporibus
1568 4113 1627 4168 suis
1647 4113 1907 4186 patiunturacor·
1969 4079 1970 4166 l

160 4206 243 4257 tenor
257 4201 428 4273 prolixitatis
437 4201 474 4257 ad
491 4217 638 4273 quamque
655 4201 838 4257 altitudinem
861 4201 1008 4274 dispositae
1027 4177 1209 4278 Dparatibus
1225 4202 1345 4258 nexibus
1364 4204 1524 4270 solvuntur,
1553 4203 1588 4258 ad
1612 4203 1743 4276 requiem
1758 4206 1908 4258 transeun-

159 4289 309 4361 potestatis
328 4290 521 4361 protenditur,
536 4306 637 4346 omues
658 4291 789 4363 subnigri
803 4291 908 4346 coloris
930 4307 1007 4362 prae·
1063 4300 1117 4349 tes.

159 4382 204 4434 ter
223 4377 322 4435 funem
335 4378 479 4452 illumqni
498 4379 534 4434 ab
560 4395 610 4435 ore
636 4379 699 4450 lupi
714 4379 898 4450 protenditur
912 4380 1009 4451 quiex
1096 4382 1152 4439 Sed
1176 4382 1212 4438 ab
1238 4380 1300 4454 ipso
1325 4381 1388 4438 loco
1409 4381 1551 4453 usquead
1579 4381 1670 4436 calcas
1685 4380 1804 4453 pedum,
1826 4381 1910 4438 idest
1969 4363 1970 4372 ¹

160 4470 242 4538 parte
254 4467 337 4540 niger
349 4471 378 4522 et
390 4483 425 4522 eu
438 4471 520 4539 parte
535 4466 618 4523 albus
629 4467 753 4538 videtur,
768 4467 837 4540 quia
853 4467 914 4523 iste
939 4484 1007 4540 pro·
1061 4470 1096 4526 ad
1128 4485 1292 4526 mensuram
1322 4468 1445 4524 duorum
1477 4467 1635 4540 digitorum
1670 4469 1909 4539 transpositorum

159 4553 283 4610 lixitates
306 4560 374 4611 sunt
404 4556 436 4612 in
465 4554 602 4612 ranetata
632 4556 821 4612 contumaciae
853 4557 1008 4628 voluptatis
1061 4558 1193 4631 superius
1208 4561 1378 4629 tangentem
1402 4556 1493 4612 talum
1510 4557 1573 4628 ejus
1588 4555 1741 4612 umbrosus
1763 4562 1826 4624 est;
1843 4572 1910 4629 quo-

159 4643 320 4700 hnminum.
347 4646 457 4700 Teucro
485 4644 536 4700 illo
567 4644 618 4717 qni
650 4645 681 4700 in
715 4645 870 4700 voracitate
898 4646 1008 4716 rapinae
1060 4643 1139 4699 niam
1155 4641 1382 4715 apersecutione
1396 4641 1448 4698 hac
1475 4656 1563 4713 quam
1577 4641 1705 4696 ssdelesa
1724 4639 1784 4696 ulto
1804 4639 1908 4696 diaboli

158 4732 271 4805 positus
291 4733 384 4789 estin
409 4738 490 4804 parta
518 4733 688 4806 nigredinis,
710 4736 814 4790 multas
839 4733 1006 4805 iniquitates
1060 4731 1170 4805 passuri
1193 4735 1270 4800 sunt,
1297 4746 1388 4803 usque
1409 4730 1444 4786 ad
1461 4729 1623 4786 doctrinam
1639 4729 1761 4786 ducrum
1780 4730 1906 4797 testium,

157 4822 358 4893 protendente,
383 4822 424 4876 ita
448 4826 545 4878 umen
569 4822 648 4895 qnod
669 4837 702 4876 ex
724 4822 785 4892 ipsa
804 4822 839 4877 ιιι
860 4821 891 4876 in
915 4823 1006 4878 multo
1061 4820 1167 4876 scilicet
1186 4819 1286 4875 Enoch
1309 4824 1337 4874 et
1356 4819 1424 4875 istie
1438 4824 1553 4875 terrena
1574 4818 1804 4890 despicientium,
1830 4817 1904 4874 etad

157 4910 280 4966 candore
308 4910 427 4982 justitie
456 4911 618 4983 procedunt
647 4910 697 4982 qui
720 4909 895 4966 terrentibus
921 4911 1007 4965 mira-
1060 4925 1185 4982 superna
1199 4908 1342 4965 desideria
1360 4908 1551 4964 laboressucs
1565 4907 1749 4980 ponentium,
1775 4907 1848 4963 tides
1862 4922 1903 4962 ec·

158 4998 230 5055 culis
254 4999 316 5055 iilic
343 4999 514 5072 perditionis
548 5005 581 5055 nt
602 4999 657 5071 ipsi
691 4997 827 5055 resistant
844 5004 1006 5070 occurrent,
1059 4997 1224 5054 clesiasticuc
1239 4995 1426 5052 institutionis
1439 4997 1516 5052 relat
1537 4995 1568 5052 in
1588 4995 1825 5068 dubiobabenda
1850 4999 1904 5051 est:

158 5088 405 5161 quamadmodum
419 5104 518 5143 serras
531 5104 612 5144 meus
629 5087 683 5143 lob
697 5088 732 5142 de
747 5087 825 5158 justo
848 5087 910 5143 riro
920 5088 1005 5160 justi·
1059 5085 1226 5142 hominibus
1238 5086 1329 5141 multo
1346 5101 1469 5140 moerore
1482 5085 1662 5141 dicentibus:
1681 5083 1754 5148 Ouid
1775 5080 1906 5156 estquod

157 5176 227 5245 tiam
257 5176 414 5232 facientem
443 5177 570 5232 ostendit
590 5176 705 5232 dicens:
730 5177 874 5234 Innocens
904 5178 1007 5232 contro
1060 5173 1214 5231 diciturde
1232 5175 1322 5230 lesu?
1346 5174 1489 5230 verumne
1519 5171 1906 5252 estausecustsedebitu

156 5263 337 5338 tnpoettun
349 5263 546 5334 multabitur,
558 5265 587 5320 et
596 5264 702 5321 tenebit
711 5265 809 5334 justus
830 5264 908 5322 uiam
921 5280 1006 5320 mom
1061 5277 1195 5318 mensura
1228 5261 1359 5334 superius
1382 5266 1518 5335 tangente
1535 5264 1626 5319 tulum
1649 5278 1702 5335 per
1719 5265 1796 5318 totos
1817 5260 1904 5333 pedes

156 5355 185 5408 et
211 5352 326 5410 mandis
353 5353 487 5411 monibus
508 5353 595 5411 addet
609 5352 807 5423 fotitudinem
839 5354 904 5422 (Job
925 5353 1003 5424 xru).
1060 5367 1127 5406 snos
1145 5353 1218 5407 lacte
1240 5350 1388 5406 candidior
1404 5354 1541 5424 apparet:
1558 5350 1634 5424 quod
1651 5354 1722 5406 csta
1744 5347 1904 5406 testimonio

159 5441 287 5498 tloctale
300 5446 362 5500 est:
378 5441 434 5508 Qui
458 5442 598 5501 innocens
620 5447 664 5498 est
685 5441 838 5515 sanguinei
853 5441 959 5514 operis,
974 5440 1003 5495 id
1059 5440 1177 5498 testium
1207 5441 1324 5496 illorum
1338 5445 1446 5498 aterrn
1459 5439 1580 5514 proemia
1592 5439 1819 5513 exspectantium
1847 5437 1903 5493 tilio
1969 5513 1970 5516 Ἴ
