3984 6034
111 216 149 270 57
943 207 1046 266 ACTA.
1832 204 1867 260 58

109 340 272 413 Rescripsit
298 341 328 398 S.
354 339 535 412 llildegardis
569 338 721 411 epistolam
751 338 903 411 prolixam,
931 335 1238 395 11111111111111
1264 334 1362 406 ipsum
1383 334 1488 390 Sancta
1515 334 1677 406 elegantem
1702 333 1868 391 instructio·

110 448 174 503 qna
188 430 319 486 rabones
337 428 433 484 reddit
456 428 492 483 da
515 434 620 484 ornatu
643 428 810 485 monialium
834 445 963 498 suarum,
1019 443 1097 493 uem,
1133 441 1192 499 qna
1232 423 1348 496 egregie
1384 423 1477 491 docet,
1515 422 1591 491 illos,
1626 439 1700 495 quos
1735 423 1866 495 praeteri·
1972 432 1975 437 ’

109 527 142 575 et
168 521 204 576 de
225 519 357 576 instituto
381 534 432 572 suo
456 516 613 587 recipiendi
637 518 711 572 solas
735 517 854 584 nobiles,
877 524 965 587 prout
1018 520 1115 570 torum
1146 519 1330 586 peccatorum
1361 512 1488 583 poenitet,
1522 518 1552 567 et
1576 511 1627 583 qni
1651 528 1681 566 se
1710 512 1866 568 emendare

106 609 222 664 ibidem
238 608 328 662 rideri
344 605 459 677 poterit.
476 605 627 661 Abbatissa
642 606 676 660 da
693 606 851 661 crouchdal
879 604 963 678 [Cru-
1018 605 1143 672 student,
1183 602 1307 674 benigne
1343 600 1432 670 recipi
1469 617 1485 654 1
1522 600 1628 656 coelesti
1664 601 1748 655 Patre
1785 600 1867 656 iami-

107 695 232 770 dendal]
267 696 335 768 (alla
360 693 563 761 verisimiliter,
587 710 674 766 quam
702 695 783 765 cujus
812 695 963 765 epistolam
1020 692 1094 762 lias,
1125 708 1184 748 oon
1209 707 1277 747 vero
1312 690 1469 754 taediosus,
1497 690 1547 760 qui
1575 694 1675 743 contra
1702 688 1866 759 superiores

106 786 274 842 memoravi
289 781 369 840 hum.
380 785 424 848 81,
435 799 500 837 rum
514 783 544 838 in
559 784 649 838 altera
662 783 705 838 H.
718 799 824 838 nomen
844 784 961 850 indicet,
1018 797 1085 836 snos
1109 781 1330 837 obmurmurare
1358 779 1457 832 rolant
1481 777 1572 849 magis
1598 792 1685 848 quam
1713 793 1744 832 se
1771 792 1866 832 emen·

106 875 139 930 in
158 875 251 928 altera
274 873 324 944 Α.)
348 873 407 942 (ep.
438 875 498 943 117)
519 887 626 944 magno
641 871 736 926 studio
751 871 873 944 flagitet,
890 873 960 929 118.
1019 869 1098 924 dare.

108 962 295 1034 llildegardis
317 961 432 1026 iudicet,
457 976 514 1032 quo
539 959 623 1014 modo
655 981 669 1010 a
687 976 739 1030 pro
763 960 923 1016 excessibus
946 981 960 1014 a
1055 959 1115 1013 139.
1146 955 1301 1011 Monachus
1335 953 1477 1019 Ebreusis,
1509 953 1618 1008 ordinis
1660 952 1864 1018 Cisterciansis,

109 1051 175 1106 suis
193 1052 286 1106 Deum
300 1050 412 1121 placare
427 1041 531 1119 possit.¹
544 1049 698 1118 Rescripsit
721 1048 822 1104 811111
846 1049 960 1120 longam
1016 1044 1189 1101 humillimis
1203 1043 1305 1100 litteris
1317 1043 1375 1114 (ep.
1401 1043 1463 1114 131)
1478 1042 1621 1096 orationes
1641 1046 1669 1097 et
1692 1042 1778 1096 verba
1800 1057 1865 1096 con·

107 1138 347 1205 instructionem,
365 1137 396 1192 in
417 1153 473 1207 qua
498 1136 601 1191 multas
625 1136 744 1191 virtutes
767 1138 959 1205 commendat,
1017 1133 1167 1190 solutionis
1190 1150 1208 1187 1
1221 1132 1249 1188 S.
1268 1131 1438 1202 llildegarde
1462 1137 1574 1202 petens,
1590 1145 1762 1202 responsum
1783 1145 1863 1186 acce-

108 1230 240 1282 maxime
280 1225 474 1292 charitatem,
515 1225 710 1281 obedientiam
748 1232 777 1281 at
814 1226 961 1282 humilita·
1016 1218 1863 1293 111111111111ο11111111111111·«1111111111011111-

108 1320 181 1372 tem.
1016 1313 1090 1368 ciem
1113 1327 1194 1367 suam
1217 1326 1233 1364 1
1264 1315 1292 1365 11
1315 1325 1376 1364 1ο1
1396 1308 1552 1371 abscondit.
1580 1309 1630 1364 sed
1652 1325 1718 1364 cum
1740 1307 1864 1380 flagellis

150 1407 211 1459 137.
236 1403 466 1460 sanctimonialis
498 1402 639 1473 quasdam,
671 1403 767 1459 littera
795 1404 827 1462 G.
854 1420 960 1460 nomen
1015 1402 1076 1454 suis
1097 1407 1126 1456 te
1147 1399 1326 1469 constringit,
1349 1398 1422 1452 sicut
1442 1397 1497 1468 ipsi
1522 1396 1626 1468 placet.
1653 1399 1725 1453 llam
1748 1397 1779 1452 in
1800 1397 1861 1452 ani·

107 1509 196 1548 suum
226 1491 357 1550 indicans
382 1491 438 1563 (ep.
464 1494 535 1560 118),
556 1491 625 1545 olim
648 1491 788 1563 discipula
810 1492 837 1548 S.
865 1493 960 1548 llilde·
1015 1505 1093 1546 mam
1108 1494 1199 1557 tuam,
1213 1493 1240 1542 et
1255 1487 1285 1540 in
1301 1487 1439 1557 gaudium
1453 1487 1582 1556 corporis
1606 1503 1743 1559 magnum
1765 1488 1862 1542 lumen

107 1581 220 1652 gardis,
235 1581 284 1636 sed
297 1580 348 1637 diu
359 1580 461 1635 chilla
482 1591 509 1635 11
529 1581 613 1650 longe
628 1586 749 1648 remota,
766 1581 960 1638 verisimiliter
1014 1575 1219 1633 consolationis
1232 1575 1284 1630 liei
1298 1579 1451 1630 venturum
1475 1575 1568 1642 video,
1592 1593 1659 1632 cum
1681 1576 1744 1646 ipse
1764 1575 1862 1631 volue-

108 1669 181 1741 quia
195 1669 232 1725 ad
247 1668 374 1740 aliquam
399 1669 567 1739 dignitatem
592 1675 655 1724 erat
668 1673 812 1741 promotu,
829 1687 913 1726 suurn
929 1670 959 1724 in
978 1657 1000 1712 Β
1015 1667 1061 1722 111.
1080 1686 1095 1719 a
1116 1663 1272 1722 111111111
1292 1662 1415 1731 similia}
1438 1664 1488 1718 sed
1503 1671 1647 1720 monetat
1669 1665 1863 1735 1111111111-

107 1759 245 1814 Sanctam
265 1773 394 1812 amorem
417 1757 543 1812 declarat
563 1757 608 1812 his
628 1758 721 1812 verbis
737 1775 744 1813 :
763 1779 777 1810 a
799 1759 873 1823 Ouid
893 1759 961 1814 scri·
1016 1755 1098 1811 utilia
1111 1755 1212 1825 fugiat.
1228 1753 1382 1809 Monachus
1396 1752 1551 1823 quidamst
1564 1754 1712 1825 presbyter
1727 1755 1785 1825 (ep.
1802 1754 1862 1823 135)

108 1847 179 1903 bam
213 1847 257 1902 vel
287 1847 356 1918 qnid
388 1847 480 1904 dicam
513 1846 606 1901 unicae
638 1852 756 1919 tamque
788 1847 817 1902 in
847 1847 959 1904 Christo
1016 1844 1140 1899 multum
1154 1843 1209 1898 sibl
1232 1842 1404 1913 gratulatur,
1425 1842 1501 1913 quod
1525 1841 1696 1898 benevoles
1714 1842 1743 1898 S:
1768 1842 1863 1897 llilde-

108 1934 308 1992 dileetissimae
338 1935 429 2002 Matri,
453 1940 506 1990 etc.
532 1935 685 2007 Subjungit
714 1952 794 2006 specu
819 1952 901 1992 suam
925 1937 960 1992 da
1015 1932 1102 2002 garde
1125 1931 1226 1987 inisset
1245 1935 1390 2001 exceptus,
1413 1929 1544 2001 petitque
1568 1930 1741 2002 sequentia:
1775 1950 1790 1984 s
1822 1930 1862 1985 Da

107 2041 143 2078 ea
158 2025 255 2080 adhuc
267 2024 399 2092 ridenda,
412 2028 440 2078 at
461 2039 559 2094 preces
578 2024 661 2079 enisa
684 2025 803 2095 llagitat.
829 2025 873 2080 Ad
899 2026 960 2080 haec
1015 2020 1137 2088 ceteris,
1152 2019 1257 2092 inquit,
1273 2035 1338 2091 quae
1354 2019 1500 2100 vobiscum
1512 2019 1648 2074 secretius
1661 2018 1780 2085 contuli,
1795 2034 1862 2074 cum

107 2112 292 2184 Mildegardis
316 2127 421 2182 magna
437 2127 501 2168 cum
520 2111 606 2168 laude
628 2118 657 2167 et
671 2113 865 2169 consolatione
881 2114 960 2170 illius
1015 2115 1212 2182 opportunum
1243 2107 1341 2172 inerit,
1364 2107 1478 2178 scriptis
1498 2123 1545 2163 me
1568 2108 1725 2171 certificare
1750 2106 1862 2162 curabi-

105 2202 232 2272 virginis
246 2201 409 2272 respondet,
434 2201 508 2255 circa
531 2201 620 2256 linem
636 2200 676 2255 sic
699 2216 763 2256 eam
786 2201 958 2272 alloquens:
1015 2199 1062 2254 tis.
1085 2219 1100 2252 a
1122 2196 1262 2255 Rescribit
1281 2196 1385 2252 Sancta
1407 2196 1557 2266 pulchram
1574 2196 1740 2268 parabolam
1762 2195 1798 2251 de
1813 2194 1862 2251 tri-

108 2310 123 2340 «
150 2291 234 2346 Nune
255 2294 351 2346 autem
375 2289 411 2343 de
434 2295 461 2344 te
476 2289 599 2359 gaudeo,
624 2289 693 2360 quia
712 2290 741 2344 lu
766 2295 793 2344 ta
818 2292 961 2362 completa
1014 2287 1068 2342 bus
1093 2286 1275 2352 mulieribus,
1298 2299 1386 2357 quam
1409 2286 1497 2341 lector
1522 2284 1651 2340 inveniet
1670 2285 1701 2338 in
1727 2285 1782 2340 hac
1801 2283 1873 2354 epi,

107 2381 192 2444 sunt,
209 2376 320 2448 quade
335 2381 364 2430 te
383 2375 478 2430 audivi
498 2383 527 2430 et
550 2375 719 2442 desideravi,
741 2381 769 2432 et
791 2382 822 2432 11
847 2393 960 2434 mecum
1015 2376 1096 2432 stola.

107 2465 240 2536 gande...
259 2487 269 2512 ι
288 2464 320 2518 Et
334 2463 507 2519 concludens
524 2480 531 2518 :
549 2482 563 2515 1
584 2464 681 2520 Gaude
701 2465 789 2536 igitur
811 2478 841 2520 et
864 2468 959 2522 latare

105 2553 139 2608 in
164 2552 224 2607 Deo
249 2559 311 2622 tuo,
338 2551 475 2623 quoniam
498 2553 529 2608 in
549 2559 689 2608 {eternum
710 2555 795 2608 vives.
817 2575 827 2603 ι
849 2554 960 2624 llliquis
1015 2541 1411 2613 §superaccrescens
1432 2539 1619 2610 Hild‘llardii
1633 2539 1672 2595 “d
1690 2537 1861 2611 militium

107 2656 274 2714 anonymus
296 2645 350 2713 (ep.
376 2642 437 2711 110)
451 2642 576 2696 multum
598 2658 628 2696 se
648 2649 774 2710 excuset,
793 2649 821 2697 et
846 2643 959 2698 veniam
1049 2612 1182 2668 “mem
1197 2614 1378 2679 ‘'mmm‘'
1403 2611 1540 2712 “smil“
1557 2610 1711 2692 “dimam
1733 2628 1770 2691 ei
1791 2624 1857 2665 Μ

1068 2687 1131 2738 eata
1157 2700 1221 2738 cum
1240 2685 1272 2738 S.
1299 2683 1444 2739 Gerluco.
1470 2683 1536 2738 1111
1555 2681 1682 2754 epistota
1704 2695 1800 2738 renue
1822 2679 1861 2736 nd

106 2732 196 2802 petit,
218 2731 295 2802 quod
318 2730 449 2786 Sanctam
470 2731 519 2785 din
542 2746 600 2784 non
621 2731 771 2798 visitasset,
797 2747 832 2786 ne
855 2729 960 2788 litteris
1048 2701 1186 2811 {mam
1197 2754 1272 2809 gap„
1284 2770 1348 2809 mm
1367 2753 1513 2826 mm
1526 2751 1664 2824 ejudem,

107 2819 230 2891 quideru
249 2834 256 2874 :
272 2825 300 2873 et
314 2819 417 2874 11111111
432 2818 523 2889 ipsius
542 2817 738 2874 affabilitatem
760 2818 846 2874 simul
861 2820 958 2891 expri-

106 2909 172 2963 mit.
193 2907 314 2963 Remislt
328 2907 429 2962 811111
443 2906 559 2963 brevem
575 2907 802 2975 instructionem,
819 2909 958 2981 11111111-
1052 2913 1173 2968 lto-les.
1198 2913 1322 2968 loannes
1347 2912 1460 2981 Masius,
1488 2911 1574 2967 abbas
1597 2910 1756 2980 Parcensis,
1779 2909 1859 2966 ordi·

105 3001 187 3051 tatur
220 2996 255 3050 ad
286 2995 387 3052 mundi
423 3001 629 3067 contemptum.
654 2996 823 3052 Monachus·
838 2997 956 3069 quidam
1015 3001 1060 3057 nis
1079 3001 1365 3068 Pramonstratensis,
1390 3017 1482 3073 prope
1502 3000 1671 3065 Lovanium,
1691 3015 1769 3054 anno
1793 2999 1857 3054 {etl

108 3085 383 3156 Benedichnus(ep.
410 3086 472 3152 111)
495 3085 606 3156 llagitat
625 3100 734 3156 preces,
757 3091 785 3141 et
810 3106 824 3136 α
848 3087 957 3140 litteras
1013 3091 1050 3146 11
1082 3091 1254 3147 Bollandum
1277 3091 1437 3146 transmisit
1465 3096 1523 3146 tres
1547 3089 1681 3160 epistolas
1711 3089 1739 3145 S.
1764 3087 1860 3144 llilde·

106 3174 308 3245 correptionis.
330 3192 345 3226 a
371 3173 541 3228 Rescribens
563 3172 590 3228 S.
614 3173 803 3244 llildegardis,
818 3174 958 3230 desideria
1013 3179 1110 3251 gardis
1125 3179 1161 3235 ad
1180 3179 1346 3250 Philippum
1360 3179 1494 3236 abbatem
1516 3180 1696 3242 Parcansem,
1718 3182 1748 3232 et
1771 3192 1860 3232 unam

105 3263 200 3334 ipsius
221 3263 296 3318 bona
317 3262 425 3330 landet,
451 3262 605 3334 ipsumque
626 3262 751 3329 instruit,
773 3267 805 3318 ut
829 3263 887 3318 siut
908 3279 958 3335 pu·
1012 3267 1138 3338 Philippi
1152 3267 1188 3322 ad
1205 3266 1415 3340 llildegardem,
1436 3283 1524 3339 quam
1539 3267 1695 3338 aliquando
1711 3265 1857 3321 inviserat.

106 3351 328 3423 humiliatique
342 3350 480 3406 tllforlit·
1013 3357 1084 3412 Cum
1105 3361 1201 3411 1111111
1227 3357 1285 3412 dno
1309 3355 1428 3412 abbatas
1454 3357 1605 3410 Parcenses
1623 3352 1860 3424 contemporanei

146 3442 208 3496 138.
233 3439 312 3496 lllins
334 3455 494 3510 araouymus
515 3439 576 3510 (ep.
604 3439 665 3510 111)
685 3455 783 3512 preces
807 3441 835 3496 S.
860 3441 958 3498 llilde·
1012 3442 1121 3499 fuerint
1143 3443 1173 3499 S.
1209 3443 1386 3515 llildegardi,
1413 3443 1464 3515 qui
1491 3443 1576 3498 ambo
1599 3440 1728 3514 Philippi
1749 3456 1858 3497 nomen

108 3527 208 3600 gardis
221 3527 331 3599 flagitat
351 3526 397 3582 his
416 3526 530 3582 verbis:
552 3526 730 3598 «cognosco
754 3544 799 3584 me
815 3545 955 3600 peccasse,
1012 3532 1186 3601 habuerunt,
1203 3533 1306 3588 merito
1327 3532 1490 3588 dubitarem
1510 3537 1606 3586 utrum
1633 3531 1745 3603 primus
1759 3547 1796 3585 an
1816 3547 1859 3584 se·

108 3622 190 3672 orate
213 3633 267 3688 pro
290 3632 347 3672 me.
375 3616 438 3670 Non
459 3631 559 3688 quaro
585 3620 733 3672 terrenum
757 3617 881 3685 lucrum,
899 3633 959 3673 non
1012 3621 1123 3676 candos
1146 3621 1235 3677 inerit
1263 3621 1414 3692 Philippus
1436 3620 1488 3692 qui
1513 3620 1586 3675 illud
1604 3620 1763 3675 litterarum
1783 3634 1861 3673 com·

108 3721 170 3760 rem
186 3704 393 3771 transitoriam,
411 3703 460 3760 sed
476 3703 598 3775 gratiam
623 3705 675 3760 uei
694 3705 760 3773 mei,
783 3711 813 3762 et
836 3706 957 3762 salutem
1012 3708 1153 3765 marcium
1178 3725 1245 3766 cum
1266 3710 1369 3766 Sancta
1396 3709 1508 3776 hebuit,
1532 3708 1588 3764 nisi
1610 3707 1740 3778 epistolis
1763 3706 1860 3762 addita

109 3793 215 3850 animae
231 3810 313 3850 mem.
334 3791 496 3850 Succurrite
516 3793 599 3862 mihi,
616 3815 631 3844 a
647 3796 700 3850 etc.
718 3795 875 3866 Respondit
888 3796 959 3850 San·
1012 3804 1088 3852 esset
1101 3799 1162 3854 brec
1175 3798 1322 3854 adnotatio
1337 3813 1344 3852 :
1361 3818 1377 3851 s
1393 3799 1457 3854 Fuit
1477 3797 1530 3853 iste
1550 3796 1700 3866 Philippus
1714 3796 1859 3851 secundus

108 3889 155 3938 cta
171 3882 314 3938 hortando
328 3881 363 3938 11
378 3881 591 3953 peanitentiam,
611 3883 694 3952 cujus
708 3883 837 3955 quinque
852 3885 958 3954 gradus
1013 3885 1101 3942 abbas
1114 3885 1260 3941 Parcensis
1281 3885 1317 3942 ab
1338 3901 1416 3941 anno
1438 3883 1624 3942 Christitttt
1646 3883 1792 3954 usquead
1812 3898 1859 3937 an·

107 3973 244 4042 assignat.
262 3971 485 4036 Quidaralrater
508 3971 565 4042 (ep.
595 3971 653 4041 116)
670 3972 811 4042 quaritur,
836 3972 958 4042 peccatis
1012 3989 1084 4028 num
1112 3977 1189 4042 1161,
1213 3973 1257 4028 eir
1278 3990 1339 4028 non
1361 3978 1474 4029 tantum
1501 3972 1626 4028 multum
1654 3972 1729 4042 pius,
1753 3971 1803 4026 sed
1830 3975 1861 4025 et

107 4075 137 4114 se
155 4065 318 4131 gravatum,
331 4064 359 4113 11
381 4057 597 4128 «blasphemia
612 4057 717 4129 spiritu
731 4078 745 4111 a
760 4059 958 4114 circumvalla·
1013 4061 1123 4117 dactus.
1147 4062 1226 4117 Unde
1240 4062 1382 4133 plurimos
1404 4061 1493 4117 libros
1511 4076 1563 4116 suo
1586 4064 1717 4131 tempore
1740 4059 1771 4114 in
1795 4075 1859 4130 per·

107 4153 181 4202 tum.
200 4148 270 4202 Ruic
289 4147 316 4202 S.
340 4146 521 4218 llildegardis
539 4146 760 4202 instructionem
779 4148 910 4214 remittit,
926 4149 957 4204 in
1013 4166 1136 4222 gameno
1148 4150 1268 4206 exscribi
1282 4150 1403 4218 curarit,
1420 4151 1472 4222 qui
1489 4149 1583 4206 adhuc
1604 4148 1691 4204 modo
1705 4152 1827 4204 exstant.
1843 4169 1858 4196 »

109 4253 167 4307 qua
183 4235 277 4290 dicit:
295 4257 310 4285 1
328 4235 406 4292 Unde
421 4241 450 4289 et
465 4239 563 4302 homo,
579 4235 630 4307 qui
651 4251 705 4307 per
718 4236 865 4292 scientiam
887 4237 956 4292 boni
975 4231 999 4286 D
1013 4239 1092 4295 later
1105 4241 1159 4294 hus
1174 4245 1365 4294 numerantur
1383 4237 1515 4293 Visiones
1528 4238 1559 4292 S.
1572 4235 1777 4309 Hildrpnrdis.
1794 4235 1860 4291 Fuit

109 4330 138 4380 et
162 4323 232 4380 mali
262 4339 291 4378 sa
322 4325 446 4378 multum
470 4338 600 4394 11111111
631 4323 808 4392 recordatur,
830 4341 895 4382 cum
921 4328 957 4384 ad
1010 4327 1061 4382 ille
1075 4326 1224 4396 Philippus
1249 4326 1372 4396 primus,
1395 4327 1445 4382 sed
1468 4328 1543 4381 inter
1566 4324 1682 4380 abbates
1704 4322 1855 4388 secundus,

109 4415 202 4469 Deum
218 4412 354 4483 suspirat,
370 4412 464 4467 denno
485 4427 538 4483 per
558 4412 759 4484 poenitentiam
774 4413 805 4468 in
828 4416 886 4470 Deo
908 4433 957 4471 re·
1012 4415 1059 4470 coi
1072 4419 1137 4488 post
1151 4415 1365 4471 breveelterius
1380 4415 1509 4487 regimen
1529 4413 1681 4485 Philippus
1702 4415 1727 4468 ll
1750 4428 1859 4468 sncces-

109 4501 245 4557 nascitur.
265 4519 280 4554 a
310 4501 439 4556 liceanus
459 4501 488 4556 S.
512 4501 627 4556 Martini
639 4500 816 4571 tlloguntini,
839 4504 957 4573 cupiens
1011 4504 1059 4571 sit,
1075 4509 1107 4558 ut
1123 4504 1170 4559 hic
1192 4520 1275 4576 aeque
1290 4520 1323 4559 ac
1340 4504 1482 4575 primusa
1504 4503 1532 4560 S.
1558 4502 1731 4573 llildegarde
1747 4502 1859 4558 litteras

109 4592 209 4646 videre
231 4589 337 4644 iterum
360 4589 387 4646 S.
414 4589 626 4660 llildegardem,
644 4605 749 4660 magno
772 4607 837 4646 cum
855 4593 957 4648 ellectu
1011 4592 1140 4663 accipere
1154 4592 1289 4663 potuerit.
1307 4592 1347 4647 lle
1362 4591 1491 4662 epistolis
1505 4607 1590 4664 porro
1604 4591 1661 4646 huc
1683 4589 1777 4646 missis
1800 4589 1858 4644 tale

111 4684 168 4750 (ep.
185 4678 372 4750 1111111111
395 4677 486 4749 ipsius
505 4679 586 4749 petit,
604 4679 710 4748 quibus
731 4681 955 4738 consolationem
1010 4680 1209 4736 testimoninm
1225 4679 1305 4735 dedit
1318 4681 1381 4751 ipse
1396 4681 1498 4736 Masius
1515 4697 1522 4736 :
1540 4701 1555 4730 a
1581 4679 1678 4750 eapte
1696 4695 1783 4750 supra
1801 4694 1858 4748 po-

111 4768 247 4824 obtineat.
262 4773 298 4823 nt
312 4767 361 4823 illa
377 4765 459 4822 utilia
483 4766 585 4838 magis,
601 4782 689 4838 quam
712 4767 826 4834 blanda,
854 4771 957 4825 rasari·
1011 4768 1132 4825 sitarum
1146 4769 1334 4839 epistolarum
1351 4769 1385 4826 R.
1413 4770 1444 4824 u.
1461 4768 1587 4839 Philippi
1610 4767 1720 4823 abbatis
1739 4767 1891 4856 Parcen‘
1982 4746 1983 4809 Ῐ

110 4858 178 4912 bera
202 4856 297 4922 solita,
319 4854 393 4910 serio
425 4855 557 4910 hortatur
580 4854 615 4909 ad
639 4855 850 4926 poenitentiam.
876 4859 957 4914 Alius
1010 4858 1049 4912 sis
1067 4856 1103 4912 ad
1117 4858 1144 4914 S.
1163 4857 1376 4928 hildegardem,
1391 4862 1420 4912 at
1444 4857 1472 4913 S.
1497 4856 1678 4928 llildegardis
1701 4855 1737 4910 ad
1761 4855 1857 4926 ipsum

109 4945 224 5001 cuidam
246 4943 463 5016 congregationi
477 4943 629 5016 praefactus
649 4945 707 5015 (ep.
727 4947 785 5015 130)
806 4961 836 5000 11
859 4963 955 5002 suam·
1011 4948 1045 5003 R.
1063 4947 1095 5002 ll.
1115 4946 1294 5018 Philippum,
1309 4951 1377 5002 sunt
1389 4951 1521 5001 extractas
1536 4952 1564 4999 et
1578 4945 1727 5016 exscripta
1750 4959 1783 4998 ex
1804 4958 1857 4997 sn·

109 5049 166 5106 qne
179 5033 434 5105 congregationem
449 5032 582 5104 precibus
596 5032 624 5088 S.
639 5032 818 5104 llildegardis
832 5034 955 5091 multum
1010 5036 1172 5108 tiquissimo
1195 5036 1291 5092 codice
1311 5035 1492 5092 bibliotheca
1514 5039 1621 5090 nostres
1645 5032 1803 5099 Parcensis,
1828 5035 1859 5086 et

107 5123 300 5178 commendat.
316 5121 381 5178 lime
396 5137 462 5177 raro
481 5120 651 5188 rescribens,
667 5120 749 5176 docet
771 5121 858 5178 variis
873 5123 955 5178 simi·
1010 5125 1046 5180 da
1067 5126 1153 5182 verbo
1175 5124 1211 5180 ad
1231 5125 1351 5181 verbum
1374 5139 1439 5179 cnm
1461 5123 1651 5195 originalibus
1669 5121 1855 5180 conveniunt.

107 5211 289 5277 litudinibus,
305 5227 320 5265 a
334 5210 441 5283 quibus
456 5210 487 5265 in
505 5210 646 5280 regimine
661 5226 779 5264 suornm
793 5227 892 5268 cerere
906 5213 956 5268 de·
1011 5213 1094 5278 Quod
1108 5218 1199 5270 testor
1212 5213 1295 5269 haer
1318 5213 1416 5270 Octob.
1434 5215 1511 5267 1611.
1533 5213 1658 5266 ternans
1680 5211 1780 5267 Masius
1804 5208 1856 5264 ab·

106 5303 181 5356 beat.
202 5299 354 5354 Monachus
373 5299 491 5371 quidem
510 5298 782 5356 Mulenbrunnensis
809 5298 859 5374 [11.
884 5301 955 5358 Mul·
1011 5302 1061 5359 bas
1069 5300 1226 5358 Parcensis.
1238 5323 1249 5351 ι
1262 5300 1413 5374 (Epistola
1421 5298 1593 5372 supradicta
1610 5301 1727 5354 ersterst
1739 5313 1857 5352 1111111

108 5386 290 5461 brunnensis]
322 5388 378 5462 (ep.
414 5387 475 5459 131)
504 5387 578 5458 petit
608 5404 624 5441 a
657 5387 684 5443 8.
720 5388 899 5460 llildegarde,
925 5397 956 5446 nt
1010 5387 1085 5444 libre
1112 5387 1303 5459 epistolarum
1339 5388 1374 5442 S.
1408 5384 1595 5459 lliideparriir
1629 5385 1729 5442 ordine
1761 5387 1855 5455 56-57,

106 5478 162 5534 sibi
181 5477 278 5532 mittat
299 5495 314 5530 e
338 5476 448 5548 aliquid
472 5477 507 5532 da
528 5475 635 5533 coelasti
657 5475 864 5534 admonitione.
883 5479 956 5534 aMi·
1010 5477 1120 5548 hii-59.)
