3984 6034
155 177 210 231 207
812 209 818 228 ι
902 181 930 237 8.
951 179 1191 240 uitandarum
1378 135 1381 141 Δ
1854 189 1907 247 208

156 314 292 370 itiebeius
306 313 396 367 Deam
410 312 536 367 amende
563 327 620 368 non
646 314 789 385 coguovit,
805 320 834 370 et
856 314 922 371 ideo
937 317 1005 372 libe·
1023 319 1047 372 Α
1062 324 1090 372 et
1104 319 1264 387 benedicte,
1289 321 1387 378 omnia
1411 339 1476 394 quaa
1509 339 1561 395 per
1585 340 1637 378 eos
1658 324 1751 382 virtus
1773 332 1911 397 operatur

154 402 299 457 radonem
315 400 427 472 abipso
455 416 514 455 nan
534 402 648 473 quaerit,
681 403 731 458 sed
764 403 846 459 illum
869 421 1006 476 superse
1061 405 1168 474 divina,
1184 409 1392 480 rerapruiecto
1408 425 1471 466 esse
1496 412 1725 468 novietsaucta.
1752 414 1908 473 Nceetiem

154 489 216 546 scit.
241 491 275 546 ln
297 489 350 544 bac
373 493 468 543 eutem
503 490 592 545 odiali
618 495 700 561 parte
714 491 804 548 adam
833 494 922 548 mum
946 510 1006 549 non
1060 492 1154 563 latior,
1171 496 1242 568 qniu
1266 513 1448 571 quincunque
1477 514 1494 554 a
1521 500 1578 555 lieo
1599 499 1726 571 petieris,
1753 500 1909 572 impetrare

153 577 307 646 recusarit,
322 578 372 633 sed
391 577 421 632 in
450 578 542 634 multe
560 577 686 634 vanitate
707 581 925 637 similitudinem
944 582 1008 654 eJ'us
1060 583 1176 653 possitis
1205 585 1304 651 (Joan.
1333 585 1411 657 xiv);
1427 585 1469 641 uti
1492 585 1590 641 iideies
1613 587 1748 642 homiues
1764 597 1907 657 renuunt,

154 666 297 739 qnaesivit.
326 667 360 720 Et
379 665 511 721 diabolus
534 666 644 735 odium,
673 682 731 738 quo
760 668 850 724 Deum
879 669 947 737 odit,
975 669 1006 724 in
1059 671 1110 742 qui
1125 671 1179 727 hoc
1193 672 1224 728 in
1250 673 1369 730 veritate
1394 675 1597 746 probaverunt.
1620 676 1700 732 Unde
1725 683 1755 732 et
1768 693 1823 749 ego
1847 696 1908 734 eer-

153 755 246 811 Adam
273 769 331 809 nen
356 753 482 821 invenit3
504 753 555 808 sed
576 769 629 825 per
648 754 800 810 consilium
826 771 912 812 suum
938 772 1005 812 erem
1060 764 1116 822 tus,
1153 766 1292 832 qnantum
1327 763 1431 830 endec,
1465 764 1643 818 sanctitatem
1676 769 1799 820 vestram
1823 783 1907 840 rogo,

153 842 285 914 decepit:
299 841 377 897 unde
401 846 431 896 et
452 841 578 897 millenis
602 843 713 898 artibus
727 843 786 899 suis
801 844 913 913 circuit,
930 862 1007 917 anc·
1060 847 1119 903 iteo
1145 864 1197 920 pro
1213 865 1259 904 me
1284 855 1432 922 peccatore
1455 850 1638 906 clementiam
1654 850 1820 925 implorare,
1836 871 1907 927 qua-

154 930 351 998 rendoiltnm,
367 930 418 1001 qui
433 928 464 984 iu
478 929 541 989 tine,
557 930 678 985 dubitet.
694 933 766 987 Cum
786 932 912 989 millenis
927 934 1007 990 euim
1059 939 1143 991 tenus
1171 937 1243 992 mihi
1258 938 1381 994 nimium
1410 939 1572 997 fluctuanti.
1589 945 1618 994 et
1635 939 1667 994 in
1687 940 1811 997 miseriis
1825 943 1907 998 iabo-

155 1021 267 1075 artibus
287 1018 400 1074 homini
424 1017 535 1074 bouum
550 1019 704 1090 prohibet:
725 1020 794 1090 quia
823 1037 889 1076 eum
917 1023 1005 1078 hemo
1059 1023 1144 1092 renti,
1174 1025 1324 1096 quodlibet
1342 1027 1490 1095 solatium,
1511 1027 1714 1082 consolationis
1740 1029 1907 1101 impendere

154 1110 231 1164 boue
258 1107 351 1162 iacere
373 1107 500 1175 anhelat,
525 1108 583 1162 teia
606 1123 657 1161 sua
674 1108 710 1161 ad
735 1108 830 1180 ipsum
855 1108 961 1181 mittit;
976 1115 1007 1166 et
1059 1111 1202 1184 dignetur.
1219 1113 1364 1185 Siquidem
1380 1113 1518 1170 anxiatus
1541 1117 1584 1169 esi
1605 1114 1634 1169 in
1650 1131 1695 1170 me
1719 1116 1906 1189 inopinabili-

154 1213 221 1254 cum
246 1195 416 1252 totocorde
445 1195 536 1251 iteum
550 1196 582 1251 in
605 1196 744 1252 charitate
767 1197 902 1268 amplecti
928 1198 1006 1253 desi-
1059 1199 1340 1272 meminissemus,
1359 1203 1430 1259 elin
1443 1219 1491 1260 me
1509 1204 1654 1260 turbatum
1678 1208 1721 1260 eat
1741 1221 1790 1262 cur
1810 1223 1907 1265 meum

155 1288 248 1356 deret,
263 1285 370 1341 noxiali
385 1285 519 1340 molestia
534 1301 599 1341 eum
627 1287 768 1357 pervolat,
787 1302 823 1341 ne
839 1288 894 1342 hoc
907 1303 1005 1343 coram
1059 1289 1152 1362 (Psoi,
1169 1290 1257 1360 marr),
1272 1307 1326 1362 pro
1344 1291 1390 1346 his
1410 1307 1486 1364 qua,
1512 1292 1587 1348 heul
1619 1293 1742 1365 peccatis
1757 1295 1829 1351 meis
1844 1296 1906 1350 exi·

156 1375 214 1429 Deo
237 1374 414 1441 rectumsit;
444 1379 560 1429 etcum
583 1374 740 1430 viriditates
766 1375 905 1430 virtutum
925 1391 1005 1448 qure-
1059 1378 1201 1449 gentihus,
1221 1379 1317 1434 multis
1340 1380 1423 1434 anuis
1448 1386 1477 1435 et
1497 1396 1574 1435 nuuc
1603 1381 1729 1437 maxime
1753 1383 1857 1454 patior,
1877 1389 1907 1439 et

155 1464 202 1530 rit,
222 1462 271 1519 ilie
298 1464 330 1518 in
357 1464 541 1534 suggestione
572 1479 624 1517 sua
646 1463 715 1518 dicit
736 1463 773 1519 ed
800 1464 907 1535 ipsum,
927 1466 1006 1536 quod
1059 1482 1145 1522 nemo
1159 1469 1363 1539 praeteriteum
1379 1485 1461 1523 nossa
1477 1469 1590 1540 poterit,
1607 1469 1689 1539 cujus
1704 1469 1795 1525 ocutis
1808 1470 1908 1526 munic

155 1552 263 1607 neseiat
287 1550 358 1623 qnid
383 1551 487 1610 iaciat:
521 1567 646 1622 eumque
676 1551 768 1621 docet,
788 1557 820 1607 nt
844 1553 1004 1608 secundum
1023 1554 1906 1654 Bnudamntctapertulilcbr.rr).iitquiatantrrminsotius

154 1641 361 1712 proprietatem
375 1656 456 1695 suem
473 1641 547 1695 hanc
561 1641 654 1712 legem
669 1641 723 1695 sibi
738 1640 903 1709 constituat,
914 1657 1003 1714 quam
1060 1643 1110 1699 uei
1119 1644 1283 1716 cognitione
1298 1651 1375 1713 sient,
1389 1661 1454 1718 quae
1476 1662 1544 1717 erga
1568 1663 1614 1701 me
1636 1646 1740 1715 sentio,
1762 1661 1815 1702 nec
1828 1655 1906 1703 certe

154 1729 303 1800 ipsebene
330 1735 493 1800 cognoscat.
518 1731 625 1785 Contra
645 1730 707 1784 haec
735 1731 867 1800 praelium
889 1735 942 1800 est,
971 1735 1004 1786 ut
1055 1731 1176 1788 cuilibet
1189 1734 1354 1788 mortalium
1370 1735 1404 1803 (si
1419 1733 1603 1802 referrentur,
1629 1740 1724 1789 essent
1750 1735 1906 1804 credenda)

154 1819 366 1891 scriptumest:
380 1817 574 1891 Mitteclypes'
589 1818 715 1890 pmdent
728 1835 763 1874 es
775 1835 821 1886 eu,
843 1818 939 1876 omnm
952 1837 1002 1875 nr·
1057 1821 1164 1892 quippe
1180 1822 1229 1892 qui
1256 1821 1405 1893 inexperta
1432 1822 1555 1891 audiret,
1581 1837 1614 1876 ac
1635 1827 1717 1876 extra
1732 1820 1818 1877 fidem
1833 1839 1906 1877 con-

153 1907 405 1976 muturnsorte'um
432 1909 528 1977 (Cant.
555 1909 603 1978 rr),
625 1908 680 1963 hoc
706 1913 764 1963 est:
797 1908 909 1964 Primus
923 1911 1002 1964 enim
1056 1909 1174 1978 stituta3
1194 1909 1300 1965 idcirco
1325 1926 1377 1981 per
1406 1909 1527 1980 gretiam
1560 1911 1754 1981 cooperatoris
1782 1916 1810 1967 et
1837 1927 1905 1984 pro-

153 1997 272 2067 ciypeus
297 1995 437 2050 confessio
464 1998 648 2066 peecatorum
668 1999 720 2062 est,
747 2011 834 2068 qnam
860 2001 941 2052 retus
955 1998 1002 2052 iex
1055 1997 1171 2053 tectoria
1185 1998 1275 2053 nostri
1291 1998 1413 2069 Spiritus
1435 1998 1524 2052 sancti
1547 1998 1678 2065 obsecro,
1696 2003 1727 2051 ut
1753 1997 1904 2070 quidquid,

154 2100 214 2139 non
239 2083 349 2152 habuit,
380 2083 455 2139 unde
477 2083 565 2139 eliam
588 2099 663 2138 caeca
693 2085 766 2152 iuit;
791 2089 821 2139 et
831 2086 1003 2156 paenitentia
1056 2099 1089 2138 eo
1120 2086 1273 2152 revelante,
1303 2085 1381 2140 vobis
1406 2084 1574 2150 innotuerit,
1605 2085 1649 2139 rei
1683 2083 1743 2157 spei
1785 2085 1819 2140 de
1857 2101 1904 2139 me

154 2178 219 2244 post
245 2173 453 2228 contessionem
476 2178 672 2244 peccatorum,
706 2177 739 2229 ut
773 2174 864 2229 bonus
903 2180 1002 2246 pastor
1055 2171 1206 2226 ostendere
1221 2171 1356 2241 dignatus
1375 2171 1472 2238 fuerit,
1490 2187 1542 2242 per
1570 2171 1678 2236 omnia,
1703 2172 1778 2227 sicut
1804 2189 1833 2226 se
1857 2189 1904 2228 res

150 2261 244 2333 jubet,
267 2260 387 2333 pallium
418 2260 557 2316 nuditatis
583 2261 685 2316 veteris
712 2262 785 2333 legis
809 2268 867 2316 est:
883 2267 912 2317 et
933 2262 1000 2318 ideo
1055 2260 1153 2328 hahet,
1178 2261 1290 2331 scriptis
1320 2259 1435 2328 tradita,
1459 2275 1512 2332 per
1534 2259 1610 2314 hunc
1632 2261 1903 2316 reverendissimum

154 2348 241 2404 turris
264 2349 363 2412 liarid.
387 2349 493 2403 cellum
517 2349 581 2419 ejus
608 2351 762 2404 exaltatum
788 2355 830 2405 cst
856 2349 949 2422 (ibid.)
968 2352 999 2406 in
1056 2349 1089 2405 [t.
1107 2349 1239 2404 abbatem
1266 2349 1477 2416 renuntientur,
1495 2349 1537 2402 nti
1552 2348 1613 2420 ipse
1634 2349 1710 2404 idem
1726 2350 1901 2421 repromisit.

152 2437 331 2498 humanitate
347 2436 513 2504 Salutaris,
529 2436 565 2492 de
584 2453 643 2509 qna
662 2438 770 2509 pendet
793 2439 888 2494 amuis
903 2455 1000 2495 erma·
1055 2435 1177 2491 Domina
1194 2436 1225 2491 in
1254 2437 1366 2493 Christo
1383 2436 1565 2502 venerabilis,
1588 2435 1700 2491 utinam
1719 2437 1754 2492 ad
1780 2453 1903 2508 praesen·

152 2525 357 2594 messenium,
379 2525 456 2598 quod
477 2530 545 2580 eunt
569 2525 643 2582 bene
672 2527 799 2581 viventes
826 2528 856 2582 in
880 2529 1000 2600 conjun-
1055 2524 1125 2580 tiam
1149 2526 1307 2580 sanctitatis
1334 2529 1445 2594 vestrae,
1473 2525 1550 2596 quod
1579 2524 1791 2598 optatissimum
1813 2526 1902 2582 habe-

151 2615 247 2671 etione
271 2614 427 2670 secundnm
452 2619 628 2685 praeceptum
659 2615 741 2686 legis,
764 2620 793 2670 et
820 2617 1000 2671 continentes
1055 2629 1128 2681 rem,
1164 2613 1261 2669 venire
1284 2613 1454 2685 potuissem,
1481 2617 1508 2669 el
1540 2629 1625 2684 agere
1656 2612 1802 2670 vobiscum
1830 2616 1903 2670 iacis

150 2709 180 2759 et
194 2703 330 2774 virgines,
349 2703 401 2775 qui
420 2717 454 2756 ex
473 2707 552 2758 terre
577 2703 633 2758 ista
657 2703 803 2774 pendent:
822 2721 888 2776 quaa
902 2705 1001 2760 omnia
1055 2703 1090 2756 ad
1106 2703 1227 2758 taciem:
1257 2703 1356 2773 procui
1382 2703 1471 2758 dubio
1494 2717 1559 2774 qnae
1584 2701 1721 2758 hactenns
1744 2720 1760 2757 e
1781 2704 1902 2759 scientia

150 2799 230 2848 retus
245 2793 289 2847 lex
310 2791 505 2862 presignavit,
529 2795 557 2845 et
589 2790 718 2846 Christus
742 2791 774 2847 in
798 2794 999 2848 incarnatione
1054 2791 1184 2844 omnium
1211 2789 1357 2854 abscondi,
1394 2805 1447 2860 per
1474 2789 1588 2859 singula
1614 2790 1692 2846 robis
1724 2789 1903 2861 explananda

149 2897 202 2936 sua
226 2897 280 2952 per
308 2880 436 2951 seipsum
479 2879 614 2947 ostendit,
647 2884 676 2934 et
704 2886 772 2951 post
801 2882 998 2937 ascensionem
1019 2879 1211 2951 ccrederem.
1234 2877 1308 2943 Quid
1337 2877 1429 2949 ergo?
1455 2877 1535 2946 Nori,
1566 2878 1685 2934 docente
1711 2879 1859 2950 Scriptura
1873 2887 1903 2936 et

149 2987 230 3025 snam
255 2985 309 3041 per
327 2969 482 3039 discipulos
505 2984 583 3034 suos,
607 2973 636 3023 et
654 2984 706 3040 per
725 2973 855 3040 caeteros,
876 2968 928 3041 qui
951 2986 999 3025 eos
1054 2967 1110 3023 ilde
1135 2967 1297 3023 Christiane
1321 2971 1449 3030 tenente.
1475 2967 1584 3024 uernini
1612 2967 1643 3022 in
1680 2983 1766 3022 carue
1794 2970 1901 3023 consti·

148 3063 308 3128 sequnntur
339 3071 432 3127 usqne
460 3056 491 3111 in
514 3055 703 3110 novissimum
727 3057 815 3126 diem,
842 3057 1000 3128 complebit
1052 3058 1115 3111 tuto
1139 3057 1175 3112 de
1205 3055 1255 3111 liei
1282 3053 1478 3110 misericordia
1502 3056 1714 3126 desperandum
1743 3072 1815 3112 esse.
1838 3057 1902 3122 Oua

148 3146 225 3218 qnod
247 3150 314 3199 sunt
346 3144 425 3199 miiie
451 3143 544 3215 clypei
567 3145 618 3215 qui
645 3144 773 3215 pendent
800 3161 833 3201 ex
858 3162 902 3212 ea,
931 3161 997 3202 cum
1052 3160 1102 3215 spe
1117 3144 1230 3211 ductus,
1246 3147 1275 3199 et
1289 3143 1449 3214 praesertim
1469 3145 1561 3199 Deum
1586 3144 1737 3200 maniieste
1753 3144 1899 3202 vobiscum

147 3234 374 3306 quibnsbetium
395 3238 495 3288 contre
523 3234 674 3304 antiquum
696 3238 858 3305 serpentem
880 3234 941 3306 (qui
965 3233 998 3289 in
1052 3249 1113 3288 esse
1134 3233 1237 3304 sciens,
1270 3233 1315 3288 his
1342 3232 1455 3304 scriptis
1481 3247 1580 3288 euersas
1608 3232 1788 3288 miseriamm
1816 3250 1899 3289 mea·

147 3324 242 3395 primu
270 3321 387 3377 homine
418 3326 538 3376 caeteros
562 3321 674 3377 seduxit
702 3319 784 3394 [Gen.
811 3320 867 3394 ml)
892 3322 935 3389 tit,
966 3327 998 3377 nt
1050 3338 1114 3377 rum
1144 3322 1224 3376 vobis
1255 3335 1411 3392 suggerere
1442 3320 1622 3393 praesumpsi,
1658 3335 1717 3376 non
1756 3321 1900 3378 incertum

146 3427 214 3466 cum
240 3411 328 3466 homo
352 3409 383 3463 in
398 3408 693 3465 medioiuimicorum
721 3425 839 3465 suomm
867 3415 935 3476 stat,
950 3411 996 3466 his
1049 3410 1159 3466 habens
1183 3425 1234 3481 per
1269 3426 1318 3465 vos
1347 3409 1560 3482 quodammodo
1586 3409 1738 3475 consolari,
1769 3411 1846 3482 quod
1870 3415 1901 3466 at

147 3498 291 3564 defendat,
307 3503 337 3552 et
357 3497 465 3568 ubique
480 3502 600 3568 pugnet,
618 3512 653 3551 ne
673 3496 708 3552 ab
734 3496 860 3554 inimicis
876 3497 935 3552 suis
951 3513 997 3553 oc·
1049 3513 1234 3570 summopere
1267 3511 1377 3571 precor,
1411 3499 1435 3552 si
1459 3496 1595 3570 possibile
1612 3502 1665 3552 est.
1693 3497 1821 3568 Sponsus
1850 3515 1899 3554 ve-

146 3587 268 3655 cidatur,
296 3584 542 3659 quemadmodum
578 3600 711 3657 sponsus*
733 3585 769 3640 ad
800 3602 937 3658 sponsam
964 3586 995 3642 in
1049 3593 1107 3643 ster
1130 3587 1269 3656 Christus,
1298 3587 1329 3642 iu
1364 3586 1424 3642 suis
1462 3602 1512 3641 ros
1549 3591 1766 3658 perseveranter
1802 3592 1899 3642 teneat
1964 3599 1965 3646 ἶ

147 3676 270 3733 Canticis
293 3674 442 3748 loquitur:
468 3673 561 3746 Caput
578 3689 673 3728 meum
687 3673 804 3745 plenum
818 3677 862 3729 est
876 3690 951 3741 rore,
966 3681 996 3732 et
1048 3676 1236 3748 amplexibus.

145 3765 274 3821 ciceiam
286 3762 344 3820 mei
354 3763 448 3836 pultis
470 3762 597 3819 noctium
610 3762 704 3834 (Cant.
718 3763 758 3832 a).
773 3762 848 3829 Quid
867 3761 995 3818 dicitur?
1240 3779 1448 3836 Rggpopqsgg
1466 3777 1709 3836 fflgpggggffls·

146 3855 345 3922 christetem,
362 3852 413 3923 qui
427 3851 660 3922 ceputomnium
683 3855 736 3919 est,
763 3850 895 3906 homines
915 3851 994 3906 relnt
1046 3867 1199 3924 pulchram
1219 3864 1435 3922 ingenerationem
1458 3868 1486 3920 et
1507 3879 1646 3938 moyerem
1667 3881 1733 3922 cum
1753 3866 1899 3925 adhorta-

145 3943 238 3997 crines
257 3942 385 4011 adjuncti
414 3945 491 4006 sunt,
515 3939 567 4010 qui
596 3940 707 3995 delictis
733 3955 787 4011 per
811 3939 992 3996 dulcedinem
1152 3939 1227 3994 tione
1246 3940 1389 4010 perpetue
1402 3935 1626 3993 emulationem
1650 3939 1788 4010 suggerit.

144 4029 249 4098 caruis,
264 4035 294 4085 et
319 4028 482 4085 criminosis
509 4028 632 4100 peccetis
654 4027 734 4100 pleni
758 4033 837 4097 sunt,
852 4044 925 4100 quos
948 4029 991 4084 ilii
1083 4027 1121 4082 ile
1135 4025 1247 4080 virente
1270 4025 1390 4080 Lumine
1405 4023 1466 4079 haec
1491 4024 1578 4080 verba
1604 4024 1718 4080 andivi:
1745 4025 1789 4080 ‘iu
1814 4027 1898 4082 fabro

147 4118 268 4174 Ecclesia
290 4118 386 4174 denno
418 4121 580 4188 regenerat,
605 4121 634 4171 et
656 4116 693 4171 ab
724 4115 876 4171 immundo
900 4117 991 4172 latore
1044 4113 1209 4182 similises,
1236 4112 1287 4184 qni
1307 4112 1399 4166 muita
1420 4127 1487 4166 vase
1505 4109 1612 4182 tundit,
1642 4117 1670 4167 et
1698 4129 1731 4168 ea
1755 4113 1898 4184 fulgentia

144 4207 272 4279 pulveris
298 4211 491 4279 peccatorum,
521 4220 574 4277 par
602 4205 803 4276 poenitentiam
828 4210 856 4261 et
878 4204 991 4261 nonies·
1010 4187 1099 4274 1iper
1114 4203 1211 4273 iguem
1226 4216 1284 4255 non
1302 4199 1378 4255 iacit.
1396 4200 1466 4254 liina
1490 4199 1567 4255 disee
1589 4200 1666 4272 quod
1681 4217 1770 4273 opera
1783 4202 1898 4258 testul-

144 4298 257 4352 sionem
281 4294 424 4367 purificat,
449 4294 528 4349 reint
552 4293 639 4349 etiem
662 4293 755 4348 crines
778 4295 892 4350 derare
911 4299 940 4350 et
956 4294 991 4350 de
1045 4304 1114 4360 gnra
1144 4288 1291 4344 charitatis
1328 4304 1387 4344 non
1412 4293 1539 4344 careant.
1568 4287 1623 4343 Sed
1659 4286 1831 4344 discretione
1858 4305 1894 4344 ea

145 4386 234 4458 gnttis
262 4383 465 4440 concutiantur
494 4386 523 4437 et
545 4383 712 4438 soirnntur:
744 4383 990 4455 quemadmodum
1046 4377 1232 4444 circumfode,
1265 4381 1408 4449 quatenus
1436 4375 1665 4448 unumquodque
1697 4391 1770 4447 opus
1810 4380 1895 4432 tuum

144 4476 233 4532 etiem
256 4474 322 4528 lana
346 4472 382 4528 de
409 4473 526 4544 pulvere
552 4471 696 4527 excutitur
716 4476 746 4526 et
761 4471 935 4539 mundatur;
950 4471 991 4526 sic
1046 4466 1217 4524 rationabile
1229 4465 1276 4523 sit.
1294 4466 1325 4521 iit
1339 4467 1401 4520 haec
1417 4480 1533 4537 quoque
1547 4464 1577 4518 iu
1593 4463 1767 4519 abstinentia
1787 4469 1816 4518 et
1830 4479 1895 4518 ora-

144 4563 282 4633 tu‚chare
300 4560 343 4616 iili
365 4559 427 4627 uei,
450 4559 505 4626 iac,
527 4559 596 4631 quia
623 4559 654 4614 iu
683 4561 824 4614 aeternum
850 4559 937 4628 vives,
963 4565 992 4615 al
1045 4553 1134 4621 tione,
1164 4569 1197 4610 ac
1220 4553 1251 4608 in
1275 4553 1352 4608 bona
1384 4551 1589 4608 consuetudine
1621 4555 1788 4605 sauctorum
1811 4549 1894 4618 fiant,

143 4649 368 4726 quoniamlepis
383 4647 704 4704 incoeiestileruselem
719 4646 794 4713 eris3
815 4647 880 4704 ideo
900 4647 987 4702 etiam
1044 4641 1144 4713 quide
1159 4641 1221 4696 vivo
1243 4640 1322 4695 iente
1349 4640 1425 4694 velut
1459 4639 1544 4694 rivuli
1571 4639 1753 4704 emanabant,
1787 4643 1815 4694 et
1843 4640 1894 4709 qui

143 4740 247 4796 acriter
260 4737 366 4792 lucrari
377 4736 474 4792 debes.
1044 4728 1141 4784 cibum
1162 4727 1330 4784 hominibus
1352 4727 1504 4794 dederuut,
1528 4741 1614 4798 quem
1627 4725 1656 4782 iu
1671 4726 1776 4797 gaudio
1791 4727 1894 4797 deglu-

437 4824 605 4881 EPlSTOLA
625 4825 693 4881 xii.
1044 4815 1099 4871 tire
1127 4821 1294 4887 potuerunt.
1324 4815 1354 4871 Si
1377 4815 1455 4870 enim
1486 4814 1586 4870 tribuli
1605 4831 1659 4886 pro
1682 4830 1756 4887 pane
1776 4814 1892 4882 dentur,

140 4933 251 4973 sanaris
275 4891 366 4970 sanem
392 4928 505 4970 sumar
531 4929 560 4968 m
585 4929 701 4969 rotoma
723 4929 761 4969 ab
783 4927 988 4970 sinuessanae.
1044 4905 1156 4962 comedi
1171 4921 1227 4962 non
1250 4910 1390 4977 possunt;
1414 4903 1453 4959 ita
1479 4903 1566 4959 etiam
1589 4903 1612 4958 si
1634 4903 1784 4959 stridentia
1805 4903 1894 4958 verba

335 5003 411 5074 Ejus
422 5019 453 5060 ee
464 5002 595 5075 precibus
603 5001 793 5059 commendat,
1043 5009 1095 5065 per
1109 4994 1260 5065 magistros
1282 4991 1431 5063 discipulis
1455 4990 1600 5059 dicuntur,
1626 4990 1704 5062 ipsos
1732 5006 1789 5045 non
1804 4989 1893 5045 aediii-

175 5093 233 5149 ileo
242 5090 361 5148 amabili
375 5091 501 5147 dominae
521 5091 705 5158 artemiam,
720 5095 754 5145 Δ.
779 5090 988 5162 qualiscunque
1042 5090 1119 5154 cant,
1135 5084 1183 5139 sed
1200 5083 1231 5138 in
1246 5096 1375 5138 errorem
1401 5095 1450 5135 eos
1477 5079 1596 5135 ducunt.
1617 5078 1751 5150 liegister
1765 5093 1891 5150 namque

140 5181 273 5237 minister
294 5181 322 5237 S.
347 5181 458 5236 iiartini
479 5180 510 5234 in
534 5178 664 5246 Colonia,
691 5183 758 5250 poet
780 5193 895 5234 cursum
921 5179 987 5234 vitre
1042 5173 1128 5230 rerba
1147 5171 1282 5228 doctrine
1304 5185 1364 5225 suae
1378 5168 1409 5223 in
1434 5171 1564 5222 materne
1587 5167 1739 5224 dulcedine
1762 5166 1889 5224 cribrare

139 5270 297 5341 praesentis,
336 5269 502 5342 paradisum
539 5267 684 5341 possidere
723 5272 840 5322 aeternae
870 5266 988 5323 amaeni-
1042 5261 1138 5329 debet,
1154 5259 1239 5316 itaut
1263 5258 1397 5330 discipuli
1411 5257 1569 5330 gaudentes
1583 5274 1615 5312 os
1638 5273 1722 5312 suum
1747 5257 1890 5328 aperiant,

139 5358 213 5412 tatis.
471 5365 479 5378 ·
1042 5354 1071 5406 et
1084 5349 1134 5405 iila
1152 5348 1323 5421 deglutiant.
1342 5347 1538 5404 itotendinum
1562 5345 1671 5418 quippe
1686 5360 1810 5418 granum
1825 5359 1890 5400 rno-

175 5445 304 5512 uentae
323 5445 450 5513 domina,
467 5450 576 5501 utvere
602 5442 742 5512 creditur,
767 5458 785 5497 a
809 5443 866 5499 lieo
880 5441 985 5497 dilecta
1041 5439 1082 5503 tit,
1097 5443 1127 5494 et
1140 5437 1194 5493 boc
1221 5438 1252 5494 iu
1279 5436 1384 5493 multas
1411 5437 1563 5492 varietates
1590 5433 1701 5490 dividit.
1727 5433 1772 5490 Sic
1798 5435 1888 5492 etism
