3984 6034
167 243 217 298 toa
904 243 931 299 S.
954 239 1188 298 lllLllEGlllllllS
1858 241 1918 296 tes

165 373 220 430 Sed
244 381 341 430 tamen
363 375 393 429 iu
417 374 597 429 invocatione
617 374 671 428 trac
695 372 774 428 nulla
797 390 921 446 persona
941 375 1007 429 isla·
1025 377 1048 432 Δ
1063 373 1156 428 calore
1182 372 1247 428 vitm
1274 388 1324 428 aec
1358 372 1387 426 in
1419 369 1592 428 formatione
1619 387 1670 426 nec
1692 370 1722 426 ia
1744 371 1919 427 excitatione

165 480 233 520 rum
250 464 340 520 trium
361 461 554 518 ineffabilium
576 478 767 535 personarum
783 463 1011 532 omittendacst,
1066 461 1216 518 adhaerens
1239 460 1396 517 visceribus
1421 461 1520 516 matris
1543 476 1611 530 suae,
1636 460 1677 515 ita
1702 459 1787 515 eliam
1811 461 1841 516 ia
1862 477 1918 533 pe·

166 552 304 625 quoniam
319 553 343 609 si
355 552 395 607 ibi
410 551 469 606 ulla
484 567 584 606 earum
599 567 652 624 per
665 550 866 608 infidelitatem
885 552 1014 608 invocari
1067 550 1157 605 riculo
1181 551 1281 605 martis
1305 549 1366 604 sine
1386 547 1583 605 consolatione
1605 547 1728 620 Spiritus
1750 547 1838 604 sancti
1863 547 1918 604 de-

166 641 326 709 omittitur3
352 647 420 695 tuuc
448 639 488 696 ibi
511 638 616 694 veritas
639 639 760 694 salutem
784 656 842 694 non
864 645 1012 713 operatur,
1067 639 1211 708 lineatum
1225 639 1275 712 qui
1290 638 1387 696 necin
1406 641 1501 694 mente
1522 653 1574 693 aec
1588 636 1618 693 in
1641 655 1727 711 opere
1751 654 1918 694 sacramen-

166 730 216 785 sed
230 730 328 801 potius
343 728 451 784 falsitas
465 727 663 800 deceptionem
678 728 788 784 tribuit.
813 729 893 784 Unde
921 734 949 784 et
972 729 1014 786 ibi
1068 727 1103 783 tis
1134 728 1262 783 Ecclesiae
1293 743 1358 799 quae
1391 734 1481 782 avertet·
1514 726 1602 782 totius
1633 727 1790 782 sanctitatis
1820 727 1922 782 existit

166 816 308 874 invocatio
339 817 426 888 bajus
456 815 609 872 ineffabilis
637 816 785 872 Trinitatis
814 834 872 872 aon
906 817 1013 894 deerit5
1067 817 1266 889 purillcantur.
1285 817 1342 872 llac
1365 816 1482 872 audiant
1503 820 1532 871 et
1554 815 1716 888 intelligant
1741 833 1841 871 omnes
1860 834 1918 888 po-

167 905 624 979 qaiaetpurissimobeplismati
641 905 705 962 Filii
728 906 784 961 mei
807 906 931 962 Trinitas
953 922 1014 962 non
1069 907 1143 979 poli;
1173 906 1223 978 qui
1255 921 1377 977 regnum
1412 905 1463 962 Dei
1486 907 1705 977 regeneratione
1736 905 1854 978 spiritus
1889 911 1922 960 et

168 993 268 1062 deluit,
284 994 333 1049 sed
348 993 388 1049 ibi
410 992 553 1048 mirabilia
573 1009 625 1048 saa
649 993 820 1048 mirabiliter
838 1011 890 1066 per
912 998 1016 1050 semat-
1068 1012 1151 1068 aquae
1167 995 1274 1050 intrare
1289 995 1398 1064 voluul,
1415 993 1573 1050 secuudum
1590 994 1668 1066 quod
1692 993 1733 1048 cis
1758 993 1788 1049 in
1812 995 1921 1049 sanclis

167 1081 260 1153 ipsam
281 1080 445 1137 declaravit.
470 1081 654 1153 Ouoprrpter
675 1085 704 1136 et
728 1080 862 1137 homines
883 1081 934 1154 qni
958 1083 1014 1137 sal·
1069 1083 1223 1155 Scripturis
1236 1100 1288 1154 par
1303 1083 1543 1156 donumSpirilus
1562 1083 1651 1138 saacli
1666 1083 1846 1155 propositum
1861 1089 1919 1138 est.

168 1171 229 1226 vari
251 1170 425 1240 desiderant,
451 1169 698 1242 regenerationem
723 1172 790 1226 vitm
819 1172 855 1226 ad
880 1171 1014 1226 salvatio·
1068 1173 1122 1229 Sed
1139 1172 1189 1245 qui
1204 1172 1386 1244 vigilantibus
1403 1171 1492 1228 oeulis
1511 1171 1588 1227 videl
1607 1176 1635 1226 et
1658 1171 1773 1226 attentis
1796 1173 1921 1226 auribus

169 1275 235 1315 uem
250 1259 428 1332 percipiant;
443 1265 473 1316 et
484 1261 558 1315 hanc
572 1259 720 1332 percipere
734 1275 793 1315 non
808 1260 958 1332 negligant
979 1275 1015 1316 ne
1070 1261 1159 1329 audit,
1175 1261 1222 1316 hic
1235 1259 1360 1332 mysticis
1374 1261 1468 1316 verbis
1493 1261 1563 1316 meis
1584 1277 1649 1334 qvam
1674 1260 1708 1315 de
1733 1276 1778 1316 me
1805 1261 1922 1318 vivente

169 1356 298 1420 pereant,
314 1347 383 1420 qaia
396 1351 429 1403 ut
443 1348 605 1406 abortivum
620 1348 754 1421 abjicitur
768 1349 845 1422 qnod
863 1350 941 1422 perit
953 1350 1015 1406 sine
1070 1355 1214 1420 catanam,
1231 1351 1359 1406 oscillum
1373 1349 1562 1422 amplexionis
1575 1349 1713 1422 praebeat.

834 1763 981 1838 VISIO
1025 1763 1254 1851 QUARTA.

173 1956 349 2013 Snuuanruu.
369 1985 403 1994 -
419 1952 500 2018 Quod
512 1952 603 2010 corais
617 1953 780 2026 baptizatus
793 1971 846 2026 per
858 1953 1021 2010 unctionem
1042 1953 1171 2028 episcopi
1195 1954 1295 2010 ornari
1315 1957 1343 2010 el
1363 1954 1491 2012 stabiliri
1510 1955 1601 2012 debet.
1628 1957 1709 2024 Quod
1728 1956 1870 2014 immensa
1898 1964 1928 2016 et

203 2024 372 2091 indeficiens
394 2024 513 2080 dulcedo
538 2025 663 2096 Spiritus
687 2025 792 2092 sancti,
813 2025 901 2082 datur
917 2024 949 2080 ira
969 2024 1187 2088 contractione.
1209 2025 1288 2092 Quod
1309 2025 1467 2108 ineffabilis
1494 2026 1621 2083 Trinitas
1646 2027 1677 2084 iri
1700 2029 1925 2097 confirmatione

107 2131 113 2141 ·
202 2094 410 2161 manifestatur
428 2099 456 2151 et
466 2094 651 2151 viridissimis
664 2095 816 2151 virtutibus
833 2097 1009 2153 declaratur.
1035 2097 1112 2164 Oecod
1135 2095 1265 2153 Ecclesia
1280 2101 1412 2155 unctione
1432 2097 1560 2169 Spiritus
1580 2098 1676 2154 sancti
1703 2099 1827 2166 munita,
1846 2115 1925 2157 nura·

203 2183 292 2239 quara
302 2165 334 2222 ia
347 2181 446 2222 errore
458 2166 655 2238 perversitatis
669 2167 757 2236 aeica·
769 2170 871 2240 polest.
892 2167 987 2224 Verba
999 2169 1043 2224 dio
1063 2167 1090 2223 ai
1101 2167 1136 2222 de
1151 2168 1251 2224 eedem
1265 2185 1307 2225 re.
1332 2170 1409 2236 Quod
1429 2168 1570 2240 baptizati
1582 2169 1614 2225 ia
1627 2170 1760 2226 unctione
1773 2171 1922 2228 chrisma·

205 2238 244 2293 tis
266 2253 286 2294 a
306 2236 439 2309 poratiliae
460 2237 642 2292 decoraretur.
673 2239 769 2295 Verba
790 2237 858 2294 libri
882 2239 994 2309 Rapum
1074 2237 1205 2294 eamdem
1223 2256 1295 2294 rem.
1323 2240 1401 2306 Qrvod
1419 2239 1582 2310 baptizatus
1605 2244 1633 2296 et
1653 2258 1710 2296 aaa
1731 2243 1924 2300 coarmatus

204 2308 370 2364 claritatem
384 2307 568 2379 baptismatis
580 2309 664 2364 tradet
683 2312 711 2365 cl
729 2313 863 2365 ornatum
877 2313 904 2364 et
916 2312 1080 2364 unctionem
1100 2307 1258 2382 superioris
1271 2309 1396 2366 doctoris
1410 2310 1457 2365 sui
1477 2329 1534 2366 aon
1555 2311 1648 2368 babel.
1666 2313 1746 2378 Quod
1767 2313 1798 2368 in
1814 2314 1924 2369 bonore

206 2378 337 2451 Spiritus
347 2379 443 2435 sancti
449 2395 502 2450 per
514 2379 591 2435 solos
602 2379 749 2454 episcopos
763 2380 1111 2449 ccafirrnotioeeercendo
1125 2383 1176 2437 est.
1193 2379 1246 2446 Qui
1260 2381 1489 2452 amafirrnanduru
1503 2380 1636 2438 manibus
1651 2387 1737 2451 leuet,
1752 2382 1784 2438 ira
1805 2384 1926 2442 carnali

204 2449 435 2523 procreatioueei
452 2466 510 2505 aaa
522 2451 725 2524 coniunputur.
739 2451 794 2518 Qui
807 2455 873 2524 post
887 2451 1062 2524 baptismum
1073 2451 1112 2506 ad
1127 2450 1274 2507 diabolum
1288 2456 1451 2519 reuertitur,
1471 2453 1530 2508 nisi
1544 2453 1725 2526 paenituerit,
1744 2455 1925 2511 condenna-

205 2521 298 2587 bitur,·
316 2520 367 2593 qui
379 2523 478 2577 autem
490 2520 664 2593 baptismum
673 2522 802 2593 fideliter
812 2521 949 2595 sequitur,
966 2539 986 2577 a
1004 2523 1060 2578 Deo
1077 2521 1247 2593 suscipitur,
1261 2523 1396 2580 Ecclesia
1409 2537 1465 2596 pro
1479 2523 1556 2596 filiis
1577 2524 1640 2582 suia
1665 2527 1755 2582 Deum
1771 2529 1920 2582 exorante.

206 2590 369 2720 ffiffl
381 2591 484 2664 quidm
497 2592 631 2652 Ecclesia
650 2597 767 2652 resonat
788 2597 819 2650 ut
841 2593 918 2650 tuba.
943 2595 986 2654 lle
1007 2592 1174 2651 amarae
1195 2593 1408 2668 baptizatorum
1431 2595 1613 2654 multimoda.
1648 2596 1744 2653 Verbo
1764 2597 1924 2654 Ezechielis

208 3011 243 3067 Et
256 3009 359 3067 deinde
373 3010 433 3066 vidi
446 3010 715 3082 velul,magnamel
729 3010 881 3066 rotundam
892 3009 1015 3066 turrim:
1037 3008 1225 3075 Bbabebant,
1251 3013 1280 3064 et
1300 3011 1398 3065 tamen
1422 3023 1518 3066 coram
1541 3007 1668 3082 imagine
1685 3011 1761 3066 lente
1788 3011 1922 3067 ambula·

174 3105 264 3157 totam
286 3101 432 3172 integrum
456 3105 485 3156 et
515 3098 669 3155 candidum
691 3099 816 3171 lapidem
837 3098 1019 3166 existentem,
1074 3097 1153 3152 bant.
1169 3097 1222 3154 Sed
1237 3113 1270 3152 ex
1285 3096 1321 3151 iis
1337 3096 1387 3171 qui
1400 3097 1483 3153 illum
1498 3096 1647 3154 turbidum
1669 3105 1697 3154 et
1717 3099 1841 3155 rubeum
1863 3100 1923 3155 lul-

173 3194 289 3262 tresque
321 3189 459 3244 fenestras
482 3190 513 3244 in
540 3187 706 3243 summitate
730 3188 776 3243 sui
800 3187 962 3255 habentem,
986 3203 1019 3242 ex
1074 3201 1174 3258 goram
1203 3186 1403 3257 inspiciebant,
1433 3186 1483 3241 alii
1502 3185 1531 3241 in
1556 3187 1675 3259 praelata
1698 3189 1824 3261 imagine
1847 3189 1922 3245 bena

174 3279 280 3350 quibus
297 3282 394 3333 tantm
415 3277 512 3349 iulgor
534 3277 723 3349 resplenduit,
749 3281 780 3332 ut
803 3276 890 3331 etiam
914 3280 1020 3331 tectum
1075 3275 1170 3331 ornati
1184 3275 1316 3331 alacriter
1337 3274 1522 3345 incedebant;
1536 3277 1585 3331 alii
1610 3292 1644 3331 ex
1667 3276 1728 3348 ipsa
1754 3294 1784 3333 se
1805 3279 1924 3350 rapien-

175 3367 262 3422 tnrris
289 3365 374 3431 illius,
399 3367 476 3438 quod
498 3383 527 3421 se
550 3366 627 3421 velut
648 3366 679 3421 ia
701 3381 803 3421 carum
827 3368 964 3428 erexerat,
989 3363 1020 3419 in
1074 3367 1126 3432 tes,
1152 3380 1214 3419 eam
1228 3364 1452 3437 impugnabant,
1475 3369 1503 3420 et
1527 3365 1674 3420 ordinatas
1702 3365 1922 3423 constitutiones

174 3455 303 3512 claritate
330 3455 450 3527 fulgoris
475 3454 554 3510 illius
587 3454 767 3510 manifestius
795 3455 1018 3527 conspiceretur.
1075 3453 1137 3525 ejus
1167 3453 1342 3521 evertebant,
1375 3453 1411 3508 de
1439 3453 1543 3524 quibas
1577 3454 1694 3527 quidam
1722 3471 1774 3526 per
1795 3456 1924 3512 fructum

175 3545 248 3616 ipsae
273 3550 370 3600 autem
398 3545 531 3600 fenestrae
558 3544 760 3618 pulcherrimis
783 3544 942 3616 smaragdis
964 3543 1020 3598 cir·
1073 3541 1253 3613 paenitentiae
1268 3542 1303 3597 ad
1325 3543 1418 3614 ipsam
1440 3542 1590 3597 humiliter
1612 3544 1843 3612 revertebantur;
1857 3545 1923 3618 qui·

175 3649 241 3690 cum
255 3639 363 3689 ornatae
375 3640 465 3690 eraut.
480 3633 534 3690 Sed
550 3637 578 3689 el
591 3634 642 3689 illa
663 3633 750 3689 turris
772 3635 853 3689 velat
876 3633 907 3689 in
924 3633 1020 3688 medio
1074 3631 1140 3687 dam
1164 3643 1229 3685 vcro
1253 3645 1306 3702 per
1336 3635 1535 3702 contemptum
1569 3630 1599 3687 in
1627 3631 1766 3688 obdurata
1799 3633 1924 3688 elatione

175 3723 252 3778 dorsi
279 3723 424 3796 praedictae
450 3723 598 3778 muliebris
626 3722 762 3795 imaginis
789 3722 922 3795 imposita
948 3726 1021 3790 erat,
1076 3719 1177 3776 mortis
1198 3717 1395 3775 remanebant.
1428 3719 1460 3774 Et
1493 3719 1600 3774 ilerum
1631 3720 1728 3776 audivi
1756 3737 1856 3777 vocem
1888 3723 1925 3778 de

174 3811 267 3867 instar
281 3813 369 3867 turris
386 3811 507 3884 alicujus
523 3828 589 3884 quae
604 3812 634 3866 ia
652 3828 734 3867 muro
752 3811 831 3867 urbis
846 3811 1020 3884 impunitum
1075 3810 1147 3864 coelo
1161 3807 1232 3863 mibi
1256 3807 1421 3863 dicentem:
1447 3807 1525 3864 Sicut
1546 3823 1618 3863 nova
1641 3825 1745 3881 sponsa
1769 3811 1836 3882 agai
1858 3815 1926 3882 post

176 3899 216 3954 ita
232 3899 308 3971 quod
324 3899 374 3955 illa
387 3900 483 3970 imago
498 3917 557 3971 prae
568 3899 736 3955 fortitudine
750 3900 812 3970 ejus
835 3899 1022 3954 nullomodo
1076 3897 1295 3953 illustrationem
1317 3896 1540 3952 inundationum
1567 3913 1632 3969 qaae
1656 3905 1718 3953 orla
1744 3905 1787 3954 esl
1809 3900 1838 3955 in
1862 3902 1924 3956 sole

176 3987 278 4041 cadere
294 3990 416 4058 poterat.
438 3987 470 4041 Et
493 3986 617 4042 infantes
642 3988 705 4041 illos
726 3987 777 4059 qui
799 3992 929 4042 ventrem
949 3986 1022 4042 ima·
1074 3986 1207 4058 justitia,
1231 3985 1282 4058 qui
1304 3985 1447 4041 mundum
1464 4001 1516 4040 sua
1538 3987 1703 4058 pertusione
1716 3988 1923 4058 [sanctificavit

177 4072 251 4144 ginis
265 4074 307 4144 (ut
328 4074 498 4144 praedictum
523 4075 574 4143 est)
595 4073 754 4144 subierant,
777 4075 835 4130 vidi
854 4076 945 4132 mults
964 4076 1023 4130 cla·
1077 4075 1109 4130 in
1131 4073 1217 4147 igneo
1242 4073 1343 4129 ardore
1367 4073 1491 4145 Spiritus
1514 4075 1604 4130 sancti
1632 4076 1765 4132 decorata
1794 4085 1821 4136 et
1852 4095 1924 4134 con·

176 4159 262 4216 ritate
284 4160 444 4228 radiantes;
471 4176 596 4233 quoram
620 4162 670 4216 alii
691 4162 723 4218 in
745 4163 840 4219 tronto
874 4179 964 4234 usque
988 4163 1023 4219 ad
1077 4159 1192 4217 firmata
1217 4162 1251 4216 sd
1272 4161 1478 4233 perlectionem
1503 4162 1611 4219 decoris
1627 4165 1671 4220 sui
1695 4171 1751 4234 est;
1775 4166 1814 4220 ila
1836 4167 1924 4222 eliam

177 4246 265 4319 pedes
279 4247 418 4319 ipsorum,
435 4250 512 4305 velat
527 4265 614 4304 aureo
637 4251 733 4305 colore
747 4250 841 4306 ornati
861 4257 957 4319 erant;
974 4251 1023 4306 alii
1077 4249 1169 4306 lldelis
1186 4251 1274 4305 homa
1289 4249 1339 4322 qui
1354 4251 1602 4322 regenerationem
1616 4253 1646 4308 in
1670 4253 1773 4325 spiritu
1797 4260 1826 4310 et
1848 4271 1925 4327 aqua

177 4353 244 4390 vero
259 4336 415 4391 claritatem
424 4341 536 4393 lantum
549 4339 687 4394 babentes
706 4339 757 4394 illo
771 4339 866 4395 colore
876 4340 1020 4396 carebant.
1078 4337 1209 4410 percipit,
1232 4355 1285 4410 per
1305 4339 1472 4394 unctionem
1495 4341 1649 4409 superioris
1680 4343 1805 4398 doctoris
1826 4344 1925 4400 ornari

179 4424 217 4478 Ex
232 4424 301 4496 ipsis
316 4423 385 4480 item
407 4423 496 4497 aliqui
511 4441 616 4498 purum
632 4431 660 4482 et
672 4427 800 4483 lucidum
820 4427 1021 4498 splendorem
1078 4431 1107 4481 et
1126 4427 1248 4482 stabiliri
1272 4426 1366 4496 debet,
1392 4432 1425 4483 ut
1443 4427 1474 4483 in
1491 4428 1626 4485 omnihus
1646 4431 1783 4486 membris
1804 4431 1863 4487 suis
1888 4433 1923 4488 ad

178 4512 639 4586 aliiveroquemdamturbidum
655 4515 972 4589 clrubaumlulgorem
988 4517 1023 4573 ad
1078 4515 1211 4571 effectum
1251 4515 1435 4571 beatitudinis
1485 4516 1680 4573 conformatus
1714 4518 1923 4590 plenitudinem

178 4602 319 4658 orientem
351 4607 516 4673 vergentem
541 4603 740 4676 inspiciebant.
765 4604 818 4660 Sed
844 4621 878 4661 ex
909 4605 945 4661 iis
973 4607 1024 4679 qui
1078 4603 1186 4660 tructas
1220 4619 1341 4661 summm
1367 4603 1485 4676 justitiae
1518 4607 1677 4679 proterens,
1713 4607 1846 4664 decoram
1879 4609 1922 4666 sui

178 4690 273 4763 ipsum
288 4705 394 4762 purum
408 4695 437 4746 et
451 4692 580 4751 lucidum
595 4692 778 4764 splendorem
793 4694 1022 4750 considerabant.
1079 4696 1196 4748 ornatus
1224 4693 1348 4764 perlecto
1379 4693 1514 4749 inveniat.
1542 4695 1722 4768 Quapropter
1745 4696 1833 4751 turris
1850 4697 1922 4766 haec,

178 4780 297 4853 qnidam
317 4780 408 4836 claros
429 4781 527 4836 oculos
553 4785 581 4837 el
605 4781 692 4838 lorles
715 4785 804 4855 pedes
826 4783 965 4839 babentes
993 4783 1025 4839 in
1079 4797 1166 4854 quam
1179 4780 1268 4850 vides,
1290 4780 1422 4854 designat
1444 4782 1646 4854 flagrationem
1666 4784 1808 4840 donorum
1831 4783 1923 4858 Spiri-

178 4872 278 4922 ventre
291 4867 368 4923 illius
381 4867 517 4941 imaginis
531 4869 645 4926 fortiter
657 4870 835 4927 incedebant,
851 4871 908 4928 atti
926 4875 1024 4928 sulem
1078 4873 1125 4924 tus
1145 4869 1236 4924 sancti
1258 4884 1344 4941 quiam
1379 4869 1457 4925 misit
1478 4871 1562 4925 Pater
1589 4870 1619 4925 ia
1642 4871 1784 4927 mnndum
1806 4878 1924 4944 propter

178 4956 310 5011 intirmos
331 4959 429 5012 oculus
450 4963 481 5013 et
502 4957 611 5014 debiles
633 4958 720 5030 pedes
742 4959 891 5029 habentes,
914 4960 971 5016 bac
996 4965 1025 5016 st
1079 4973 1208 5013 amorem
1231 4956 1285 5013 tilii
1306 4955 1361 5026 sui,
1387 4957 1586 5014 incendentem
1610 4960 1695 5015 eorda
1716 4959 1921 5032 discipulorum

179 5044 249 5099 illac
272 5059 289 5097 a
312 5050 396 5100 vento
410 5046 659 5117 propellebantur.
682 5047 736 5104 Sed
760 5052 788 5102 at
810 5048 867 5120 ipsi
888 5049 1023 5104 bacalum
1078 5047 1155 5102 illius
1168 5046 1199 5102 in
1218 5045 1312 5117 igneis
1326 5043 1444 5117 linguis,
1460 5045 1537 5100 uude
1556 5045 1732 5102 robustiores
1741 5047 1844 5103 redditi
1856 5052 1923 5104 sunt

179 5132 313 5187 manibus
346 5139 486 5204 mirantes,
511 5152 608 5191 coram
643 5136 769 5210 imagine
801 5137 967 5206 volitabant,
991 5153 1024 5194 ac
1078 5136 1107 5191 in
1123 5135 1239 5191 nomine
1254 5139 1360 5190 sauctae
1379 5137 1407 5189 et
1427 5149 1502 5189 verse
1517 5133 1673 5191 'trinitatis
1696 5135 1750 5192 Sed
1773 5138 1852 5209 quad
1868 5135 1920 5209 ipsi

180 5235 243 5273 cam
258 5218 413 5291 aliquando
428 5221 478 5278 sed
495 5226 591 5278 tamen
606 5224 701 5296 tepide
724 5223 875 5280 feriebant.
900 5225 1023 5289 Quidam
1077 5229 1144 5280 ante
1172 5223 1327 5279 adventum
1350 5222 1480 5294 ejusdem
1512 5221 1590 5294 ignei
1612 5223 1736 5296 Spiritus
1769 5226 1860 5280 sancti
1891 5225 1920 5282 in

179 5321 246 5361 varo
261 5324 377 5364 serenos
396 5311 494 5366 oculos
518 5311 567 5367 sed
587 5311 744 5368 imbecilles
762 5313 849 5385 pedes
871 5313 1021 5382 habentes,
1076 5311 1239 5368 habitaculo
1253 5328 1305 5367 sua
1324 5310 1412 5367 clausi
1437 5311 1584 5381 sedebant,
1608 5313 1770 5368 clausuram
1795 5313 1920 5386 carparis

179 5398 246 5449 aute
261 5395 417 5468 imaginem
433 5399 512 5454 illam
525 5401 578 5456 bac
592 5405 621 5456 et
643 5401 709 5458 illac
732 5401 763 5457 ia
786 5418 851 5457 aere
876 5401 1022 5458 discurre·
1076 5401 1206 5473 ipsorum
1226 5399 1424 5468 ostendebant,
1445 5416 1497 5471 per
1513 5416 1601 5472 quam
1621 5400 1716 5458 timidi
1738 5401 1775 5458 ad
1799 5403 1920 5474 loquen-

179 5484 257 5539 baut.
273 5484 329 5539 atii
344 5490 440 5541 autem
463 5486 594 5544 intirmos
618 5491 727 5560 oculos,
752 5491 801 5546 sed
826 5490 913 5546 tortas
934 5491 1023 5563 pedes
1077 5489 1142 5544 dam
1156 5488 1298 5561 justitiam
1318 5487 1379 5557 llci,
1395 5492 1423 5543 et
1437 5488 1606 5560 ’imbecilles
1629 5491 1664 5547 ed
1688 5489 1836 5564 patiendas
1858 5507 1918 5564 pae-
