3984 6034
166 154 221 210 ιιι
898 149 929 207 ι.
949 143 1189 208 ιιιιιιιιιιιιιι
1254 124 1256 126 ’
1862 146 1931 202 aas
1986 144 1987 191 1

164 299 230 357 quaa
244 283 297 341 sub
312 281 384 340 cralo
404 284 472 337 sunt
487 280 628 337 inlocum
641 295 742 349 uuum,
757 283 786 336 et
806 284 943 352 appareat
957 279 1013 336 ari·
1030 280 1053 335 Α
1071 278 1166 339 Verbo
1180 274 1757 359 1)ιίἰηὶἰὸνοΙιαιζιριορὴιιιιόιιεηίἰι,
1774 297 1790 329 ι
1808 275 1928 345 furui,

164 374 209 429 da.
227 374 401 443 Factumque
416 369 511 425 estite
525 368 678 441 (Gen.r).»
699 371 757 425 Hoc
771 368 1012 425 considerandum
1101 367 1214 431 fenim?
1233 348 1313 415 silui,
1330 348 1444 421 italien-⁹
1463 349 1520 418 sub
1536 348 1611 403 ficui
1633 347 1754 425 Parim
1768 348 1889 422 ΜΨ,
1910 366 1928 399 ²

165 460 205 516 sic
218 465 284 515 est:
309 462 363 517 Per
389 459 509 514 verbum
536 458 614 530 quod
634 455 856 528 inextinguibile
879 460 922 510 est
944 470 1011 510 cou-
1100 424 1182 547 2232
1194 420 1454 564 gffl‘ssefffffi
1467 418 1834 563 {Zffpffpggggiffl'ez
1846 418 1930 561 ξιξ

165 550 311 605 fluxerunt
324 564 407 620 aquae
422 563 487 619 quae
505 546 558 602 sub
572 546 754 601 firmamento
769 548 967 600 remanserant
981 543 1013 598 in
1099 563 1181 619 mog,
1198 561 1408 635 intelligantur,

165 640 259 694 locum
279 653 382 707 unum,
406 642 548 708 quatenus
568 639 644 690 terra
663 638 823 706 appararet,
839 649 875 689 no
890 632 931 688 eis
945 648 1011 687 coo·
1100 667 1185 723 ml·
1202 688 1217 717 a
1231 666 1326 737 Tacui,
1348 682 1461 737 semper
1479 665 1556 732 silui,
1570 665 1683 738 patiens
1695 665 1748 734 fui,
1769 665 1847 721 sicu,
1862 680 1926 737 pa-

164 732 247 799 perta
271 726 453 793 inanisceret,
483 729 511 779 et
536 726 591 780 hoc
614 729 770 795 antequam
798 723 1013 778 firmamentum

164 814 377 871 illuminaretur
389 814 498 869 factum
514 817 556 867 est
570 812 620 878 ite,
637 816 670 867 ut
690 810 763 866 illud
784 810 875 866 stellis
889 809 1014 865 elucida-

165 908 239 972 tum,
253 902 356 975 plateis
376 917 517 974 aquarum
540 917 605 972 quaa
632 905 708 955 terra
728 903 796 954 suut
817 899 854 955 ab
874 899 958 969 aquis
972 913 1014 953 se-

165 992 293 1066 gregatis
319 993 436 1047 luceret.
471 992 504 1045 Et
525 988 636 1044 vocavit
658 989 735 1045 Deus
759 988 871 1043 aridam
893 992 1012 1053 terram,

166 1097 233 1154 quae
245 1084 338 1136 mater
349 1078 480 1135 omnium
502 1077 728 1150 germinantium
741 1076 772 1131 in
787 1081 864 1133 terra
877 1079 929 1143 est,
945 1074 1014 1147 quia

167 1174 195 1225 et
204 1169 314 1241 primus
323 1169 412 1224 homo
426 1183 462 1221 ex
473 1166 536 1238 ipsa
548 1167 638 1221 factus
653 1169 706 1233 est,
718 1164 1013 1236 congregationesque

167 1270 308 1327 aquarum
331 1254 486 1326 appellavit
509 1252 611 1320 marie,
637 1268 672 1306 ex
691 1250 796 1323 quibus
810 1267 893 1323 aquoe
907 1252 1011 1317 fluunt,

166 1344 250 1417 quusi
268 1344 359 1399 abeis
377 1346 561 1414 generentur.
582 1364 595 1388 ι
614 1341 646 1395 Et
660 1340 730 1396 vidit
743 1342 817 1396 bans
840 1338 920 1411 quod
940 1342 1014 1393 esset

166 1433 276 1487 bonum
290 1436 340 1499 ‚at
358 1430 419 1485 ait:
437 1429 583 1486 Germinet
605 1432 681 1483 terra
696 1428 815 1483 herbam
830 1427 970 1482 virentem
985 1430 1014 1481 et

165 1520 317 1576 facientem
336 1535 444 1583 semen,
459 1524 488 1573 et
500 1519 613 1589 liguum
628 1517 803 1589 pomiferum
824 1515 932 1571 faciens
954 1515 1013 1570 fru-

164 1614 243 1665 ctum
255 1609 337 1682 juxta
350 1624 442 1679 genus
456 1622 551 1676 suum,
563 1608 645 1679 cnjus
657 1622 754 1661 senten
764 1606 795 1661 iu
806 1603 961 1676 semetipso
976 1603 1013 1659 sit

165 1714 253 1771 super
269 1702 387 1753 terram.
404 1697 438 1751 lit
452 1696 558 1751 factum
580 1700 624 1750 est
637 1694 678 1749 ita
691 1694 783 1766 (ibid).
808 1714 822 1743 ιι
848 1693 924 1749 Vidit
937 1695 1013 1748 Deus

164 1788 233 1859 quia
258 1802 344 1841 omna
368 1785 446 1857 quod
460 1785 566 1839 fecorat
591 1787 667 1837 recte
690 1787 719 1837 et
736 1783 811 1838 haue
834 1780 870 1836 ad
885 1780 1013 1835 officium

163 1890 249 1930 suum
275 1873 403 1946 positum
431 1876 503 1939 erat,
531 1887 564 1926 ec
586 1886 640 1942 per
661 1870 758 1925 rivaus
786 1870 906 1925 verbum
927 1884 1012 1923 suum

163 1963 311 2035 praecepit,
328 1968 360 2017 ut
371 1961 406 2017 ad
421 1960 643 2032 germinandum
657 1960 809 2014 florentem
820 1958 941 2013 herbam
954 1972 1014 2011 me·

164 2057 247 2107 terna
261 2056 338 2106 terra
353 2049 515 2112 viresceret,
530 2048 683 2103 facientem
696 2062 811 2120 quoque
825 2061 934 2113 semen,
943 2061 1012 2117 qua·

163 2144 248 2195 tenus
270 2138 302 2195 iu
316 2138 427 2193 semine
449 2153 501 2191 suo
516 2135 767 2208 multiplicaretur,
783 2150 835 2207 per
849 2134 927 2207 quod
956 2132 1012 2188 ite·

162 2243 229 2283 rum
241 2232 451 2294 renasceretur,
468 2225 606 2297 quoniam
622 2239 708 2280 omna
724 2237 844 2294 germen
865 2238 965 2277 semen
979 2221 1010 2277 iu

163 2332 193 2372 se
215 2316 310 2384 habet,
333 2331 371 2370 ne
395 2314 426 2370 iu
455 2318 559 2369 natura
572 2330 624 2367 sua
638 2312 761 2368 deficiat.
774 2311 862 2367 lussit
875 2312 963 2367 etiam
979 2316 1012 2367 ut

162 2404 338 2477 germinarat
362 2403 475 2476 lignum
497 2401 679 2457 fructiferum
699 2400 806 2456 faciens
828 2400 955 2456 fructum
973 2401 1011 2455 ad

161 2492 347 2560 vescendum,
367 2492 398 2546 iu
419 2495 523 2547 natura
544 2506 596 2545 sua
611 2506 710 2545 semen
735 2488 766 2543 in
793 2489 948 2561 semetipso
962 2489 1011 2545 ha·

161 2581 305 2652 beasque
330 2580 435 2635 iterum
456 2579 601 2651 germinet
616 2593 682 2633 cum
705 2582 917 2649 superterram
940 2577 1010 2632 ceci·

163 2670 248 2728 derit.
260 2672 296 2726 Et
304 2669 343 2723 sic
351 2666 541 2739 adimpletum
553 2670 605 2734 est,
617 2665 864 2737 quamadmodum
876 2682 941 2721 eum
952 2682 1010 2720 ser·

161 2776 214 2815 vus
228 2756 404 2813 laetoanimo
428 2760 571 2825 praecepta
594 2752 703 2809 domini
729 2753 775 2808 sui
796 2752 918 2824 perficit,
942 2770 1009 2809 cum

162 2845 372 2921 paterfamilias
387 2844 469 2899 illurn
484 2858 588 2898 vocaus
609 2840 635 2896 ei
649 2842 766 2913 negotia
789 2858 842 2897 sus
861 2842 1013 2911 commitit,
1034 2842 1055 2897 C

167 2934 289 3007 etquid
312 2934 347 2989 de
369 2946 545 3003 unoquoque
565 2930 651 2985 faciat
673 2930 728 3001 ipsi
752 2929 870 2998 indicat,
895 2930 964 3003 quia
987 2936 1016 2986 et

169 3029 246 3079 terra
272 3037 339 3078 cum
353 3021 459 3093 gaudio
483 3019 519 3074 ad
542 3018 623 3088 jussa
637 3017 753 3073 Domini
776 3018 821 3073 sui
837 3018 1015 3087 movebatur,

169 3112 218 3167 illa
236 3109 267 3165 in
279 3109 413 3166 omnibus
435 3107 628 3179 adimplendo.
646 3126 661 3159 ι
677 3107 709 3162 Et
725 3107 845 3179 protulit
858 3113 934 3162 tarra
949 3109 1017 3164 hcr-

170 3201 237 3256 bam
251 3198 394 3253 virentem
403 3199 432 3250 at
445 3195 612 3251 afferentem
627 3195 812 3267 semenJuxta
821 3212 1015 3267 geuussuum,

169 3288 341 3359 lignumque
355 3283 463 3340 faciens
476 3282 614 3350 fructum,
627 3287 655 3338 et
669 3283 777 3339 habeus
787 3287 1017 3356 unumquodque

170 3380 330 3433 sementem
352 3372 511 3428 secundum
532 3370 659 3443 speciem
677 3388 760 3428 suam
781 3372 878 3444 (Ibid).
905 3394 917 3424 ι
940 3390 1016 3445 quo·

170 3464 250 3522 uiam
279 3467 312 3518 ut
335 3462 409 3517 Dens
431 3461 620 3533 precipiebat
642 3461 764 3532 protulit
791 3468 923 3518 materna
941 3468 1017 3518 terra

170 3551 345 3608 viriditatem
359 3550 516 3605 herbarum
530 3565 630 3605 semen
642 3566 728 3605 suum
742 3550 773 3605 in
791 3566 822 3606 sa
837 3551 1016 3619 habentium,

171 3641 405 3711 viriditatemque
419 3639 567 3711 lignorum
581 3644 789 3710 congruentem
812 3640 939 3712 fructum
952 3656 1017 3711 pro·

159 3729 328 3799 ‚ferentium
342 3727 414 3785 etin
428 3728 539 3783 semiue
558 3743 611 3782 suo
628 3727 849 3797 renascentium,
864 3728 934 3801 quia
947 3729 1017 3784 dum

171 3819 284 3876 semina
296 3817 418 3873 istorum
432 3816 463 3871 iu
476 3819 553 3871 tarra
573 3815 691 3883 cadunt,
711 3816 869 3872 secundum
891 3817 1016 3889 speciem

170 3906 352 3964 formationis
373 3905 551 3960 semitarum
577 3904 635 3960 alia
656 3908 820 3975 resurgunt.
846 3923 861 3957 ι
889 3906 923 3961 Et
946 3904 1019 3961 vidit

171 3999 247 4053 Deus
262 3993 339 4066 quod
363 3997 438 4048 esset
455 3991 576 4060 bonum,
596 4014 607 4042 ι
631 3997 663 4048 ut
675 3993 773 4048 omnia
788 3994 850 4049 brec
873 4009 939 4065 quaa
963 3993 1017 4048 bo-

171 4077 245 4133 mini
269 4080 430 4133 necessaria
451 4084 544 4144 erant,
571 4096 659 4152 quem
683 4080 809 4136 fecturus
843 4081 948 4148 fuerat,
977 4082 1018 4137 ita

172 4165 377 4237 precederent,
407 4183 443 4222 na
468 4168 499 4223 iu
523 4169 654 4240 sequenti
682 4169 851 4225 necessitate
885 4170 1013 4225 hominis

171 4254 316 4309 deficeret.
343 4275 358 4304 ιι
382 4255 556 4328 Factumque
580 4262 622 4313 est
651 4273 769 4328 vespere
793 4264 822 4314 at
845 4275 931 4314 mane
953 4259 1015 4315 dies

170 4342 274 4397 tertius
301 4342 411 4414 (ibid),
441 4365 456 4394 ιι
475 4344 581 4401 scilicet
606 4344 673 4401 fluis
702 4351 732 4402 et
759 4345 886 4414 initium,
910 4347 1016 4419 quibus

171 4432 333 4503 completur
346 4432 464 4488 tertium
480 4450 562 4505 opus,
578 4434 716 4506 quoniam
735 4436 810 4490 ilaus
824 4435 943 4507 praefata
961 4436 1017 4491 tria

171 4535 260 4591 opera
281 4536 348 4576 cam
370 4521 476 4577 circulo
510 4523 635 4578 scientiae
658 4539 717 4578 sua
749 4524 921 4595 profecerat,
951 4542 1017 4597 quae

170 4610 301 4667 nondum
313 4626 380 4666 cum
394 4611 515 4667 mrcuitu
528 4612 717 4668 luminarium
735 4613 877 4669 illustrata
890 4615 1015 4669 fuerant.

171 4699 243 4754 Nam
257 4698 331 4754 sicut
344 4700 419 4772 iguis
433 4700 499 4756 silet
518 4706 674 4772 antequam
687 4700 758 4756 ilatu
774 4702 852 4757 venti
866 4701 1015 4771 excitetur,

171 4786 221 4842 sed
234 4785 305 4843 ilatu
324 4788 403 4843 venti
417 4788 557 4844 excitatus
573 4788 687 4860 flagrat,
700 4789 741 4844 ita
755 4806 828 4860 opus
838 4791 889 4845 ilai
902 4790 935 4845 iu
948 4806 1018 4862 prm·

172 4872 293 4931 scicntia
307 4874 398 4947 ipsius
411 4876 492 4933 siluit
506 4882 662 4949 autequam
677 4877 817 4950 prodiret,
836 4878 887 4933 aad
912 4879 1017 4934 virtute

171 4961 293 5018 viventis
318 4963 398 5020 verbi
426 4964 579 5020 excitatum
605 4964 636 5021 in
662 4965 756 5021 forma
784 4981 837 5023 sua
871 4968 1016 5040 apparuit.

173 5052 253 5107 Unde
263 5052 349 5109 etiem
360 5052 546 5125 inspiratione
557 5069 621 5109 mea
632 5053 772 5125 scriptum
785 5060 839 5111 est.

1065 754 1143 811 ricus
1158 756 1260 827 loquer
1288 756 1361 826 (Iso.
1383 757 1461 826 asu).
1487 773 1501 807 ιι
1523 756 1580 809 lloc
1603 753 1850 809 considerandum
1877 752 1924 806 sic

1067 848 1109 899 est
1124 860 1131 899 :
1148 844 1207 915 Ego
1222 843 1376 915 prophetia
1398 844 1605 915 prophetarum
1617 842 1725 914 Spiritu
1749 847 1851 897 sancto
1866 840 1926 895 im·

1066 933 1145 1000 buta,
1158 932 1234 989 tacui
1248 932 1279 988 iu
1295 932 1442 1003 patientia,
1461 932 1526 986 situi
1542 930 1820 999 inmansuetudine,
1844 929 1923 984 sicut

1066 1022 1181 1093 pariens
1195 1024 1260 1094 post
1275 1021 1404 1076 dolorem
1419 1036 1503 1077 suum
1518 1020 1632 1091 loquar.
1652 1020 1722 1075 Nam
1737 1023 1805 1073 ants
1820 1018 1921 1073 incar-

1067 1109 1214 1164 nationem
1230 1108 1294 1163 Filii
1310 1108 1359 1163 liei
1373 1109 1452 1163 velut
1476 1113 1557 1162 muta
1579 1107 1667 1176 taem,
1691 1107 1733 1162 ita
1749 1112 1781 1162 at
1807 1110 1922 1161 secreta

1066 1197 1156 1269 ipsius
1176 1196 1206 1252 in
1233 1212 1278 1252 me
1301 1196 1419 1252 silenter
1437 1195 1625 1258 continerem,
1650 1211 1703 1250 nec
1716 1211 1750 1251 aa
1765 1194 1798 1250 in
1813 1199 1920 1265 aperto

1067 1286 1184 1358 protuli,
1199 1284 1447 1356 quemadmodum
1461 1283 1543 1356 ignis
1557 1286 1704 1340 flammam
1719 1282 1750 1338 in
1774 1299 1808 1337 se
1821 1270 1922 1338 conh-

1067 1378 1116 1429 net
1130 1389 1194 1446 quae
1209 1388 1387 1445 nauperes,
1402 1373 1450 1428 scd
1470 1388 1486 1427 a
1503 1378 1587 1429 vento
1601 1378 1751 1439 movetur;
1774 1371 1827 1428 sed
1841 1386 1922 1426 nunc

1066 1465 1132 1532 post
1146 1460 1276 1515 dolorem
1290 1459 1373 1515 ilium
1388 1475 1475 1531 quem
1490 1457 1569 1515 idem
1585 1458 1662 1515 filius
1686 1458 1737 1513 liei
1757 1458 1921 1513 secundum

1033 1557 1052 1612 Β
1069 1564 1184 1605 caruem
1196 1549 1227 1603 in
1242 1564 1324 1604 cruce
1348 1564 1449 1621 passus
1467 1553 1518 1613 est,
1536 1547 1609 1603 sicut
1624 1546 1739 1620 pariens
1753 1547 1855 1602 dolore
1871 1548 1920 1602 ab·

1064 1638 1141 1709 jecto
1171 1637 1282 1709 loquar,
1311 1652 1344 1691 aa
1370 1636 1478 1692 scilicet
1499 1652 1565 1709 quae
1589 1636 1670 1708 prius
1695 1637 1920 1703 occultaveram,

1066 1724 1097 1781 in
1109 1725 1214 1797 gaudio
1238 1727 1337 1795 aparte
1358 1726 1518 1796 proferens.
1544 1724 1697 1798 Prophetae
1711 1723 1819 1780 etenim
1835 1740 1922 1778 voces

1066 1830 1131 1869 suas
1153 1814 1272 1869 silenter
1293 1812 1531 1885 comprimebant,
1548 1812 1685 1884 quoniam
1706 1828 1772 1885 quse
1796 1812 1922 1867 scientia

1065 1902 1218 1959 locutionis
1236 1918 1338 1959 eurum
1356 1908 1440 1971 esset,
1457 1901 1579 1975 pleniter
1595 1902 1770 1958 nesciebant.
1794 1902 1878 1957 Unde
1892 1906 1923 1957 et

1065 1992 1143 2063 apud
1161 1991 1330 2063 semetipsos
1350 1991 1462 2047 dicebat
1485 2006 1492 2047 :
1516 2010 1531 2043 ι
1553 1991 1585 2048 0.
1602 2007 1629 2046 o.
1657 2008 1684 2046 o.
1706 1990 1834 2062 pleniter
1857 2006 1920 2045 non

1066 2080 1197 2135 videmus
1212 2095 1276 2152 quae
1289 2080 1446 2151 loquimur,
1460 2079 1565 2136 scimus
1576 2085 1673 2137 umen
1687 2080 1767 2151 quod
1776 2081 1851 2136 Deus
1867 2080 1919 2135 illa

1064 2166 1242 2239 temporibus
1271 2166 1330 2221 suis
1354 2167 1568 2223 manifestabit?
1597 2188 1611 2218 ιι
1645 2169 1678 2223 ut
1702 2168 1743 2223 sic
1770 2167 1919 2240 patienter

1064 2256 1252 2323 sustinebant,
1282 2254 1410 2311 scientiae
1432 2256 1483 2311 Dei
1507 2256 1556 2311 illa
1590 2256 1812 2312 committentes.
1840 2258 1919 2313 Deus

1064 2351 1160 2400 autem
1177 2344 1213 2399 ad
1226 2343 1420 2399 ministerium
1432 2344 1528 2417 operis
1551 2345 1597 2400 sui
1610 2345 1688 2418 quud
1701 2345 1735 2400 ad
1755 2344 1920 2417 imaginem

1064 2450 1146 2490 suam
1168 2432 1284 2499 fecorat,
1324 2432 1374 2487 illa
1400 2432 1585 2504 postmodum
1623 2432 1807 2503 illuminavit,
1838 2436 1920 2488 velut

1064 2528 1155 2578 mater
1180 2526 1245 2593 pust
1270 2527 1386 2593 partum
1408 2521 1532 2590 laetatur,
1560 2538 1625 2578 curn
1640 2522 1781 2577 infantem
1797 2522 1915 2592 viderit,

1066 2610 1203 2683 quamde
1221 2626 1252 2664 se
1275 2610 1385 2679 genuit,
1411 2610 1448 2666 ad
1472 2610 1568 2681 ipsum
1594 2610 1765 2683 suspirando
1792 2610 1918 2666 diceus:

1066 2721 1078 2750 ι
1101 2698 1152 2755 llic
1166 2703 1210 2753 est
1226 2699 1304 2753 filius
1320 2714 1411 2753 meus.
1427 2718 1441 2748 ιι
1463 2700 1509 2755 Sic
1526 2698 1613 2754 etiam
1629 2714 1759 2755 summus
1775 2700 1861 2754 Pater
1887 2700 1921 2755 de

1069 2786 1200 2842 liliosae
1212 2785 1340 2858 loquitur
1356 2802 1362 2840 :
1380 2808 1394 2836 ιι
1411 2786 1562 2858 Egohodie
1576 2786 1665 2858 genui
1679 2793 1707 2842 te
1723 2786 1819 2859 (Psoi.
1838 2787 1890 2858 vr).
1906 2808 1920 2840 ι

1070 2874 1152 2940 Quod
1171 2871 1253 2928 bodie
1272 2872 1417 2929 aeternitas
1437 2873 1489 2929 illa
1504 2878 1547 2929 est
1570 2874 1601 2929 in
1625 2890 1681 2945 qua
1700 2872 1860 2929 secundum
1877 2875 1921 2929 di·

1069 2960 1216 3017 vinitatem
1231 2960 1309 3016 Petri
1323 2962 1574 3034 semperaequelis
1597 2967 1657 3031 est;
1680 2966 1745 3034 post
1768 2960 1852 3031 cuius
1879 2960 1921 3015 in·

1069 3048 1265 3105 carnationem
1279 3050 1433 3121 prophetia
1458 3050 1490 3105 iu
1517 3049 1622 3105 sanctis
1643 3054 1742 3120 sparta
1765 3049 1919 3119 flagrabat,

1070 3138 1120 3211 qui
1141 3137 1324 3209 prophetiam
1340 3138 1545 3210 prophetarum
1570 3137 1741 3209 exponendo
1761 3136 1859 3209 palam
1874 3136 1921 3191 lo·

1070 3227 1242 3302 quebantur,
1273 3226 1346 3282 sicut
1372 3232 1400 3283 ot
1427 3228 1502 3283 Deus
1524 3228 1740 3283 firmamentum
1755 3224 1920 3281 lucentibus

1069 3314 1261 3374 luminaribus
1274 3313 1457 3372 illuminavit.
1481 3315 1544 3373 Alio
1570 3315 1657 3373 modo
1681 3332 1689 3371 ε
1710 3333 1725 3368 ι
1751 3313 1829 3370 Dixit
1850 3330 1920 3370 sero

1072 3406 1145 3461 Deus
1161 3420 1198 3459 :a

1069 3514 1142 3581 Quia
1155 3512 1186 3570 iu
1207 3512 1285 3597 quod
1304 3514 1378 3567 Deus
1395 3512 1505 3567 wcooit
1521 3510 1635 3567 aridam
1660 3512 1779 3578 terrum,
1801 3510 1830 3564 ct
1851 3524 1922 3565 con·

1102 3588 1283 3659 propulsores
1298 3598 1442 3655 equorum
1463 3581 1625 3655 appellauit
1647 3580 1752 3648 mario,
1768 3580 1859 3657 jacto
1871 3578 1922 3634 di·

1104 3672 1200 3713 oersos
1212 3656 1358 3727 respectus
1377 3652 1534 3727 allegorice
1553 3653 1588 3708 de
1603 3652 1730 3708 Ecclesia
1741 3649 1920 3777 ᾳιάβιιιιιν,

1105 3742 1166 3799 qua
1176 3727 1211 3782 de
1223 3724 1354 3798 pluribus
1372 3724 1486 3796 populis
1499 3724 1630 3789 collecta,
1646 3726 1674 3778 et
1682 3723 1753 3792 (ides
1765 3738 1799 3778 ro
1812 3720 1918 3776 aurare

1104 3796 1239 3863 fundata,
1264 3812 1284 3851 c
1311 3794 1405 3849 Dauid
1428 3798 1507 3851 terro
1531 3793 1696 3862 uiuentium,
1721 3798 1747 3851 st
1761 3808 1781 3848 u
1799 3792 1920 3846 Joonne

1105 3867 1235 3949 apostolo
1251 3866 1283 3921 in
1297 3864 1475 3938 Apocalypsi
1494 3881 1575 3921 more
1588 3865 1708 3921 vitreum
1721 3862 1836 3919 meatum
1850 3876 1920 3917 cum

1103 3954 1170 4010 spne
1182 3936 1356 4002 nominatur,
1377 3938 1404 3990 et
1417 3952 1473 4008 quo
1487 3952 1574 3991 suasu
1586 3936 1643 3992 luc
1669 3934 1769 3991 eodem
1784 3933 1918 3989 testimo-

1105 4008 1156 4064 niu
1169 4007 1264 4081 accipi
1277 4007 1408 4063 debeant.

1037 4134 1059 4190 p
1107 4114 1211 4170 XXXll.
1233 4136 1246 4165 ι
1263 4114 1481 4185 Congregentur
1499 4128 1581 4185 equae
1595 4126 1660 4185 quae
1675 4110 1729 4167 sub
1742 4109 1814 4167 coslo
1836 4112 1915 4177 sunt,

1070 4202 1211 4258 inlocum
1235 4218 1338 4269 unum,
1363 4207 1392 4256 et
1413 4206 1551 4273 appareat
1577 4201 1667 4256 arida.
1686 4202 1861 4270 Factumque
1875 4204 1919 4253 est

1071 4290 1111 4346 ita
1129 4292 1213 4362 (Gen.
1236 4290 1265 4359 rt.
1290 4310 1304 4343 ι
1333 4290 1393 4347 Hoc
1419 4286 1660 4345 considerandum
1680 4288 1721 4343 sic
1735 4293 1778 4343 est
1806 4289 1918 4343 :Deos

1070 4380 1193 4451 populos
1207 4378 1433 4435 Christianorum
1442 4377 1627 4450 congregavit
1640 4378 1690 4449 qai
1700 4376 1777 4433 inter
1790 4390 1919 4449 paganos

1071 4464 1136 4537 (ric)
1158 4482 1225 4521 eum
1249 4468 1314 4539 plns
1338 4469 1367 4522 ct
1385 4464 1535 4521 doloribus
1557 4464 1720 4537 impugnati
1744 4464 1775 4520 iu
1798 4462 1919 4520 diversis

1070 4555 1139 4611 locis
1160 4559 1252 4624 erant,
1276 4560 1304 4609 at
1323 4572 1371 4609 eos
1398 4554 1429 4609 iu
1445 4569 1530 4609 uuam
1557 4552 1801 4621 Ecclesiamtulit,
1825 4558 1854 4608 st
1877 4552 1918 4609 sic

1075 4643 1131 4715 ipsi
1159 4645 1234 4699 terra
1260 4644 1417 4699 viventium
1446 4648 1652 4715 apparuerunt,
1676 4642 1749 4698 sicut
1775 4642 1922 4713 Propheta

1075 4730 1159 4787 dicit:
1177 4753 1188 4781 ι
1207 4731 1298 4788 &ado
1315 4731 1412 4787 videre
1439 4728 1515 4797 bona
1540 4730 1655 4786 Domini
1676 4730 1707 4785 in
1730 4735 1808 4786 terra
1821 4730 1921 4786 viven-

1071 4818 1145 4875 tium
1175 4818 1268 4890 (Psoi.
1294 4820 1410 4892 xxvito
1435 4822 1493 4876 Hoc
1516 4819 1758 4875 considerandum
1780 4818 1822 4874 sic
1844 4822 1887 4873 est
1912 4834 1919 4873 :

1073 4910 1132 4983 Ego
1162 4908 1212 4981 qui
1239 4910 1330 4963 Deum
1355 4908 1438 4981 sequi
1467 4908 1578 4977 studeo,
1609 4924 1675 4963 cum
1698 4923 1731 4963 ea
1759 4922 1824 4979 quea
1845 4906 1922 4962 bona

1073 5002 1141 5053 sunt
1163 5012 1277 5069 operor,
1306 4998 1392 5053 credo
1417 5013 1470 5054 nec
1496 4996 1596 5054 dubito
1624 4998 1694 5069 quin
1727 4995 1840 5051 risurus
1864 4996 1919 5049 sim

1074 5086 1151 5142 bona
1173 5086 1222 5141 ille
1241 5102 1306 5158 quoe
1331 5086 1526 5141 Dominatoris
1551 5084 1683 5140 omnium
1707 5088 1785 5152 sunt,
1800 5083 1920 5139 interra

1074 5172 1124 5229 illa
1138 5173 1168 5228 in
1181 5190 1239 5245 qua
1251 5174 1448 5245 beati-vivunt,
1464 5176 1544 5230 nulla
1554 5173 1681 5246 pericula
1694 5172 1796 5229 mortis
1814 5172 1921 5229 amodo

1075 5265 1246 5317 metuentes.
1270 5262 1393 5317 Verbum
1420 5278 1537 5335 quoque
1558 5260 1615 5318 uai‘
1634 5262 1809 5319 dormientes
1836 5277 1920 5316 meu·

1075 5354 1118 5405 tes
1133 5349 1285 5405 hominum
1306 5349 1558 5425 matutinasque
1582 5350 1613 5407 in
1637 5365 1706 5405 sara
1720 5348 1831 5405 risione
1853 5348 1921 5405 fidei

1076 5436 1172 5493 videre
1186 5437 1253 5493 facit
1267 5437 1307 5493 ita
1327 5444 1358 5493 ut
1372 5442 1422 5511 qui
1441 5439 1470 5493 iu
1485 5438 1654 5494 infidelitate
1667 5440 1698 5493 in
1714 5437 1824 5492 inarata
1841 5440 1920 5492 terra
