3984 6034
147 186 215 241 1275
871 177 899 231 S.
919 175 1159 233 tlttbbttttlbls
1829 175 1899 229 tcto

148 321 253 383 mittet,
271 322 300 374 et
315 332 431 373 caruem
451 316 526 370 circe
544 315 646 370 mutes
668 314 732 384 ejus
755 314 875 369 mundet
896 316 925 366 et
946 329 991 366 se·
1009 316 1032 369 Α
1047 326 1137 381 grana
1151 310 1268 379 amittit,
1286 309 1443 382 dequibus
1463 325 1537 365 unus
1552 308 1637 381 piscis
1658 308 1724 377 crit,
1740 313 1770 364 et
1790 324 1902 365 mascu-

148 412 207 461 nst
224 408 375 461 Eleatem
395 420 462 477 qum
476 404 508 459 in
522 419 557 457 eo
572 403 691 458 suntad
709 402 766 458 elie
785 401 996 457 medicamenta
1049 401 1094 455 lus
1110 400 1153 455 lac
1174 414 1258 455 suum
1275 400 1399 471 desuper
1413 399 1524 465 fundet,
1539 401 1569 453 et
1580 397 1664 469 juxte
1688 397 1761 453 illud
1784 412 1900 453 moran·

147 511 207 550 non
221 495 328 549 vdent.
582 542 587 549 .
1049 494 1105 554 tur,
1125 489 1195 544 dum
1215 505 1249 543 ex
1270 501 1336 543 aere
1355 487 1443 543 vitem
1467 486 1597 557 cepiant3
1621 492 1651 541 et
1673 486 1777 541 iterum
1798 501 1901 557 proce-

293 581 359 636 Cao.
379 580 425 633 Vl.
444 607 480 617 -
500 578 541 633 lie
560 577 659 631 wrm
677 575 717 646 (t)
734 572 846 648 [1l,o].
956 592 959 595 ·
1050 578 1177 645 dunt,et
1197 577 1285 632 simili
1305 576 1391 631 modo
1415 576 1546 640 leucbeat,
1567 580 1598 629 ut
1613 574 1782 645 praedictum
1798 579 1851 641 est,
1873 579 1902 629 et

189 670 282 725 Wclon
305 669 370 741 plus
393 666 430 722 de
450 665 541 723 calido
561 679 628 721 ecre
646 680 734 737 quem
757 664 791 719 de
813 662 919 734 frigido
941 666 994 729 est,
1050 665 1189 721 sicambe
1211 664 1320 719 faciunt
1334 665 1403 719 darm
1425 677 1478 735 per
1496 662 1594 717 omniu
1608 667 1791 718 evacuentur.
1808 661 1838 717 Si
1853 676 1902 714 en-

148 765 177 813 et
195 757 290 829 magis
309 757 387 812 diem
410 771 498 827 quam
523 758 638 809 noctem
662 752 765 824 diligit,
794 758 823 806 et
850 752 996 807 frumento
1049 758 1108 809 tem
1127 753 1249 824 quilibet
1269 754 1357 808 bomo
1372 752 1569 819 virdroszkeyt,
1590 750 1618 805 id
1643 754 1687 805 est
1704 751 1818 819 leytsam
1836 748 1900 803 ani·

148 848 225 918 quod
250 846 284 901 in
304 860 394 917 equas
416 843 503 911 cadit,
526 846 556 897 et
576 842 612 897 de
632 840 717 897 bonis
738 839 811 896 aliis,
829 840 926 896 herbis
944 856 995 911 pa·
1050 857 1128 897 mem
1152 840 1250 909 babet,
1273 841 1390 896 oculum
1413 840 1501 909 piscis
1514 838 1593 893 iltius
1611 843 1663 893 eut
1687 838 1717 894 iu
1734 853 1831 903 aureo,
1851 842 1902 892 aut

148 935 238 990 scitur
260 934 309 1006 (t).
331 934 365 989 lit
388 948 472 988 senes
492 946 593 987 cernes
615 929 711 994 hebet,
735 934 765 984 et
787 934 846 984 tem
872 928 996 983 infirmis
1050 931 1232 1001 iuergeuteo
1248 930 1357 984 enunlo
1372 926 1566 995 monedeira
1583 932 1614 981 ut
1629 927 1840 982 oculuscutem
1858 925 1902 979 di·

149 1040 237 1096 quam
258 1022 335 1077 senis
357 1019 524 1076 bominibus
537 1019 573 1074 ad
587 1018 798 1073 comedendum
819 1018 902 1073 bone
917 1021 994 1085 sunt,
1050 1018 1103 1092 giti
1117 1022 1228 1090 tangat,
1249 1023 1393 1089 quatenus
1416 1016 1490 1071 cutis
1510 1015 1546 1071 de
1562 1016 1645 1071 oculo
1664 1015 1716 1070 illo
1737 1015 1902 1075 incalescat,

150 1118 179 1168 et
203 1111 326 1180 leychent
347 1115 379 1164 ut
406 1108 456 1163 alii
477 1107 569 1177 pisces
589 1106 636 1177 (3).
668 1106 705 1162 Et
728 1105 819 1163 bomo
848 1102 894 1159 cui
921 1103 997 1159 oculi
1051 1108 1179 1164 cleliam
1201 1122 1266 1162 eum
1282 1105 1450 1177 saspeedos
1469 1119 1553 1158 suum
1569 1108 1668 1175 ponat,
1688 1108 1717 1158 et
1739 1103 1903 1157 intellectus

150 1200 286 1271 caligent,
317 1198 354 1252 fel
378 1197 442 1268 ejus
465 1194 597 1266 accipiet,
615 1198 645 1249 et
665 1194 693 1250 ei
713 1194 750 1249 de
769 1210 853 1249 succo
877 1192 996 1249 feniculi
1050 1198 1113 1269 ejus
1129 1196 1256 1267 evigilat,
1271 1194 1302 1249 id
1317 1199 1359 1249 est
1376 1193 1483 1248 socom
1499 1193 1563 1247 erit.
1580 1191 1663 1257 Quod
1683 1190 1707 1246 si
1727 1190 1828 1246 octrlus
1848 1190 1903 1243 iste

150 1287 239 1343 addet
258 1291 288 1341 et
309 1300 414 1357 peuces
434 1288 531 1355 guttas
551 1282 620 1349 viui,
640 1285 669 1336 et
692 1287 759 1337 tenc
778 1282 820 1337 sic
841 1281 996 1337 commixto
1050 1286 1105 1341 boc
1120 1300 1205 1341 mouo
1231 1284 1283 1339 diu
1295 1284 1400 1339 durare
1415 1282 1446 1337 in
1468 1281 1557 1336 euulo
1582 1295 1641 1336 nou
1665 1284 1770 1351 potest,
1792 1284 1902 1335 novum

150 1375 226 1430 circe
244 1372 401 1446 palpebras
417 1377 448 1427 et
466 1371 541 1427 circe
564 1371 662 1426 oculos
684 1386 751 1425 suos
772 1386 808 1425 ex
825 1385 860 1425 eo
883 1370 996 1425 modice
1049 1374 1303 1447 oculumsjsisdem
1319 1371 1405 1444 piscis
1419 1370 1447 1427 ei
1460 1370 1568 1427 iterum
1581 1369 1708 1441 impone.

151 1466 251 1534 unget,
275 1461 325 1517 sed
340 1463 501 1532 precaveat
515 1475 554 1514 ne
577 1459 675 1514 oculos
698 1458 819 1513 interius
835 1461 944 1529 tangat,
968 1462 998 1513 et
1204 1465 1269 1521 cie.
1290 1462 1334 1517 lx.
1353 1490 1389 1502 -
1408 1462 1449 1515 lis
1467 1460 1558 1515 Hacur
1577 1458 1615 1529 (9)
1631 1456 1688 1529 [1v,
1703 1458 1741 1528 ⁹]-

150 1550 301 1623 celigiuern
331 1551 481 1605 oculorum
498 1547 620 1618 fugabit.
650 1548 684 1601 lit
708 1547 732 1601 si
755 1547 821 1617 quis
843 1546 995 1617 dejecere
1085 1554 1172 1609 flecti
1194 1549 1386 1625 [luctasse]
1409 1550 1475 1619 plus
1496 1548 1532 1603 de
1549 1547 1642 1603 calido
1661 1561 1728 1601 aere
1748 1550 1793 1601 est
1812 1560 1903 1617 quam

151 1638 214 1709 ejus
227 1642 308 1693 cocto
329 1635 467 1703 comedit,
480 1650 597 1691 omnem
616 1634 748 1704 livorem,
763 1634 794 1690 id
813 1640 856 1690 est
877 1635 951 1703 elau,
967 1638 996 1689 et
1016 1613 1035 1667 Β
1053 1639 1088 1695 da
1097 1638 1376 1712 frigidollol,atque
1385 1636 1417 1692 in
1426 1635 1552 1709 paritate
1563 1650 1597 1689 ac
1611 1634 1642 1689 in
1649 1633 1803 1690 medietate
1810 1650 1902 1705 eque·

150 1742 235 1783 omne
254 1740 410 1791 vencnum,
424 1724 456 1780 id
469 1729 513 1781 0⁸²
526 1724 630 1795 ‘filtro
646 1723 696 1795 (1¹¹i
710 1723 742 1779 5¹¹
759 1722 905 1779 ⁸¹⁰m³⁰h⁰
919 1720 997 1778 illim
1051 1745 1118 1785 rum
1141 1729 1264 1785 libenter
1276 1731 1422 1794 versetur3
1445 1730 1474 1781 et
1490 1724 1568 1780 diem
1583 1723 1688 1796 diligit,
1712 1726 1741 1779 et
1763 1737 1828 1778 ecer
1847 1728 1901 1787 est,

150 1821 203 1879 θεὲ.
230 1814 307 1871 ciret
324 1830 354 1870 ³⁰
371 1813 482 1886 collisit
504 1814 535 1867 tt
556 1812 592 1867 ed
607 1828 638 1866 se
660 1811 759 1881 trehit,
782 1816 812 1867 et
835 1811 877 1867 ita
897 1826 995 1867 secum
1052 1822 1082 1872 et
1102 1820 1185 1886 prim,
1201 1817 1279 1871 velut
1292 1815 1391 1886 eliqua
1403 1813 1496 1869 bestie
1510 1812 1542 1868 in
1555 1812 1643 1879 silan
1662 1816 1750 1883 atque
1768 1808 1903 1865 ubicum-

149 1921 203 1977 per
224 1919 369 1960 secessum
389 1901 498 1974 abjicit,
519 1904 548 1956 et
562 1901 602 1957 sic
621 1901 672 1955 ille
689 1901 720 1957 ie
739 1901 887 1957 stomacho
910 1916 997 1955 senus
1052 1921 1108 1977 que
1125 1910 1265 1971 moretur,
1281 1903 1373 1973 pisces
1387 1901 1542 1969 consumit,
1558 1907 1588 1955 et
1602 1916 1692 1971 eques
1707 1899 1771 1953 illes
1786 1898 1823 1953 de
1839 1897 1902 1951 eliis

150 1994 215 2050 erit.
238 1995 294 2050 Cor
315 1998 412 2048 summ
433 1991 497 2062 ejus
510 2004 564 2044 nec
585 1988 622 2045 ad
645 1990 865 2052 comedendum,
885 2003 939 2045 nec
960 1987 996 2043 ad
1052 1994 1177 2065 piscibus
1194 1998 1320 2047 evacuat.
1339 1992 1411 2046 liam
1427 1990 1536 2045 munde
1551 2005 1657 2061 pascua
1671 1989 1828 2061 quaeritet
1848 1986 1902 2041 du-

150 2082 359 2138 medicamcnta
374 2081 460 2148 velet,
478 2084 508 2133 et
520 2077 669 2133 bominem
691 2077 771 2132 laedit
785 2075 835 2148 qui
858 2076 929 2131 illud
952 2092 998 2131 co·
1051 2096 1098 2137 m
1111 2098 1143 2136 sc
1160 2096 1243 2135 sanas
1264 2096 1364 2135 carnes
1379 2080 1475 2135 habet.
1492 2076 1700 2134 Tsm'iufirmis
1717 2092 1806 2149 quam
1824 2075 1902 2130 sanis

150 2170 251 2225 medit
271 2169 327 2225 Sed
341 2173 445 2225 caetere
463 2182 528 2240 quae
542 2166 573 2223 in
591 2182 626 2222 eo
649 2169 716 2221 sunt
737 2165 774 2222 ed
788 2165 998 2221 medicamenta
1051 2170 1218 2227 homiuibus
1241 2169 1326 2225 boum
1350 2168 1468 2223 suntad
1491 2165 1713 2223 comedendum.
1738 2167 1800 2238 lpse
1822 2164 1901 2219 enim

150 2274 211 2314 non
223 2257 322 2313 vdent
334 2256 382 2328 (t).
1052 2260 1180 2315 medium
1196 2262 1390 2329 temperatum
1409 2256 1534 2311 ederem
1550 2255 1646 2325 hebet,
1662 2259 1692 2310 st
1711 2254 1776 2311 ideo
1799 2268 1902 2309 cernes

332 2346 397 2401 Cer.
418 2344 475 2399 Vll.
496 2372 531 2385 -
550 2344 591 2399 nc
611 2344 679 2399 besa
700 2342 755 2411 llll,
771 2341 811 2415 8].
1052 2348 1114 2419 ejus
1132 2360 1210 2401 seue
1231 2351 1308 2401 sunt.
1334 2346 1367 2401 Et
1389 2344 1529 2416 quasdem
1550 2343 1687 2399 herbulas
1711 2342 1857 2399 masculus
1873 2346 1903 2395 et

184 2436 255 2491 besa
280 2434 365 2505 [lisox
386 2431 443 2505 ed]
467 2432 502 2487 de
528 2431 621 2487 calido
642 2446 708 2486 aem
729 2431 822 2502 magis
843 2446 931 2502 quam
960 2432 997 2487 de
1052 2436 1159 2491 femine
1180 2435 1345 2501 comedunt,
1360 2434 1397 2489 de
1418 2431 1523 2505 quibus
1540 2432 1665 2503 petopeto
1684 2431 1714 2486 in
1734 2447 1769 2486 so
1783 2430 1896 2498 crescit,

150 2523 266 2595 frigido,
291 2527 320 2578 et
338 2521 416 2577 diem
440 2519 547 2592 diligit,
571 2523 600 2575 et
623 2519 746 2575 fundum
771 2534 913 2592 equarum
939 2534 997 2575 uon
1052 2530 1081 2579 et
1094 2524 1166 2579 illud
1180 2524 1258 2578 velut
1276 2522 1373 2578 caeteri
1394 2521 1486 2595 pisces
1501 2519 1615 2576 emittit.
1633 2522 1666 2575 Et
1686 2520 1711 2574 si
1732 2519 1797 2592 quis
1813 2520 1900 2574 bomo

150 2609 266 2683 querit,
281 2608 332 2664 sed
350 2608 381 2664 in
395 2607 552 2664 medietate
565 2622 707 2679 equarum
721 2622 828 2677 pascue
839 2623 892 2662 sue
913 2621 997 2678 qure-
1049 2614 1131 2685 Jecor
1145 2612 1206 2683 eius
1228 2626 1305 2683 saepe
1318 2610 1454 2678 comedit,
1470 2610 1576 2664 bouem
1589 2616 1619 2663 et
1630 2623 1747 2663 suarem
1762 2608 1900 2681 digestio·

150 2699 199 2769 rit,
217 2703 304 2769 alque
318 2697 349 2753 in
373 2694 547 2768 quibutdam
564 2695 635 2763 leym
656 2693 705 2751 ubi
723 2693 853 2749 herbula
877 2709 999 2749 fluctul-
1050 2718 1118 2758 nem
1138 2706 1230 2772 peret.
1259 2699 1329 2754 Etsi
1352 2699 1460 2754 vermis
1486 2698 1634 2755 bominem
1650 2702 1698 2752 eut
1713 2713 1800 2769 pecus
1819 2712 1901 2752 com·

150 2790 208 2852 cur,
232 2791 262 2841 et
282 2785 347 2840 rues
374 2783 501 2839 eomedit
525 2781 578 2855 ot
607 2787 636 2837 et
660 2798 761 2839 camos
783 2784 847 2856 eius
869 2781 997 2839 saniores
1051 2789 1122 2857 arri,
1138 2804 1202 2844 ossa
1216 2787 1302 2859 piscis
1316 2788 1403 2859 unius
1422 2786 1578 2858 pulveriza,
1598 2790 1628 2841 st
1640 2786 1788 2857 pulverem
1811 2786 1901 2841 istum

151 2874 287 2931 cernibus
313 2871 450 2929 salmonis
468 2876 547 2940 suut,
572 2875 657 2943 etque
673 2870 750 2927 senis
769 2870 938 2927 bominibus
960 2871 997 2927 ed
1015 2892 1136 2951 emper
1148 2879 1211 2934 loca
1225 2878 1286 2949 ipse
1300 2892 1387 2948 pone,
1405 2880 1434 2931 et
1450 2890 1561 2931 vermes
1575 2875 1750 2930 morientur.

151 2962 361 3020 comedendum
387 2960 466 3017 bone
487 2959 622 3030 eristum,
656 2959 787 3017 infirmos
814 2965 912 3017 eutem
949 2958 999 3015 eli·
1231 2966 1296 3021 cip.
1316 2966 1347 3020 x.
1368 2994 1403 3005 -
1424 2966 1463 3019 Dr
1483 2965 1576 3021 uiuo
1595 2962 1650 3035 Ην,
1670 2962 1722 3033 to].

154 3057 297 3125 quantum
315 3051 454 3123 fatigent3
473 3048 548 3122 quie
565 3049 643 3105 enim
666 3048 754 3119 piscis
775 3049 830 3105 iste
849 3049 884 3104 de
905 3048 999 3105 calido
1087 3056 1175 3111 Bardo
1191 3053 1314 3126 [Silurus
1334 3052 1388 3126 cd]
1407 3052 1444 3108 de
1457 3052 1551 3108 calido
1565 3068 1632 3109 eere
1646 3056 1687 3107 est
1701 3050 1795 3121 magis
1812 3068 1900 3123 quern

151 3156 218 3197 uere
243 3147 298 3210 est,
323 3154 425 3197 cernes
455 3140 519 3210 ejus
545 3137 624 3193 sanis
652 3137 818 3194 bominibus
840 3137 892 3209 qui
914 3136 999 3192 calidi
1053 3144 1089 3199 de
1102 3144 1217 3216 frigido,
1233 3149 1264 3198 et
1283 3142 1360 3198 diem
1379 3141 1483 3214 diligit,
1503 3146 1533 3196 et
1555 3140 1681 3195 calorem
1704 3140 1828 3196 libenter
1852 3140 1902 3195 be·

151 3234 220 3285 sunt
246 3228 330 3285 boum
354 3231 433 3293 sunt,
464 3225 589 3281 infirmis
608 3230 707 3282 eutem
729 3225 780 3297 qui
807 3225 905 3297 frigidi
931 3231 1000 3281 sunt
1052 3232 1116 3301 bet;
1140 3237 1254 3286 etcum
1275 3230 1393 3302 aliquod
1412 3230 1504 3301 frigus
1525 3229 1655 3297 senserit,
1675 3234 1738 3283 tum
1761 3228 1902 3300 quasdem

152 3317 209 3372 illis
237 3332 297 3371 ⁰⁰¹1
326 3316 436 3380 ”lenit
460 3319 491 3369 ⁰²
517 3315 620 3383 ¹0th
649 3321 683 3369 ⁰1
708 3312 804 3369 wistri
831 3316 922 3387 {riwes
949 3315 997 3386 (ol.
1053 3321 1222 3376 cavernulas
1245 3318 1343 3386 intrat,
1366 3324 1399 3374 ut
1421 3318 1453 3373 in
1472 3318 1513 3373 eis
1528 3317 1654 3373 celerem
1677 3317 1795 3384 bebeet3
1821 3320 1851 3371 et
1872 3318 1902 3371 in

152 3406 207 3461 Sed
227 3406 310 3476 jecor
329 3403 393 3474 ejus
413 3404 508 3459 mollis
535 3410 588 3472 est,
617 3408 647 3459 et
674 3403 822 3459 bominem
847 3403 937 3460 indit.
967 3406 1000 3460 lit
1053 3410 1113 3465 sole
1140 3410 1265 3465 libenter
1290 3413 1343 3477 est,
1367 3413 1396 3462 et
1422 3407 1454 3462 iu
1479 3423 1512 3462 eo
1529 3422 1642 3462 summe
1662 3406 1766 3473 vectet,
1787 3411 1816 3460 at
1836 3406 1903 3461 ideo

152 3499 255 3549 caetere
268 3492 375 3565 quaein
389 3508 425 3547 eo
437 3496 506 3549 sunt
520 3508 579 3547 nou
594 3493 718 3549 multum
733 3497 855 3564 prosunt
866 3492 918 3564 (7).
1053 3498 1195 3569 cerceios
1214 3497 1311 3553 mollis
1325 3503 1368 3551 est
1381 3501 1410 3551 et
1432 3497 1599 3565 zufloszlich.
1622 3494 1675 3551 Sed
1697 3495 1729 3551 iu
1748 3494 1903 3549 medietate

334 3581 399 3638 Cer.
420 3582 492 3637 vlll.
510 3608 548 3623 -
566 3582 608 3638 ba
629 3583 754 3638 Corseas
773 3582 822 3653 (8).
1053 3600 1194 3658 equarum
1218 3594 1359 3653 versetur,
1385 3590 1414 3640 at
1434 3586 1543 3640 munde
1566 3600 1672 3655 pascae
1690 3582 1804 3655 querit,
1828 3588 1857 3638 et
1873 3588 1905 3637 ut

188 3671 320 3744 Goppree
338 3671 404 3744 plus
423 3670 458 3725 de
472 3670 579 3743 frigide
600 3671 742 3742 quamde
758 3670 852 3725 calido
867 3686 932 3726 ecre
946 3677 999 3739 est,
1054 3675 1103 3730 alii
1118 3676 1210 3746 pisces
1231 3689 1330 3729 semen
1344 3689 1429 3730 snum
1448 3672 1660 3745 exponit-qnod
1680 3674 1715 3728 de
1728 3672 1903 3745 quibusdam

153 3764 183 3816 et
197 3759 275 3815 diem
299 3757 405 3832 diligit,
422 3763 451 3813 et
465 3774 581 3829 semper
600 3758 630 3814 in
648 3758 731 3813 novis
744 3764 774 3813 et
790 3759 904 3832 frigidis
918 3761 1001 3825 aquis
1055 3763 1185 3820 berbulis
1206 3764 1318 3831 leychet,
1336 3777 1369 3817 ec
1382 3762 1541 3832 plurimum
1557 3760 1586 3815 iu
1602 3761 1657 3816 boc
1670 3776 1758 3833 opera
1775 3760 1904 3815 studiose

153 3852 185 3904 et
195 3849 276 3921 juxte
294 3848 417 3904 fundum
433 3863 577 3919 equarum
590 3853 731 3915 versetur,
746 3854 834 3920 atque
854 3850 1000 3905 interdum
1054 3852 1176 3921 laboret,
1200 3852 1240 3907 ite
1255 3851 1333 3924 quod
1355 3850 1441 3905 etiam
1459 3852 1586 3922 tapetem
1599 3850 1704 3905 studet.
1723 3851 1755 3904 lu
1770 3848 1904 3921 plurimis

153 3938 289 4009 inpuris
313 3937 395 4009 equis
414 3936 583 4002 delectetur,
608 3942 637 3991 et
658 3936 703 3992 bis
727 3937 946 4005 collemate,
973 3944 1003 3993 et
1055 3940 1125 3995 locis
1139 3955 1198 3994 uuo
1221 3944 1352 4011 tempore
1375 3940 1478 4008 leychet
1498 3944 1654 4009 antequem
1672 3944 1774 3993 cesset.
1799 3937 1856 3993 Sed
1879 3938 1903 3992 si

156 4042 242 4081 senos
263 4026 343 4081 cibos
362 4025 476 4097 quaerit.
503 4026 536 4080 Et
556 4040 658 4081 waes
681 4027 744 4097 ejus
762 4031 897 4082 comestas
918 4041 1003 4081 sanos
1057 4044 1144 4083 senus
1158 4028 1246 4083 bomo
1265 4042 1333 4082 enm
1347 4028 1514 4099 frequenter
1528 4026 1664 4093 comedit,
1686 4025 1714 4081 si
1728 4041 1780 4081 nec
1802 4040 1903 4081 sanam

154 4114 287 4169 homines
304 4128 365 4168 non
389 4113 510 4169 laedunt.
532 4114 644 4170 lullrmi
663 4120 761 4170 eutem
783 4131 832 4171 ees
854 4115 1002 4170 moderate
1056 4132 1171 4174 mem
1185 4132 1236 4171 uec
1248 4131 1351 4171 sanum
1365 4116 1537 4187 sangninem
1553 4120 1644 4187 parat.
1661 4115 1695 4170 lit
1707 4114 1732 4168 si
1743 4112 1807 4187 quis
1817 4121 1906 4185 ceput

154 4201 317 4268 comedant,
340 4201 410 4273 quie
429 4201 466 4256 de
484 4201 589 4273 frigido
611 4219 676 4258 aere
700 4208 776 4259 suut.
800 4204 882 4258 locor
905 4210 1001 4259 autem
1019 4188 1041 4243 Β
1057 4204 1119 4275 ejus
1133 4204 1300 4274 frequenter
1318 4200 1452 4267 comedit,
1468 4201 1598 4256 dolorem
1614 4201 1645 4255 iu
1659 4200 1752 4272 capite
1770 4200 1833 4271 ejus
1855 4216 1904 4272 ps-

155 4292 218 4363 ejns
234 4290 332 4346 nullus
354 4291 497 4357 comedet,
513 4292 568 4347 uisi
589 4308 655 4347 cum
670 4292 736 4347 dille
749 4297 800 4347 ant
812 4292 937 4349 feniculo
954 4309 1001 4362 po·
1057 4297 1101 4349 ret
1124 4297 1154 4346 ct
1175 4290 1393 4362 excitatumque
1415 4289 1487 4345 alias
1505 4289 1599 4345 febres
1614 4288 1645 4343 in
1669 4288 1732 4360 ipso
1746 4288 1821 4343 facit.
1849 4288 1904 4344 Sed

155 4380 254 4448 salue
276 4383 305 4434 at
327 4379 369 4433 sic
387 4380 567 4449 comedetur,
592 4379 642 4435 sed
662 4382 751 4449 rogim
779 4386 809 4435 et
830 4382 913 4436 mart
941 4382 1003 4452 ejus
1057 4380 1154 4436 nullus
1178 4380 1265 4434 homo
1285 4392 1421 4450 grumum
1453 4377 1517 4449 ejus
1534 4377 1674 4444 comedat,
1697 4376 1810 4449 quiesi
1836 4390 1905 4431 enm

157 4467 271 4525 comedi
293 4473 440 4539 poterunt.
460 4469 494 4523 Et
507 4469 637 4524 herbulae
660 4467 815 4539 dequibus
831 4470 1002 4525 foecuudite·
1057 4468 1222 4537 comederit,
1242 4467 1310 4523 inde
1332 4466 1451 4523 dolebit.
1469 4466 1539 4521 Nem
1556 4464 1625 4537 quie
1639 4470 1727 4534 ceput
1747 4463 1832 4535 piscis
1853 4466 1908 4519 bu·

156 4564 216 4615 tem
242 4557 357 4629 accipit,
390 4559 560 4627 cetaeaaopct
584 4558 764 4629 aliquantum
795 4559 1001 4616 essimilentur.
1054 4559 1102 4631 jus
1131 4573 1214 4613 aerae
1238 4556 1383 4611 viriditate
1410 4558 1498 4621 cerat,
1524 4554 1661 4609 limosum
1688 4567 1834 4609 venenum
1860 4553 1906 4607 in·

157 4646 193 4701 Et
212 4660 280 4701 cem
304 4649 419 4715 tenipus
441 4660 528 4700 suum
556 4643 655 4712 instet,
679 4646 751 4717 lepra
774 4647 889 4719 quaerit,
911 4651 939 4701 et
960 4645 1004 4702 ibi
1057 4654 1185 4703 trorsum
1199 4646 1288 4701 trabit
1302 4646 1338 4700 de
1353 4659 1412 4717 quo
1428 4642 1579 4699 cerebrum
1601 4648 1630 4697 et
1642 4640 1738 4697 fauces
1756 4641 1820 4713 ejus
1839 4642 1906 4697 inti·

209 4772 218 4823 l
244 4769 352 4826 Silurus
368 4770 476 4825 Gloria.
1058 4776 1087 4827 et
1100 4770 1131 4825 in
1145 4768 1258 4843 quinta,
1273 4772 1303 4823 et
1316 4768 1346 4823 in
1369 4766 1491 4839 septime
1505 4766 1584 4821 idam
1604 4764 1699 4835 faciet,
1724 4781 1784 4821 non
1807 4771 1906 4823 eutem

204 4841 221 4893 t
248 4842 284 4895 lit
297 4842 386 4909 caepis
401 4870 435 4880 —-
447 4840 573 4909 poscitur
588 4855 647 4894 om.
660 4840 707 4897 ed.
1057 4842 1089 4897 in
1115 4840 1248 4907 secunde,
1278 4838 1381 4893 necin
1402 4843 1515 4918 quartu,
1538 4852 1590 4891 nec
1613 4838 1644 4892 in
1667 4842 1755 4892 sexta.
1774 4838 1807 4893 Et
1824 4838 1849 4891 si
1871 4838 1907 4893 de

208 4914 233 4977 dl
246 4913 282 4967 lit
295 4938 332 4953 —
343 4915 432 4981 pisces
442 4926 500 4965 om.
515 4911 561 4965 ed.
1059 4912 1115 4968 alie
1137 4916 1216 4984 peste
1236 4912 1325 4965 bomo
1338 4908 1490 4981 caliginem
1506 4908 1639 4975 senserit,
1656 4908 1731 4965 istud
1745 4908 1906 4963 remedium

206 4981 235 5052 4)
254 4982 291 5036 Et
318 4998 343 5037 sa
369 4986 431 5051 quie
459 5011 493 5022 -
513 4996 568 5037 oon
589 4980 682 5039 volort
709 4999 767 5039 om.
797 4983 854 5050 ed..
881 4997 1005 5055 quoram
1060 4984 1088 5040 ei
1099 4999 1158 5038 non
1174 4981 1340 5053 proderit.»

158 5052 223 5109 loco
234 5052 305 5132 ¹brec
320 5053 407 5109 hebet
422 5068 428 5107 :
455 5074 466 5103 ι
491 5052 575 5117 Quod
595 5054 619 5107 si
643 5055 732 5111 bomo
747 5055 783 5110 de
806 5056 1006 5135 superfluitate
1109 5053 1135 5125 5)
1150 5056 1185 5109 lit
1200 5052 1271 5107 dum
1287 5082 1321 5091 -
1336 5050 1449 5106 comedit
1464 5064 1523 5104 om.
1539 5048 1583 5105 ed.

159 5122 289 5179 libidinis
304 5123 334 5179 iu
348 5122 440 5179 oculis
454 5125 569 5195 caligat,
586 5126 645 5179 eive
659 5126 812 5189 masculus,
829 5140 889 5179 sive
910 5125 1006 5180 foemi·
1107 5126 1135 5193 dl
1152 5124 1224 5190 outo
1238 5126 1310 5179 etim
1324 5150 1358 5161 -
1368 5123 1456 5191 pisces
1471 5136 1528 5175 om.
1544 5120 1590 5175 ed.

160 5210 198 5249 na
212 5193 259 5263 sit,
280 5194 435 5250 cuticulam
449 5193 523 5251 follis
537 5195 623 5267 piscis
636 5195 735 5266 hujus,
755 5195 821 5251 felle
843 5193 946 5263 effuso,
969 5197 1004 5253 ad
1109 5200 1123 5249 7
1152 5197 1187 5249 lit
1200 5198 1297 5249 cetero
1312 5222 1345 5232 -
1358 5196 1545 5263 precantum.
1562 5192 1607 5246 ed.

160 5266 252 5320 solem
273 5266 404 5332 exsiccet,
425 5271 453 5320 et
468 5264 623 5336 purissimo
644 5272 673 5321 et
696 5266 806 5337 optimo
833 5266 899 5321 vino
921 5266 1008 5323 iutiu-
1108 5269 1124 5321 8
1150 5266 1234 5320 lieest
1247 5264 1279 5319 iu
1293 5261 1338 5318 ed.

160 5346 221 5407 get,
233 5342 263 5391 et
285 5338 321 5391 ad
337 5343 460 5404 noctem,
474 5352 541 5403 cum
555 5352 585 5391 se
598 5338 629 5391 in
642 5338 747 5392 lectum
761 5338 853 5407 pouit,
880 5351 944 5395 cem
959 5354 1006 5393 su·
1109 5340 1136 5407 t)
1152 5338 1226 5399 lieou
1243 5336 1352 5391 Lucius.

161 5408 326 5477 peroculos
344 5423 521 5476 suospunno
542 5408 621 5478 liget,
645 5412 674 5463 et
691 5407 766 5463 circa
789 5407 912 5463 mediam
937 5424 1007 5463 noc·
1111 5406 1218 5477 loturi.
1243 5422 1250 5460 ε
1274 5408 1374 5463 Lucius
1399 5404 1433 5459 de
1459 5402 1548 5459 calido
1572 5418 1633 5461 uere
1655 5408 1704 5460 cet.
1731 5406 1766 5461 lit
1793 5406 1818 5461 ιε’
1843 5408 1907 5473 qrcis

162 5486 222 5531 tem
238 5476 358 5544 auferat,
374 5493 411 5531 ne
424 5478 522 5533 oculos
536 5479 756 5535 transverberet.
772 5479 805 5537 lu
817 5480 902 5533 tertia
912 5484 1007 5547 nocte,
1062 5479 1139 5535 bomo
1151 5479 1227 5547 jecor
1239 5476 1309 5547 ejus,
1324 5480 1390 5545 etc,
1406 5480 1440 5530 ut
1448 5473 1532 5530 infre.
