3984 6034
138 208 191 262 iou
880 190 907 251 s.
925 188 1164 251 uiuoeciuors
1835 186 1891 241 eoo
1971 255 1972 258 Ν

138 345 227 415 aptat.
248 340 281 396 Et
293 339 334 395 sic
358 336 435 393 idern
456 348 571 410 quoque
587 330 761 390 desidorium
786 346 836 387 cor
853 330 981 403 ejusdem
1001 331 1099 386 ntum
1114 343 1176 385 esse
1203 328 1412 396 demonstrent,
1441 324 1604 399 iterumque
1626 340 1695 382 cum
1715 325 1747 382 iu
1769 326 1825 383 hoc
1840 326 1892 381 in-

138 428 263 485 hominis
284 426 422 497 concutit,
447 424 584 496 quoniam
607 422 736 477 rumille
760 420 868 475 scilicet
900 420 985 475 homo
1039 421 1149 473 cenum
1177 432 1230 489 per
1255 416 1396 489 plurimus
1420 414 1570 471 varietates
1592 415 1728 471 reddunt.
1750 414 1822 471 llam
1838 414 1894 469 hn-

138 511 615 587 cnjusneluralisqnalitaseidem
631 508 711 565 flatui
732 508 986 577 convenit,uurcm
1040 522 1135 563 mores
1156 505 1187 561 in
1208 505 1329 562 homine
1364 506 1420 560 hoc
1443 504 1530 560 modo
1555 504 1661 575 sepius
1681 503 1889 570 immutentur,
1972 527 1973 546 ι

138 604 214 658 hunc
238 601 278 657 sic
304 601 492 655 immutatum
524 596 598 651 inse
617 594 729 650 inducit
754 600 783 650 et
806 594 921 661 emittit,
951 610 985 647 eo
1040 594 1108 667 quie
1142 594 1326 667 cogimusque
1365 593 1491 649 hominis
1518 592 1687 665 hujusmodi
1718 591 1890 647 turbinibus
1973 652 1974 671 χ

138 689 328 763 quodeuimn
351 688 434 743 illum
457 684 680 756 suscipiesque
698 682 835 738 interiora
858 682 987 752 corporis
1039 684 1149 757 alisque
1171 683 1264 738 modis
1287 686 1469 755 permutatur,
1490 681 1573 737 illum
1612 696 1688 736 nunc
1721 681 1751 735 in
1775 680 1893 752 justam

139 778 322 845 trensmittel,
352 776 488 831 humores
516 773 567 845 qui
595 771 624 826 in
655 770 717 843 ipso
733 775 801 825 sunt
819 769 906 825 etiem
930 770 986 825 im·
1040 774 1234 841 securitatum,
1258 786 1335 827 nunc
1360 771 1391 827 in
1403 770 1634 841 desperationem
1654 769 1777 836 ducunt,
1801 767 1894 824 inter-

139 860 683 937 mutentur,eiquceuliufirmitulem,
700 859 925 926 aulsenilulem,
955 863 987 914 ul
1039 861 1108 917 dum
1128 860 1214 916 elium
1231 875 1282 932 per
1305 858 1821 914 rectemdurotionemeumsursum
1851 860 1894 911 at-

138 970 223 1027 supra
248 954 475 1010 demonstratum
503 956 555 1013 est,
582 948 726 1005 multotius
749 948 900 1012 inducunt,
920 962 986 1002 cum
1038 951 1153 1005 tollunt.
1170 951 1351 1020 Quapropter
1372 951 1401 1003 ot
1419 946 1566 1003 multoties
1584 937 1623 1001 'ud
1636 946 1719 1017 jecur
1732 945 1824 1017 ipsios
1850 944 1892 1000 sic

138 1044 199 1117 ipsu
213 1044 294 1114 cujus
313 1041 443 1097 uoluntas
465 1040 541 1095 hona
561 1036 746 1111 exspirationi
769 1036 836 1091 huic
864 1052 987 1091 concor-
1038 1037 1355 1103 immutetitrenscunt,
1372 1035 1403 1090 in
1425 1052 1484 1107 quo
1511 1034 1631 1090 scientie
1653 1034 1716 1106 ejus
1736 1033 1889 1106 probatur,

139 1132 198 1197 det,
215 1129 388 1185 desiderium
404 1129 457 1183 huc
480 1143 497 1182 e
523 1126 599 1181 melo
625 1131 788 1197 superatum
813 1124 986 1179 ruminando
1039 1141 1105 1198 quie
1119 1126 1155 1180 de
1176 1126 1293 1180 cerebro
1315 1139 1368 1193 per
1391 1123 1466 1178 uires
1488 1123 1767 1194 animoetemperete
1791 1136 1891 1193 proce-

140 1216 264 1283 discntit,
286 1222 314 1271 et
329 1216 398 1287 quie
422 1214 519 1269 anime
533 1213 605 1269 illud
620 1229 672 1284 per
697 1213 821 1285 seipsam
849 1212 985 1269 secretius
1040 1215 1092 1280 dit,
1107 1218 1136 1270 et
1165 1214 1242 1286 quod
1268 1211 1427 1268 humiditas
1447 1211 1559 1267 cerebri
1582 1211 1684 1283 longit,
1700 1211 1742 1266 ite
1766 1209 1889 1266 utillud

139 1305 287 1373 exscribat,
299 1304 432 1376 procellae
442 1300 648 1374 cogitationum
663 1316 727 1371 quse
747 1300 777 1355 iu
806 1301 869 1373 ipso
897 1300 986 1356 inun·
1040 1303 1148 1376 pingue
1176 1307 1205 1358 et
1232 1301 1354 1358 lurteac
1381 1314 1483 1355 sanum
1507 1298 1554 1368 sit,
1578 1297 1772 1369 significantes
1808 1296 1890 1369 quod

139 1394 208 1449 dont
219 1392 305 1447 elium
317 1391 522 1456 immutentur,
533 1388 573 1443 ite
586 1392 618 1443 ut
633 1386 658 1443 ci
683 1404 760 1443 nunu
773 1387 984 1455 adversitatem,
1038 1391 1228 1462 cogitationes
1241 1388 1366 1446 hominis
1375 1388 1482 1459 sepius
1494 1386 1577 1459 quasi
1587 1386 1623 1442 ed
1633 1386 1794 1457 jecurejos,
1810 1384 1889 1439 scili-

142 1496 218 1537 nunc
233 1480 454 1553 prosperitatem
468 1476 650 1550 promittent.
1039 1478 1127 1535 netad
1142 1477 1340 1534 fortitudinem
1352 1476 1481 1548 justitie,
1498 1475 1527 1531 in
1538 1492 1595 1548 qno
1608 1475 1704 1546 justus
1717 1489 1769 1545 per
1783 1472 1888 1544 lucien-

141 1567 216 1637 Quia
242 1567 377 1623 humores
400 1552 568 1635 immunius
583 1561 672 1619 elium
691 1563 847 1618 secondum
869 1562 986 1618 modum
1039 1567 1110 1624 tiam
1135 1572 1282 1639 operatur,
1297 1581 1327 1622 se
1351 1564 1492 1637 dirigunt,
1513 1563 1581 1637 quia
1599 1560 1828 1619 scientiamboni
1859 1564 1891 1615 et

175 1634 579 1719 ⁶⁰mP²⁶²²⁸9⁷¹i⁸ff¹¹⁰r¹⁴mdl⁸m
594 1634 767 1690 animalium
774 1634 820 1689 ω’
832 1634 986 1716 ‘mmmm
1006 1624 1111 1713 Βιιιιιιὶ
1125 1656 1199 1710 vires
1221 1654 1326 1711 enimn
1351 1652 1519 1723 ostendunt,
1542 1668 1608 1723 quoe
1628 1666 1681 1723 per
1693 1648 1835 1721 justitiam
1860 1649 1893 1704 in

174 1725 252 1767 mccc
264 1724 372 1778 oureus,
386 1723 462 1762 nunc
481 1706 573 1763 leuem
579 1708 758 1775 moueantur,
773 1705 889 1777 siquod
901 1711 987 1774 Juxta

174 1779 362 1837 mutationem
375 1779 420 1835 „p
438 1775 640 1849 imputa-,nem
656 1776 819 1831 eorumdem
837 1776 988 1831 ,mmmm
1041 1744 1223 1845 credentibus
1249 1742 1337 1797 vitem
1372 1740 1600 1839 comprehendit,
1643 1737 1891 1837 quemadmodum

175 1852 296 1922 affectus
315 1852 353 1931 'et
379 1848 580 1930 recitationes,
599 1846 640 1927 ⁸in
652 1844 716 1918 ipso
740 1846 851 1902 scilicet
874 1844 988 1901 bomine
1042 1832 1131 1889 F¹l¹¹¹⁸
1159 1833 1209 1887 ⁰⁰¹
1235 1834 1398 1903 Ρθθΰῑῑῦῐβθ
1420 1834 1450 1885 ei
1469 1829 1639 1929 pubitfftnm
1659 1826 1696 1883 td
1716 1843 1747 1927 {0
1759 1828 1890 1899 collegii,

175 1922 321 1994 [redwit
333 1919 528 1975 “nimime
540 1920 698 1973 vilmustir·
1042 1936 1115 1994 quus
1133 1919 1220 1977 otiam
1235 1919 1266 1977 in
1288 1918 1465 1975 abundantia
1492 1917 1616 1990 Spiritus
1638 1920 1729 1973 sencb
1753 1916 1893 1972 robustus

176 2006 477 2073 lx.1tumoresenim‚
495 2006 570 2061 sicot
585 2004 747 2077 leopardus,
768 2003 798 2058 in
819 2002 988 2060 huminele-
1041 2009 1118 2065 lecit.

140 2097 245 2152 rociler
262 2094 408 2151 interdurn
427 2093 592 2163 insurgunt,
619 2092 668 2147 sed
695 2097 794 2148 tumen
818 2090 922 2148 deinde
950 2091 989 2147 lo·
1230 2151 1236 2163 Ι
1420 2146 1427 2159 ,
1688 2145 1694 2157 .
1797 2144 1803 2155 Ι

140 2184 236 2240 niores
259 2184 344 2251 llunl,
362 2188 392 2237 et
415 2184 447 2237 ut
475 2196 577 2237 cancer
600 2195 678 2236 nunc
711 2180 891 2252 procedendo
911 2194 988 2235 nunc
1042 2145 1771 2275 demmf’i'dfflfffflm‘ffie‘lfflfflmr
1791 2161 1823 2200 ¹²¹
1840 2160 1892 2270 “¹⁶⁰

141 2272 377 2344 retrogradiendo
388 2270 578 2327 mutationem
594 2269 700 2341 saepius
719 2268 749 2324 in
764 2285 794 2325 su
819 2270 986 2338 ostendunt,
1075 2223 1304 2365 ζὲῗᾶῧᾶᾞιξξ
1318 2234 1568 2346 {simmam
1580 2232 1804 2360 psso’cordffi,
1816 2234 1893 2359 pff

140 2366 227 2433 utque
243 2361 320 2416 velut
337 2375 437 2416 cervus
455 2358 585 2415 suliendo
612 2363 641 2414 et
668 2359 836 2431 pungendo,
866 2358 987 2414 diversi·
1076 2358 1739 2429 monesinistrorsuminselacntisetputsum
1756 2357 1892 2429 respira-

141 2454 229 2505 tutem
244 2449 274 2503 in
297 2465 326 2503 su
346 2447 501 2521 aliquando
524 2447 719 2517 manifestent,
733 2446 871 2519 quonium
892 2460 987 2518 quan·
1077 2434 1163 2490 lionis
1175 2432 1344 2490 Mbenlibm
1357 2428 1622 2494 advnmserettdss
1631 2428 1775 2495 habilior:
1785 2428 1893 2501 etquid

140 2537 275 2593 tumlibet
297 2537 386 2593 homo
400 2536 536 2591 timorem
563 2534 678 2591 Domini
700 2535 815 2599 hebent,
836 2534 986 2607 cogitatio·
1076 2502 1340 2577 ''⁸¹“'Pirimliler
1353 2500 1385 2558 in
1398 2500 1632 2574 ‘'mmmm‘'

140 2641 191 2681 nes
203 2630 297 2681 tanuen
309 2624 340 2680 iu
355 2640 390 2681 co
404 2624 558 2697 aliquando
569 2628 701 2697 surgunt,
718 2640 781 2695 quse
805 2622 908 2679 deinde
940 2627 989 2677 loe-
1077 2632 1110 2685 x.
1125 2629 1158 2684 ln
1171 2629 1271 2685 dextre
1281 2626 1359 2683 enim
1376 2632 1458 2697 perte
1473 2624 1600 2681 hominis
1616 2624 1698 2696 J'ecur
1717 2627 1747 2679 el
1766 2638 1896 2695 mugnus

140 2713 188 2769 dio
216 2712 325 2770 effecte
346 2714 382 2769 ed
404 2712 561 2767 vanitatem
592 2728 622 2768 se
648 2713 809 2785 deponunt,
831 2710 987 2783 aliquando
1041 2718 1120 2773 calor
1142 2715 1347 2787 conperisset,
1377 2713 1485 2770 idcirco
1499 2712 1641 2768 otdex'tre
1665 2712 1749 2767 velox
1771 2711 1808 2767 sd
1830 2711 1895 2766 eri-

139 2803 217 2858 uelnl
231 2802 262 2858 in
277 2816 379 2857 cunero
401 2816 454 2873 per
475 2799 611 2856 fiduciam
635 2800 718 2857 honre
734 2798 988 2855 consummationis
1041 2805 1168 2878 gendum
1186 2820 1216 2859 se
1230 2808 1259 2859 et
1280 2804 1315 2859 nd
1329 2802 1579 2875 operandumsst3
1602 2800 1632 2855 in
1654 2798 1771 2857 sinistre
1793 2805 1895 2855 autern

139 2890 223 2945 illum
238 2890 391 2963 procedere
406 2889 610 2959 exhortentur3
621 2888 782 2945 seddeinde
792 2888 988 2944 illumretror-
1007 2909 1091 2974 (μοι
1106 2899 1136 2948 et
1146 2893 1332 2965 pulmosunt,
1358 2906 1425 2963 qum
1437 2890 1517 2946 illam
1540 2889 1577 2945 ad
1592 2905 1681 2946 onera
1708 2888 1894 2957 conluctant3

139 2995 203 3034 sum
226 2978 385 3044 trahentes,
415 2976 600 3033 immittendo
618 2975 662 3050 [s.
686 2976 845 3048 innucndo]
866 2976 907 3030 sic
921 2990 988 3030 eum
1044 2985 1073 3038 et
1089 2980 1216 3036 calorem
1231 2978 1267 3035 de
1279 2980 1377 3051 jecore
1393 2977 1636 3051 quemadmodum
1652 2978 1687 3033 (ιο
1702 2976 1818 3032 forum
1838 2976 1893 3032 hg.

141 3082 326 3139 perseverare
340 3082 398 3121 non
418 3082 514 3138 posse,
537 3064 697 3137 decipiunt,
722 3064 876 3136 aliquando
906 3062 987 3135 quusi
1042 3068 1122 3135 bont,
1137 3067 1370 3139 quaedssignanl
1384 3066 1462 3138 quod
1484 3066 1515 3121 in
1537 3066 1646 3135 derue,
1669 3064 1700 3120 id
1714 3064 1801 3120 estin
1826 3080 1894 3137 pro-

139 3156 169 3211 in
188 3170 270 3211 cerro
287 3154 438 3227 pertidum
455 3168 521 3208 eum
546 3168 680 3209 securum
695 3153 814 3220 iaciant,
829 3151 989 3225 lpostmodu
1042 3157 1178 3229 speritate
1193 3157 1294 3212 salutis
1312 3156 1425 3212 boniet
1446 3154 1516 3211 recti
1537 3154 1675 3223 hominis,
1688 3153 1803 3226 Justitie
1822 3169 1892 3208 cum

140 3248 236 3299 arrium
248 3243 278 3299 in
295 3241 351 3298 lide
367 3241 546 3297 vacillantem
563 3245 705 3313 pungunt.
726 3242 759 3295 Et
771 3240 864 3312 {etiem
892 3256 990 3313 quom·
1043 3244 1152 3317 Spiritu
1163 3248 1438 3316 senctooperantnr,
1455 3242 1785 3315 ituutilleprospere‘ed
1800 3243 1893 3297 Deum

140 3331 296 3387 admodum
320 3328 352 3384 in
369 3328 525 3402 rapacitate
550 3327 621 3401 lupi,
639 3331 668 3382 et
695 3343 760 3383 cum
776 3327 837 3400 ipsu
853 3329 932 3384 velut
958 3329 990 3383 in
1041 3350 1073 3389 se
1094 3334 1219 3406 erigens,
1246 3328 1386 3405 quelibet
1399 3333 1476 3389 hone
1496 3332 1642 3405 perliciet;
1661 3332 1692 3389 in
1709 3331 1826 3387 sinistre
1840 3346 1894 3385 au-

142 3418 365 3493 quetilelecerri
379 3422 408 3472 et
422 3415 527 3485 cancri,
539 3422 572 3471 ut
586 3416 756 3489 predictum
772 3420 825 3484 est,
841 3417 990 3493 hominem
1042 3426 1102 3478 tum
1117 3432 1151 3478 at
1164 3421 1410 3489 adversaderitet,
1423 3422 1513 3477 heum
1528 3426 1607 3477 recto
1621 3421 1707 3477 corde
1726 3420 1895 3475 confitendo

141 3508 289 3565 interdum
317 3506 468 3575 inuadunt,
487 3505 556 3577 quie
569 3505 724 3577 aliquunde
746 3506 989 3577 quemadmodum
1041 3527 1071 3567 se
1083 3510 1239 3567 conlurteri
1262 3525 1316 3582 per
1338 3509 1428 3566 robur
1444 3509 1566 3581 justitie
1585 3514 1712 3581 exoptet.
1724 3508 1779 3565 Sed
1809 3524 1895 3564 rene

141 3596 251 3667 inlnpu
277 3594 431 3651 infernales
444 3609 545 3666 poenes
560 3593 671 3651 homiui
694 3592 828 3663 ollerunt,
842 3594 882 3651 ilo
896 3600 929 3650 ut
942 3611 988 3650 so·
1038 3598 1144 3674 ,iecoris
1176 3602 1339 3667 commate,
1373 3598 1543 3654 humoribus
1567 3598 1631 3653 istis
1649 3602 1745 3668 tecle,
1774 3596 1897 3652 ronulas

141 3683 290 3741 lummudo
304 3682 386 3756 quasi
399 3699 451 3755 pur
465 3699 593 3755 ceruum,
606 3681 688 3739 idest
702 3700 754 3755 per
768 3682 867 3751 tidem,
885 3689 914 3741 et
941 3699 987 3739 re·
1040 3688 1157 3745 nuditus
1171 3688 1298 3744 bominis
1323 3687 1503 3755 concutiunt,
1523 3686 1713 3758 auditumque
1738 3684 1818 3742 illins
1840 3685 1896 3740 eli·

141 3774 243 3846 lutper
253 3772 438 3839 cancrum,id
449 3770 896 3845 essperfiduciam,ubsqueetiis
902 3772 989 3843 justis
1041 3778 1157 3851 quando
1178 3776 1371 3843 contundunt,
1384 3775 1523 3847 quonism
1547 3791 1599 3848 per
1620 3774 1752 3830 anditum
1778 3773 1897 3829 homiui

142 3862 276 3935 operibus
291 3877 338 3919 cus
349 3861 575 3933 crederepossil,
590 3859 646 3931 ipsi
653 3860 791 3916 lelleciler
804 3860 986 3933 promittunt,
1041 3863 1191 3920 multoties
1203 3879 1254 3919 seu
1274 3863 1382 3918 seniles
1395 3878 1447 3918 eeu
1465 3862 1620 3919 infirmitas
1648 3862 1783 3932 infertur,
1812 3862 1896 3917 sciti-

142 3950 247 4007 deiude
275 3952 371 4005 eutem
411 3948 492 4004 illum
517 3947 662 4005 multoties
689 3947 720 4004 in
758 3948 986 4020 desperationem
1041 3958 1164 4009 cctcum
1179 3952 1215 4007 de
1236 3951 1381 4024 prosperis
1401 3951 1611 4024 supramodum
1638 3950 1669 4006 in
1683 3952 1790 4023 gaudio
1818 3966 1892 4006 coa·

142 4040 260 4095 ducunt.
277 4038 426 4093 Interdum
442 4052 557 4109 quoque
571 4042 604 4093 ut
622 4038 667 4093 luo
681 4035 883 4093 lortiludinem
906 4054 986 4093 suum
1040 4043 1157 4111 entitur,
1173 4040 1231 4096 sire
1245 4056 1310 4095 curn
1323 4039 1358 4095 de
1381 4039 1506 4095 adversis
1520 4039 1726 4112 supramodum
1740 4038 1773 4093 in
1800 4038 1892 4094 tristi·

143 4126 233 4183 inillo
251 4141 309 4181 uon
324 4124 461 4181 cessando
476 4125 683 4193 demonstrent,
709 4130 796 4197 atquc
812 4129 841 4179 ul
868 4140 987 4197 serpens
1042 4131 1083 4187 tie
1097 4129 1287 4196 contrahitur,
1309 4128 1492 4185 ostendentes
1505 4127 1584 4199 quod
1599 4132 1682 4183 tenor
1690 4125 1815 4198 justitia
1839 4143 1892 4181 ρο.

47 4217 49 4231 “
143 4230 220 4271 nunc
244 4214 400 4283 lenitatem,
428 4228 506 4269 nuuc
521 4214 670 4270 acritatem
686 4214 716 4269 in
737 4229 767 4270 se
783 4214 942 4286 proterunt,
958 4220 988 4270 et
1007 4195 1029 4250 ⁰
1042 4218 1230 4293 gitationibns
1263 4217 1349 4273 rectis
1372 4218 1553 4288 prouocatus,
1580 4215 1771 4273 hominumn
1812 4216 1892 4271 mulo

144 4302 387 4376 quemadmodum
403 4317 503 4373 agnus,
519 4320 549 4358 se
565 4303 648 4358 mites
661 4302 817 4375 aliquando
838 4302 986 4365 simulent.
1042 4308 1145 4363 auditu
1167 4306 1278 4374 evertit,
1293 4310 1323 4361 et
1341 4305 1378 4361 ud
1399 4304 1510 4361 honum
1527 4304 1636 4377 dirigit,
1654 4304 1704 4378 qui
1719 4302 1824 4359 animae
1853 4303 1892 4358 il·

143 4392 193 4447 ubi
205 4390 349 4463 judicium
364 4391 412 4447 tlei
427 4390 537 4447 homini
557 4395 721 4463 exponunt3
735 4392 784 4446 sed
804 4392 987 4462 postmodum
1042 4395 1098 4451 lius
1110 4394 1266 4461 interdum,
1282 4396 1352 4448 etue
1362 4407 1427 4464 que.
1443 4397 1539 4448 sanctu
1551 4397 1628 4461 sunt,
1639 4397 1669 4448 et
1690 4408 1726 4448 ea
1739 4407 1805 4465 quic
1825 4395 1891 4447 lur-

144 4496 180 4535 ne
192 4480 268 4535 'illud
290 4485 400 4535 metuet
420 4479 445 4536 ei
471 4480 658 4552 persuadent,
675 4480 742 4551 quin
765 4480 844 4535 velut
872 4496 989 4551 serpens
1043 4484 1090 4557 pia
1106 4482 1232 4538 existunt
1244 4480 1340 4550 interl,
1354 4480 1438 4537 itaut
1453 4482 1540 4536 homo
1561 4496 1613 4536 nec
1626 4480 1657 4535 in
1672 4479 1765 4547 bonis,
1789 4496 1842 4535 nec
1857 4481 1891 4534 in

144 4570 300 4641 prudenter
316 4569 460 4639 incedens,
473 4570 596 4641 qualiter
611 4567 682 4624 illud
696 4569 753 4625 luni
766 4568 870 4624 astutia
889 4568 989 4625 credet
1008 4627 1010 4632 ,
1043 4571 1191 4628 melissihi
1215 4570 1370 4643 aliquando
1393 4570 1511 4625 modum
1525 4570 1675 4641 imponere
1711 4568 1784 4625 sciro
1808 4569 1890 4623 velit.

144 4658 198 4729 ipsi
224 4659 395 4730 deceptuose
411 4663 579 4730 suggerunt,
595 4673 661 4713 cum
676 4659 763 4713 eliam
776 4658 859 4731 quasi
881 4672 990 4731 egnum
1044 4662 1116 4718 Nem
1132 4660 1209 4716 bone
1224 4657 1343 4715 scientia
1356 4657 1418 4713 sine
1440 4659 1518 4713 hono
1533 4658 1632 4715 auditu
1653 4662 1732 4715 muta
1743 4662 1797 4724 est,
1821 4656 1895 4730 quia

144 4746 175 4804 in
204 4746 344 4819 patientie
366 4761 433 4802 eum
458 4746 531 4802 nihil
556 4747 658 4802 timere
688 4748 885 4814 exhortentur,
910 4748 990 4803 velut
1043 4749 1121 4823 quud
1135 4749 1213 4806 boun
1225 4747 1346 4803 scientie
1367 4746 1429 4816 scil,
1448 4746 1539 4803 honus
1557 4746 1674 4803 nuditus
1688 4746 1799 4819 recipit,
1830 4746 1894 4801 illc·

143 4836 267 4909 peccetis
285 4835 428 4907 obligatus
454 4850 514 4891 nou
539 4835 585 4890 sit.
612 4835 667 4891 Sed
683 4835 769 4891 etium
793 4840 826 4892 ut
839 4852 924 4892 urens
941 4835 988 4891 in·
1044 4853 1101 4912 que
1115 4852 1253 4909 maguum
1268 4836 1394 4892 studium
1409 4836 1496 4891 habet
1509 4840 1629 4891 muctare
1643 4836 1798 4904 etdictere,
1814 4835 1893 4907 quud

144 4925 258 4981 turdum
272 4925 352 4981 velut
366 4924 395 4979 in
410 4924 453 4980 irs
465 4924 693 4994 submurmuret,
707 4925 853 4981 interdum
874 4940 989 4999 quoque
1044 4927 1099 4983 sibi
1109 4942 1161 4998 per
1172 4926 1279 4981 bonum
1293 4924 1442 4980 scientium
1458 4923 1559 4979 lertur.
1576 4925 1640 4995 Qui}
1650 4928 1807 4997 postquem
1828 4938 1893 4977 orn·

144 5030 210 5071 curn
233 5014 283 5070 illo
309 5013 478 5088 qualitetem
501 5013 568 5085 ugni
582 5018 611 5069 ct
634 5014 785 5085 serpentis,
816 5014 991 5087 uelutsupra
1046 5014 1095 5071 niu
1114 5016 1177 5071 hnc
1194 5019 1388 5085 congruenter
1410 5012 1614 5084 composuerit,
1643 5012 1826 5084 aliquantum
1853 5010 1894 5066 sb

145 5108 293 5159 ostensum
328 5107 381 5171 est,
422 5102 614 5171 manifestant,
653 5102 791 5173 quonium
823 5102 989 5175 eliquundo,
1044 5103 1115 5176 ipsis
1131 5102 1268 5158 cessando
1286 5101 1418 5174 quiescit,
1434 5101 1514 5157 velut
1535 5101 1622 5156 horno
1647 5100 1699 5173 qui
1724 5100 1895 5155 thesaurum

145 5190 492 5263 qnomndrnodumursus,
508 5190 688 5261 corporalem
699 5190 914 5247 tribulationem
938 5208 990 5264 pru
1044 5192 1076 5249 in
1090 5206 1186 5248 ercam
1200 5207 1281 5247 suem
1301 5189 1393 5263 pouit,
1421 5189 1530 5245 scilicet
1554 5205 1621 5244 cum
1643 5188 1752 5244 bonum
1777 5192 1806 5241 et
1830 5202 1893 5240 me-

147 5280 205 5335 lleo
218 5278 366 5335 hominem
394 5280 514 5335 sufferre
535 5279 783 5344 submurmurent,
816 5296 870 5351 per
904 5296 991 5353 quem
1046 5280 1107 5336 lune
1123 5280 1271 5353 intelligit,
1297 5280 1407 5335 bonum
1431 5278 1462 5333 in
1483 5282 1592 5333 secrcto
1614 5276 1709 5333 cordis
1727 5277 1772 5330 sni
1795 5290 1895 5330 recon-

146 5369 225 5424 velut
238 5366 268 5422 in
283 5367 351 5438 agni
369 5368 516 5441 patientie,
531 5372 560 5424 et
583 5366 827 5442 quemadmodum
851 5368 992 5442 serpentis
1045 5369 1127 5436 dens,
1142 5370 1289 5425 etmalum
1303 5383 1321 5422 e
1334 5383 1367 5423 se
1389 5382 1507 5439 prorsus
1533 5365 1683 5438 objiciens,
1705 5362 1895 5437 quemadmo-

146 5455 311 5531 prudeatie,
326 5456 420 5531 ipsura
441 5456 612 5530 cutientem
626 5461 686 5515 ete
703 5456 826 5529 peccetis
851 5458 992 5516 cmuude·
1046 5458 1218 5515 demissius
1233 5456 1356 5515 diusmo
1370 5456 1556 5513 exhortetur:
