3984 6034
49 273 122 336 rost
612 264 834 338 soturlouas
853 262 1248 346 ourasriortuaxxxtitr.
1738 262 1807 336 lose

45 417 173 472 victores
190 415 368 485 exstiterunt,
390 420 419 471 et
432 421 552 489 propter
570 416 699 493 verbum,
723 416 752 473 id
776 423 820 473 est
847 416 902 473 do·
919 419 943 472 Α
958 414 1087 489 ejusdem
1108 413 1235 472 bominis
1258 414 1296 469 ita
1318 411 1513 486 pertransivit,
1537 417 1571 470 ut
1600 413 1663 487 ipsa
1685 420 1806 487 propter

45 505 175 560 utrinam
189 520 277 578 quam
292 506 463 560 testificatus
485 509 529 560 est
551 504 581 560 in
597 504 736 561 catholica
751 504 818 573 fide,
835 521 901 577 qum
957 521 1022 561 eam
1048 506 1138 561 multa
1168 502 1333 575 fatigatione
1357 519 1433 574 sape
1457 506 1681 569 commoveatur,
1707 503 1805 576 aliquo

47 593 141 649 etiam
163 594 199 649 ab
222 594 271 649 illo
301 594 388 650 verbo
412 610 442 648 ae
465 595 602 662 extendit,
627 610 679 666 per
701 595 779 667 quod
801 610 902 649 omnes
956 598 1054 650 tamen
1070 600 1199 665 tempore
1215 593 1315 659 levius,
1331 592 1428 664 ailquo
1450 591 1624 663 depressius,
1645 592 1676 648 in
1700 592 1807 664 fatiga-

45 688 192 737 creaturae
213 687 425 754 processerunt,
440 698 493 738 uec
515 682 677 739 dilexerunt
696 682 810 739 animas
836 698 903 739 suas
956 683 1035 738 tione
1065 681 1242 738 infirmitatis
1269 682 1413 737 laborans.
1447 681 1528 737 Unde
1551 681 1641 736 etiam
1670 696 1764 736 mores
1788 697 1806 735 a

47 786 100 825 eas
123 770 153 826 in
177 771 346 843 corporibus
376 770 437 826 suis
455 770 621 840 retinentes,
646 771 695 827 sed
720 772 755 827 ad
778 775 903 828 mortem
956 771 1075 827 dirersis
1092 770 1219 827 moribus
1233 771 1387 827 hominum
1410 770 1520 825 alienos
1544 768 1640 837 babet,
1664 769 1806 841 quemad-

46 876 208 930 corporum
226 875 346 915 suornm
367 860 531 931 praecedere
544 862 684 929 lecerunt,
700 875 767 916 cum
781 876 904 932 corpora
956 860 1076 917 modum
1091 860 1196 927 iulans,
1210 860 1291 931 cnjus
1306 876 1387 914 senae
1405 858 1535 915 nondum
1551 858 1591 913 ita
1614 858 1708 930 plenae
1726 862 1803 927 sunt,

45 963 103 1002 sua
128 947 280 1019 temporali
294 947 382 1003 morti
406 947 436 1002 in
457 947 590 1018 plurimis
604 947 785 1019 passionibus
805 948 903 1019 subje-
955 956 1098 1023 quatenus
1125 965 1217 1005 mores
1248 949 1399 1006 homiuum
1428 948 1589 1003 discernere
1614 946 1717 1019 possit.
1741 945 1807 1018 Ipsa

45 1033 162 1103 cerunt,
179 1036 230 1091 ubi
245 1040 273 1091 et
288 1037 403 1091 easdem
418 1035 533 1091 animes
547 1052 613 1091 suas
635 1036 901 1108 omnipotentiIteo
955 1035 1033 1092 enim
1056 1051 1121 1091 cum
1135 1035 1325 1107 inspiratione
1350 1036 1473 1108 Spiritus
1489 1034 1578 1090 sancti
1600 1034 1730 1090 officiatis
1747 1033 1807 1089 exi·

45 1123 248 1179 reddiderunt.
272 1125 410 1195 ltertyres
425 1124 504 1179 enlm
528 1123 672 1197 usquead
700 1131 825 1180 mortem
848 1140 902 1179 cu·
954 1124 1013 1193 stit,
1037 1129 1067 1181 at
1092 1124 1323 1195 complexionem
1347 1125 1381 1179 de
1410 1140 1475 1179 aere
1503 1122 1603 1191 habau
1630 1122 1751 1195 ideoque
1771 1122 1806 1179 de

43 1219 214 1281 currerunt,
229 1218 257 1268 et
280 1213 450 1285 priusquam
476 1213 579 1267 Filiam
606 1213 657 1269 bei
673 1218 815 1285 negarent
833 1228 902 1284 pes-
953 1212 1016 1286 ipso
1032 1229 1107 1280 aare,
1130 1213 1165 1270 da
1178 1213 1286 1284 pluvia,
1300 1214 1335 1269 de
1351 1217 1443 1279 rento,
1461 1217 1489 1268 et
1504 1212 1540 1269 de
1555 1211 1635 1267 omni
1649 1214 1805 1283 tempesta·

45 1300 179 1355 sionibus
206 1318 238 1356 se
264 1301 460 1372 subjecerunt,
489 1306 519 1357 et
541 1300 607 1356 ideo
636 1301 723 1357 etiam
750 1300 832 1366 Abel,
871 1306 901 1356 et
953 1307 982 1359 te
998 1301 1149 1357 infirmitas
1169 1302 1195 1357 ei
1214 1302 1255 1357 ita
1275 1300 1364 1357 infixa
1384 1305 1436 1369 est,
1461 1305 1495 1356 ut
1516 1315 1700 1373 nequaquem
1724 1315 1805 1355 secu-

44 1388 206 1460 prophetae,
234 1388 388 1461 cantarique
417 1394 560 1461 martyres
591 1390 642 1462 qni
673 1404 763 1461 usque
795 1388 827 1443 in
849 1405 899 1443 no-
953 1392 1069 1447 ritatem
1096 1390 1189 1445 carnis
1215 1389 1245 1445 in
1269 1406 1299 1445 se
1314 1389 1420 1445 habore
1441 1388 1541 1460 possit,
1565 1387 1696 1459 alioquid
1718 1387 1806 1460 inspi-

45 1476 200 1531 vissimum
225 1476 301 1532 diem
324 1492 378 1547 pro
402 1477 459 1531 Deo
488 1476 575 1532 occisi
597 1480 673 1544 sunt,
699 1476 900 1532 testimonium
953 1479 1027 1534 ratio
1041 1477 1164 1549 Spiritus
1179 1477 1270 1533 sancti
1284 1478 1315 1531 in
1333 1493 1366 1533 ea
1380 1476 1510 1532 babitare
1525 1491 1585 1530 non
1609 1475 1726 1531 valeret.
1751 1475 1805 1530 Sed

47 1565 123 1619 I'ilio
145 1566 197 1620 Dei
219 1565 382 1636 perhibent,
408 1565 486 1637 quod
509 1564 675 1637 etiamipse
695 1566 727 1620 iu
753 1564 900 1619 voluntate
952 1568 1078 1639 Spiritus
1103 1566 1154 1622 Ilei
1179 1583 1283 1638 magna
1311 1566 1338 1621 vi
1366 1566 1482 1637 pietatis
1511 1580 1569 1619 suae
1598 1580 1632 1619 aa
1657 1562 1806 1618 interdum

46 1652 141 1707 Patris
166 1654 338 1725 sanguinem
364 1669 449 1709 suum
476 1670 527 1725 pro
550 1653 621 1724 ipsis
652 1653 768 1709 fuderit.
800 1653 900 1725 ltaque
952 1656 988 1711 ab
1015 1656 1069 1711 bac
1089 1655 1256 1710 infirmitate
1280 1654 1362 1727 quasi
1391 1669 1454 1709 rore
1483 1652 1633 1725 cujusdam
1661 1651 1804 1723 refrigerii

44 1740 158 1797 bellum
173 1741 226 1797 titii
248 1741 421 1815 perditionis
446 1742 502 1797 boo
530 1742 747 1797 modotiuitum
773 1747 825 1809 ast,
846 1757 898 1797 neo
953 1734 970 1798 a
997 1749 1089 1799 morte
1118 1745 1244 1808 suscitat,
1269 1749 1410 1813 quatenus
1434 1740 1565 1797 officialis
1590 1756 1656 1795 cnm
1683 1738 1806 1811 inspira-

44 1831 109 1901 ipse
125 1830 260 1902 deinceps
286 1831 317 1885 in
341 1829 400 1885 ulla
417 1831 529 1885 cultura
543 1829 701 1903 apparebit.
728 1830 807 1886 Unde
826 1846 897 1900 gau·

44 1918 124 1984 dete,
138 1919 188 1990 qui
213 1919 243 1974 in
258 1920 330 1974 coeto
354 1926 383 1973 et
405 1919 437 1973 in
456 1922 530 1973 terra
547 1918 757 1972 habitationem
775 1917 896 1973 habetis.

45 2008 116 2060 Post
128 2023 227 2062 casum
252 2014 350 2062 antem
375 2006 542 2062 antichristi
563 2007 655 2077 gloria
677 2006 741 2061 I'itii
767 2005 816 2061 Dei
835 2020 896 2059 am·

45 2093 235 2165 pliiloabitor.

45 2215 185 2289 Epilogus
198 2216 267 2271 libri
285 2216 387 2288 ipsius,
403 2214 435 2272 in
456 2232 513 2297 quo
524 2231 578 2288 pro
601 2231 685 2287 opere
701 2231 762 2279 ouo,
786 2214 899 2271 scilicet

81 2304 139 2358 pro
157 2289 341 2359 reparatione
353 2289 490 2353 bominis,
501 2290 558 2341 beo
571 2287 638 2342 taus
648 2285 758 2343 euteatr'
770 2303 834 2342 uoce
847 2302 897 2341 ea·

83 2359 213 2425 soluitur,
236 2363 264 2413 et
287 2358 457 2429 opusculum
467 2357 546 2413 istud
560 2374 623 2412 cum
637 2361 753 2413 auctore
776 2374 828 2413 suo
855 2358 897 2412 ei·

83 2429 149 2483 dean
163 2433 221 2486 lieo
241 2432 268 2483 et
284 2429 424 2499 merrom
445 2428 508 2499 ejus
523 2427 649 2483 studiose
670 2430 897 2484 commendatur.

85 2536 222 2591 XXXVIII.
249 2535 283 2590 Et
316 2533 420 2590 iterum
448 2534 483 2589 de
512 2533 583 2588 coelo
609 2549 706 2588 vocem
730 2532 817 2587 verba
845 2532 898 2588 ista

952 1831 1031 1888 tione
1050 1831 1172 1903 Spiritus
1197 1831 1333 1886 sanctim
1357 1830 1567 1885 sarculovirere
1582 1828 1680 1901 possit.
1705 1828 1805 1884 Omni-

952 1927 1054 1993 potens
1077 1925 1174 1975 autem
1200 1922 1285 1985 Deus,
1305 1919 1355 1991 qni
1376 1934 1491 1974 omnem
1518 1918 1716 1991 fatigationem
1738 1933 1804 1989 pas-

951 2008 1043 2064 sionIs
1058 2008 1187 2079 ejusdem
1201 2007 1328 2063 hominis
1347 2008 1488 2063 veraciter
1511 2006 1654 2079 cognorit,
1680 2007 1804 2078 gretiam

905 2130 908 2134 >
951 2114 1034 2154 suam
1049 2097 1079 2153 in
1094 2097 1156 2169 Ipsa
1180 2097 1220 2151 ita
1242 2096 1379 2169 perticere
1403 2096 1547 2168 dignatur,
1575 2098 1606 2149 ut
1626 2094 1718 2165 pietas
1742 2094 1804 2164 ejus

951 2188 983 2243 in
1010 2188 1065 2243 boc
1092 2185 1280 2259 glorificetur,
1310 2190 1337 2240 at
1360 2184 1438 2239 illius
1467 2184 1565 2239 anima
1593 2199 1659 2237 cum
1687 2182 1721 2237 de
1750 2182 1804 2236 boc

951 2276 1057 2331 monio
1079 2274 1247 2347 migraverit
1273 2274 1309 2329 ad
1323 2277 1459 2328 aternam
1488 2270 1611 2344 gloriam
1638 2270 1672 2325 ab
1694 2286 1728 2326 eo
1750 2272 1804 2324 cta-

952 2368 1065 2419 mentar
1079 2362 1184 2433 suscipi
1207 2368 1234 2417 et
1257 2362 1387 2417 coronari
1410 2361 1542 2431 gaudent.
1567 2361 1621 2417 Sed
1643 2360 1802 2427 liberrime,

952 2453 1004 2526 qui
1019 2452 1160 2523 scriptura
1177 2451 1260 2506 Verbi
1283 2450 1332 2505 Dei
1358 2453 1411 2515 est,
1428 2465 1479 2519 per
1502 2448 1578 2519 quod
1608 2446 1702 2501 omnis
1728 2463 1804 2499 creu-

952 2546 1017 2598 tura
1045 2538 1189 2612 apparuit,
1219 2544 1248 2593 et
1276 2538 1351 2609 quod
1378 2538 1508 2591 omnqur
1534 2536 1620 2589 vitam
1646 2534 1802 2589 secundum

46 2640 96 2679 me
122 2623 271 2679 docentem
294 2623 392 2679 audivi
409 2640 416 2678 τ
433 2623 513 2678 Nune
537 2624 599 2677 tau-s
621 2622 679 2676 beo
700 2622 738 2676 sit
757 2622 788 2677 in
811 2638 898 2693 opere
951 2629 1129 2684 voluntatem
1145 2625 1244 2681 aterni
1272 2624 1362 2680 Patris
1383 2625 1460 2680 vetut
1484 2623 1513 2677 in
1538 2639 1567 2678 se
1591 2621 1802 2694 preordinave-

45 2729 113 2781 suo,
130 2712 247 2768 homine
267 2713 408 2777 videlicet,
432 2728 484 2783 pro
500 2712 582 2781 cujus
606 2710 786 2782 reparatione
808 2710 898 2766 maxi·
951 2718 1007 2783 rat,
1023 2712 1187 2785 exspiravit,
1204 2712 1279 2766 hanc
1297 2711 1473 2783 scripturam·
1491 2726 1542 2781 per
1564 2707 1674 2763 nuttam
1696 2708 1803 2763 doctri-

46 2801 212 2872 mapraelia
233 2802 264 2857 in
288 2808 365 2856 terra
380 2799 455 2868 iecit,
470 2814 616 2872 quemque
630 2799 814 2870 suparcoeIos
837 2800 899 2855 ele·
951 2818 1021 2859 uam
1044 2802 1178 2857 humanae
1196 2798 1332 2867 scientiae,
1360 2800 1408 2854 sed
1436 2814 1488 2869 per
1516 2796 1677 2870 simplicem
1704 2802 1733 2851 et
1758 2796 1802 2851 iu·

46 2906 117 2945 aare
132 2890 333 2962 dignatusest,
349 2888 792 2959 utsimulcumangalislaciem
807 2887 898 2961 ipsius
952 2891 1066 2947 doctam
1081 2888 1237 2943 femineam
1249 2870 1373 2942 formam
1398 2892 1430 2941 ut
1459 2885 1513 2940 sibi
1538 2885 1647 2957 placuit
1662 2882 1804 2939 mirabili·

47 2980 79 3033 in
106 2977 215 3033 unitate
238 2978 288 3033 itio
314 2993 371 3050 qun
395 2993 480 3032 veros
504 2977 579 3032 bens
609 2982 638 3031 et
655 2976 743 3031 homo
765 2983 809 3032 est
835 2978 897 3034 iau·
916 3003 937 3059 ρ
953 2983 997 3032 ter
1012 2976 1111 3033 edidit.
1133 2975 1213 3031 Unde
1232 2974 1329 3029 nullus
1352 2972 1505 3029 hominum
1519 2978 1579 3026 tam
1601 2970 1695 3026 audax
1710 2969 1755 3037 sit,
1773 2974 1804 3024 ut

46 3069 108 3123 det.
136 3067 189 3122 Sed
218 3067 280 3139 ipse
302 3066 486 3138 omnipotens
517 3067 592 3121 Deus
616 3065 821 3137 pauperculam
852 3066 897 3122 le·
951 3066 1046 3121 verbis
1074 3065 1159 3136 hujus
1187 3064 1336 3134 scripturae
1358 3061 1469 3134 aliquid
1506 3058 1638 3131 augendo
1662 3061 1800 3129 apponat,

46 3157 177 3211 mirream
202 3155 324 3211 formam
343 3172 397 3227 per
410 3170 498 3227 quam
520 3154 595 3210 hano
609 3154 778 3225 scripturam
796 3155 896 3224 edidit,
952 3156 994 3209 ret
1012 3153 1167 3209 minuendo
1183 3151 1303 3215 auferat,
1322 3166 1357 3206 ne
1380 3151 1415 3205 de
1436 3149 1510 3204 libro
1531 3148 1607 3212 vitoe,
1620 3151 1662 3213 ‚et
1681 3145 1717 3200 de
1741 3159 1803 3199 om-

45 3246 113 3301 oleo
137 3244 339 3300 misericordia
367 3260 427 3299 suae
454 3259 561 3315 ungere
589 3242 734 3314 dignetur,
760 3244 898 3315 quoniam
951 3244 983 3298 ni
995 3240 1173 3298 beatitudine
1195 3254 1259 3311 quea
1283 3237 1334 3292 sub
1356 3236 1417 3292 sole
1438 3241 1482 3290 est
1504 3234 1646 3302 deleatur,
1666 3231 1722 3287 nisi
1737 3246 1803 3303 pro·

44 3334 114 3405 ipsa
126 3332 234 3405 absque
248 3332 328 3388 omni
343 3333 495 3389 securitate
518 3330 597 3402 vivit,
619 3347 674 3386 nec
694 3331 780 3386 etiam
805 3331 896 3387 scien·
953 3337 1019 3403 pter
1064 3327 1301 3384 excribrationem
1339 3325 1511 3390 litterarum,
1551 3328 1601 3376 aut
1631 3319 1802 3383 dictionum,

44 3424 121 3477 tiam
138 3420 337 3477 aediticaIIonis
356 3420 582 3491 scripturarum,
604 3436 676 3491 quas
694 3420 818 3490 Spiritus
831 3436 897 3473 san·
951 3434 1017 3492 quie
1041 3435 1094 3489 per
1118 3415 1336 3488 inspirationem
1361 3412 1484 3484 Spiritus
1513 3412 1601 3465 sancti
1634 3406 1803 3480 simpliciter

45 3519 113 3565 ctus
139 3510 174 3565 ed
198 3510 418 3565 instructionem
442 3508 572 3563 Ecclesia
600 3508 760 3579 proposuit,
784 3511 898 3578 atquae
952 3507 1065 3580 prolata
1084 3511 1160 3572 sunt,
1185 3503 1245 3558 fiat.
1271 3501 1325 3566 Oui
1348 3506 1444 3556 autem
1470 3499 1553 3553 aliter
1577 3496 1803 3569 praesumpserit,

45 3599 129 3654 velot
155 3613 254 3653 murus
282 3612 395 3669 magna
424 3594 546 3650 olvitatis
576 3602 644 3650 sunt
677 3595 773 3650 babet.
800 3598 824 3650 Α
852 3594 899 3649 die

45 3688 131 3743 enim
147 3685 302 3741 naucitatis
316 3701 375 3739 suae
385 3685 416 3739 in
430 3684 579 3739 doloribus
593 3682 900 3754 infirmitatum,quasi

45 3775 105 3832 reti
117 3774 272 3845 illaqueata
287 3776 339 3841 est,
354 3773 394 3827 ita
417 3776 451 3828 ut
473 3771 504 3827 iu
520 3770 657 3827 omnibus
669 3770 760 3840 venis,
785 3771 900 3826 medol-

47 3865 85 3920 lis
117 3866 146 3917 et
172 3860 306 3915 carnibus
328 3860 398 3929 suis,
425 3860 569 3916 continuis
598 3858 746 3915 doloribus
774 3860 899 3924 vexetur,

48 3967 106 4008 nec
122 3951 192 4006 dum
206 3953 304 4004 temen
325 3964 390 4004 eam
413 3948 529 4004 dIssoIvi
552 3948 673 4004 Domino
691 3947 810 4020 placuit,
827 3962 899 4018 quo·

49 4041 197 4110 niamper
210 4053 361 4093 cavernam
387 4037 536 4093 manualis
558 4036 662 4092 animae
684 4035 815 4107 quaedam
837 4050 900 4105 my·

50 4128 124 4183 stica
144 4126 195 4181 uei
216 4124 384 4198 spiritaliter
403 4125 490 4182 sidet.
509 4126 574 4180 tlaee
597 4130 694 4180 autem
721 4123 791 4178 visio
813 4138 901 4177 vanas

954 3593 983 3646 ln
1000 3590 1139 3663 SpIritum
1156 3593 1285 3644 sanctum
1302 3591 1409 3659 peccat.
1437 3585 1517 3642 Unde
1543 3600 1596 3638 nec
1620 3582 1667 3637 bic
1695 3596 1748 3636 neo
1773 3580 1805 3634 in

954 3679 1050 3734 futuro
1064 3677 1168 3731 saecirlo
1189 3676 1231 3730 illi
1257 3674 1431 3729 remittetur.
1457 3671 1537 3726 Nune
1555 3670 1660 3724 ilerum
1686 3668 1746 3722 lans
1768 3665 1806 3720 sit

955 3765 1149 3837 omnipotenti
1176 3765 1233 3819 ileo
1262 3763 1293 3817 iu
1320 3761 1454 3817 omnibus
1484 3758 1619 3829 operibus
1651 3755 1711 3811 suis
1740 3759 1805 3810 aute

954 3869 1058 3920 erum,
1074 3856 1103 3907 et
1121 3852 1152 3907 iu
1166 3866 1269 3917 sevum,
1292 3848 1360 3920 quia
1373 3847 1435 3919 Ipse
1455 3846 1567 3917 primus
1581 3848 1611 3899 et
1633 3841 1804 3897 novissimus

954 3948 1006 3997 est.
1029 3940 1120 3995 Verba
1142 3944 1238 3994 autem
1269 3938 1329 3993 baeo
1355 3935 1455 3991 fideles
1479 3934 1581 3990 devoto
1594 3932 1687 3987 cordis
1702 3929 1805 3985 aflectu

953 4029 1125 4104 perpriant,
1141 4027 1279 4099 quoniam
1302 4040 1354 4099 per
1376 4024 1469 4089 iilum,
1492 4022 1543 4094 qui
1564 4022 1675 4092 primus
1700 4023 1728 4073 et
1752 4032 1805 4072 no·

954 4119 1089 4177 tissimus
1108 4122 1161 4184 est,
1187 4116 1223 4171 ed
1247 4114 1400 4171 utilitatem
1423 4110 1602 4167 credentium
1626 4108 1703 4164 edita
1727 4111 1804 4161 sunt.

291 4453 701 4581 TRIGINTA
739 4447 955 4578 OCTO
996 4441 1570 4589 OUAESTIONUM

760 4678 1107 4769 souuuouna

161 4876 291 4935 Petente
305 4875 445 4937 Wiberto
460 4874 618 4936 monacho
631 4870 849 4934 Gembiacensi
863 4887 919 4950 per
932 4872 1073 4929 sanctam
1091 4862 1311 4942 Iliidegardem
1327 4860 1366 4922 ad
1382 4860 1483 4939 ipsum
1498 4856 1698 4918 transmissae.

549 5029 717 5094 (Bittiotbece
733 5029 851 5091 pamm,
865 5025 907 5077 ed.
921 5024 1055 5090 lugdun,
1067 5027 1087 5074 t.
1104 5020 1197 5085 XXIII,
1212 5034 1238 5085 p.
1253 5018 1321 5083 58³.)

808 5154 1060 5172 Μ

234 5289 370 5331 wrarurus
388 5287 531 5328 aoracaus
550 5284 728 5326 arroasiani.

96 5363 178 5421 liatri
192 5362 378 5419 sanctissima
394 5363 573 5427 tirunculam,
593 5360 747 5414 tt'raserns.

924 5263 1124 5327 Dfioiscendo,
1147 5260 1284 5319 divinitus
1300 5258 1372 5317 mibi
1394 5259 1540 5316 indultum
1563 5256 1752 5323 credideram,
1774 5256 1811 5312 ed

960 5356 1076 5423 tempus
1089 5349 1208 5423 quidem
1227 5349 1296 5404 mibi
1312 5346 1430 5411 invidia,
1447 5352 1478 5401 ut
1493 5350 1574 5418 puto,
1589 5343 1697 5400 diaboli
1712 5343 1811 5400 subla-

95 5452 236 5510 Gaudium
252 5451 330 5526 quod
343 5450 379 5507 de
392 5448 502 5505 risione
517 5452 546 5503 et
562 5445 752 5501 collocutione
765 5446 825 5511 tna,
841 5458 907 5496 carn
960 5445 1024 5497 tum
1038 5444 1089 5495 ast.
1107 5440 1178 5495 Nam
1201 5453 1267 5493 cnm
1281 5435 1430 5492 Coloniam
1446 5449 1537 5506 nsque
1558 5431 1807 5505 processissemus,

61 5540 165 5599 abbate
186 5545 284 5597 nostro
302 5544 433 5611 tempore
457 5532 714 5607 QuadragesImaIi,
739 5531 775 5588 ad
795 5535 823 5585 te
838 5546 905 5602 pro-

961 5534 1005 5584 ter
1020 5532 1149 5583 nostrum
1173 5525 1348 5613 impediente
1367 5522 1481 5593 Satara,
1504 5525 1533 5579 et
1542 5536 1595 5594 per
1619 5520 1733 5591 Iniquus
1747 5534 1812 5574 oar-
