3984 6034
77 280 129 333 lld
818 279 907 335 ulra.
924 308 959 319 -
974 277 1039 334 tle.
1060 280 1096 333 ΙΙ.
1783 279 1834 333 tlt

73 417 128 481 les,
153 415 251 470 verbis
284 415 393 470 occulte
426 431 472 470 ma
504 414 662 482 laniabant,
694 415 820 470 dicentes
851 413 1069 487 quodhstiam
1084 414 1230 485 suspirare
1246 429 1303 468 non
1319 417 1422 485 potest,
1437 419 1506 468 tunc
1527 429 1593 468 caro
1618 411 1722 484 aflligit
1745 413 1831 484 spiri·

72 501 291 574 importabilem
321 503 473 574 strepitum
502 503 641 572 regularis
671 503 845 577 discipline,
871 519 929 576 quo
983 507 1101 570 tum,et
1116 502 1233 582 sillictio
1248 501 1354 558 baecin
1369 501 1551 573 duaspartes
1570 501 1761 574 pergratiam
1780 501 1832 558 Dei

72 607 121 646 aas
146 592 346 664 constringere
365 592 478 658 sellam,
503 591 623 646 sullerra
638 607 696 647 nou
720 596 846 664 possent.
873 591 928 648 Sed
983 590 1132 646 dividitur.

74 681 151 735 lleus
173 681 206 735 in
227 680 290 735 aliis
315 679 398 756 bonis
424 679 660 752 sapientibusque
682 681 839 750 sororibus,
863 697 928 754 ques
1017 681 1052 734 32
1081 678 1264 736 ‹conlllctus
1279 694 1346 733 vero
1368 677 1432 744 isle,
1453 678 1503 750 qui
1520 678 1614 734 dictus
1635 683 1679 732 est
1699 679 1734 734 da
1757 679 1831 749 llgu·

72 767 102 823 in
128 767 267 822 omnihus
290 767 472 840 passionibus
495 767 567 824 meis
593 768 664 823 mihi
689 769 851 834 astiterunt,
878 785 928 825 so·
980 783 1024 834 ra,
1047 783 1113 840 qum
1134 767 1221 822 bomo
1245 773 1303 833 est,
1328 766 1359 821 in
1387 767 1458 822 Abel
1485 766 1614 836 inrcepit,
1637 782 1724 836 quem
1742 767 1831 823 lrater

73 855 180 911 latium
213 856 362 924 adhibuit,
394 843 468 912 sicul
502 856 533 914 iu
569 856 698 912 Susanna
733 857 840 913 lactum
873 862 927 928 cst,
980 872 1050 912 suus
1065 856 1130 911 odio
1142 856 1309 911 habuit:et
1321 855 1351 910 in
1368 857 1437 921 Noe,
1451 855 1532 926 quia
1554 855 1623 910 tiliis
1637 855 1826 931 [imoalilio]

74 958 164 1012 quam
201 943 278 998 Deus
309 958 326 998 a
357 943 438 998 lalsis
460 941 630 996 testimoniis
657 941 796 996 liberas-il.
821 942 926 1007 Onam·
979 943 1596 1016 suislnjuriampartulit;elinhbraham,
1620 943 1670 1015 qui
1697 943 1731 998 de
1755 944 1826 999 ami·

71 1031 113 1084 ris
150 1037 250 1086 nutem
286 1031 454 1102 hujusmodi
492 1030 727 1086 tribulationibus
759 1031 927 1102 lrequenter
979 1033 1021 1087 cis
1040 1032 1198 1105 opprobria
1220 1032 1373 1098 sustinuit:
1397 1037 1426 1086 at
1449 1031 1479 1086 in
1508 1031 1607 1098 Jacob,
1631 1031 1682 1103 qui
1709 1039 1829 1102 propter

72 1120 225 1190 latigarer,
251 1125 350 1175 lamen
373 1119 479 1176 librum
507 1119 580 1182 Vile
602 1118 770 1174 meritorum
791 1119 859 1191 (30),
881 1120 925 1175 di·
978 1120 1097 1175 lratrem
1113 1137 1197 1176 suum
1213 1119 1353 1190 prologus
1366 1119 1535 1190 luit;atque
1549 1119 1579 1174 in
1604 1120 1707 1190 lloyse,
1725 1120 1775 1190 qui
1791 1121 1827 1176 ab

72 1209 184 1262 rinitus
203 1209 276 1264 mihi
298 1209 467 1278 revelatum,
490 1225 542 1280 per
562 1209 683 1280 gratiam
708 1207 759 1262 Dei
776 1207 811 1262 ad
837 1207 925 1264 finem
978 1209 1078 1263 amicis
1092 1209 1215 1264 afflictus
1227 1213 1280 1274 ast,
1296 1208 1363 1279 quia
1386 1206 1509 1262 inimicis
1529 1212 1744 1262 consenserunt.
1762 1209 1827 1264 llaec

73 1297 242 1368 perduxi.»
714 1311 716 1316 ·
977 1296 1096 1351 allliclio
1119 1312 1235 1369 quoque
1259 1296 1337 1350 inter
1357 1296 1514 1366 discipulus
1540 1296 1645 1351 Christi
1668 1303 1740 1362 arat,
1757 1298 1827 1369 quia

108 1385 154 1438 31.
169 1383 216 1438 Sic
235 1383 310 1436 inter
327 1383 445 1436 adversa
464 1386 492 1436 et
509 1397 646 1454 prospera
668 1399 699 1437 se
724 1384 827 1454 agebat
841 1383 924 1455 virgo
977 1391 1097 1456 propter
1108 1385 1244 1438 duritiam
1260 1383 1438 1438 inlidelitatis
1454 1399 1521 1438 caru
1537 1383 1623 1438 unius
1639 1383 1739 1457 [ludu]
1766 1385 1825 1456 spi·

74 1471 131 1524 Deo
152 1470 266 1537 devota,
285 1469 428 1524 utneciu
448 1470 594 1541 prosperis
619 1471 791 1536 elevaretur,
818 1487 871 1527 nec
892 1472 921 1527 in
977 1473 1065 1528 ritum
1081 1472 1467 1528 suffocavit.Coeter·iaulem
1484 1489 1550 1526 cum
1569 1473 1671 1543 spiritu
1698 1472 1728 1527 in
1751 1472 1825 1528 alili-

71 1557 201 1612 adrersis
225 1557 455 1628 deprimeretur:
483 1557 532 1612 sed
563 1557 595 1612 in
630 1564 753 1630 utroque
776 1575 866 1614 unuin
894 1563 923 1614 et
977 1560 1187 1615 olionecontra
1204 1576 1318 1614 carnem
1335 1564 1426 1614 erant.
1449 1559 1581 1614 Zachaeus
1604 1575 1824 1632 quoqueavan-

69 1650 208 1704 eumdem
232 1663 348 1702 servans
371 1647 512 1718 vigorem,
537 1663 588 1702 nec
611 1648 754 1720 vituperio
776 1649 921 1704 concutie-
976 1647 1086 1720 gelicus
1099 1665 1165 1703 carm
1182 1649 1286 1720 spiritu
1301 1648 1333 1702 in
1347 1647 1503 1703 allliclione
1515 1653 1615 1703 contra
1629 1665 1744 1704 carnem
1757 1648 1823 1704 fuit.

70 1731 169 1800 batur,
184 1749 238 1788 nec
252 1732 337 1788 laude
352 1733 549 1789 seducebatur.
581 1735 727 1790 lnlentum
752 1737 841 1805 enim,
864 1743 922 1793 tan·
942 1707 1092 1792 Bluvenis
1107 1743 1214 1800 aulem,
1230 1737 1325 1809 quiin
1341 1737 1493 1810 Evangelio
1509 1753 1576 1792 carm
1591 1737 1704 1793 Christo
1726 1738 1826 1809 loque·

70 1835 161 1892 qnam
176 1837 288 1886 arcum,
303 1821 432 1876 animum
461 1822 495 1876 ud
519 1837 635 1878 omnem
660 1823 842 1894 disciplinam
866 1826 921 1881 hu·
975 1826 1313 1892 batur,conlracarnem
1333 1842 1399 1881 cuni
1417 1825 1520 1897 spiritu
1544 1826 1575 1880 iu
1593 1825 1823 1881 alllictionenuu

69 1907 182 1963 behat:
210 1925 268 1981 quio
302 1925 361 1964 non
382 1910 601 1980 languescente,
634 1911 801 1966 auctoritate
834 1913 920 1968 modo
975 1914 1224 1969 erel:undeeta
1245 1913 1378 1969 Filiollei
1397 1913 1600 1985 lugit.Saulns
1621 1913 1754 1969 etiamin
1776 1915 1823 1968 in·

68 2002 234 2065 mansueta,
257 1998 342 2053 modo
365 2013 473 2064 severa,
499 2012 529 2052 se
553 2012 678 2070 suosque
701 1999 828 2071 regebat.
857 2000 921 2054 llrat
975 2002 1143 2058 credulitate
1167 2019 1219 2058 sua
1248 2003 1383 2074 spiritum
1416 2002 1551 2074 primitus
1574 2003 1745 2057 continuit:
1772 2001 1822 2057 sed

72 2085 183 2156 qnippe
200 2087 229 2140 iu
246 2103 278 2140 ea
299 2085 433 2141 comitale
454 2085 571 2141 condita
588 2086 727 2159 gravitas,
754 2092 783 2142 et
803 2103 836 2142 er
858 2089 921 2158 ejus
975 2092 1050 2148 Deus
1064 2091 1171 2148 malum
1191 2091 1244 2146 buc
1264 2091 1295 2146 in
1318 2090 1381 2161 ipso
1406 2091 1564 2162 dissipavit,
1589 2091 1663 2145 sicut
1688 2091 1724 2146 de
1746 2091 1821 2146 coelo

69 2173 171 2244 lingua
200 2175 285 2229 melle
307 2173 419 2230 dulcior
441 2173 577 2229 orationis
599 2175 763 2245 prolluebat
784 2177 917 2234 suavitas.
975 2179 1110 2236 Satanam
1129 2181 1159 2235 in
1175 2180 1307 2250 abyssum
1330 2180 1462 2252 projecit,
1478 2185 1506 2234 el
1530 2180 1565 2234 de
1589 2179 1675 2234 Saule
1700 2179 1822 2235 Paulum

70 2261 201 2317 ilabebat
223 2277 290 2318 reru
312 2263 343 2318 in
365 2262 500 2318 omnibus
521 2278 620 2318 sanam
645 2262 821 2330 doctrinam,
846 2265 920 2320 siout
974 2268 1050 2324 lacit.
1066 2269 1137 2324 Abel
1157 2273 1265 2336 autom,
1288 2269 1338 2342 qui
1360 2270 1389 2323 in
1408 2269 1537 2324 altlnenti
1554 2268 1697 2323 desiderio
1716 2268 1822 2324 animae

67 2351 102 2406 de
119 2357 227 2406 natura
241 2351 379 2418 hominis,
404 2351 438 2406 da
463 2351 597 2407 coullictu
623 2351 716 2407 caruis
739 2357 767 2408 el
790 2354 917 2424 spiritus,
974 2356 1144 2425 immolavit,
1160 2358 1352 2412 sauctillcatus
1368 2365 1424 2424 est:
1439 2357 1508 2414 Cain
1529 2361 1624 2411 aulem
1642 2356 1820 2429 repudiatus,

67 2439 102 2494 ds
124 2443 293 2494 sauctorum
319 2441 435 2495 Petrum
456 2441 596 2512 exemplis
619 2439 728 2507 scribit,
751 2442 827 2512 quod
852 2458 919 2512 per·
974 2446 1125 2516 quiscere
1148 2445 1283 2516 spirltum
1304 2446 1368 2517 ejus
1390 2460 1442 2514 per
1464 2445 1564 2500 odium
1585 2444 1743 2499 sullucarit.
1761 2445 1821 2500 llos

66 2529 146 2600 oepit
165 2544 219 2599 per
242 2528 445 2584 revelationem
469 2529 606 2584 divinam.
628 2548 642 2578 s
665 2530 698 2584 ln
720 2545 796 2598 rora,
813 2529 918 2601 iuquit,
974 2528 1062 2584 etlam
1078 2528 1262 2600 justificatus,
1285 2529 1354 2600 quia
1379 2529 1437 2584 Deo
1461 2527 1640 2583 sacrillcasit.
1665 2528 1720 2583 Sed
1744 2527 1821 2582 lilius

67 2615 181 2670 risione
197 2614 255 2670 vidi
270 2613 393 2686 figuram
416 2615 551 2680 bominis,
567 2616 629 2688 qui,
644 2617 775 2688 quamvis
800 2617 829 2672 in
851 2618 919 2672 due·
974 2618 1037 2688 ejus
1051 2617 1197 2688 spurcitiae
1219 2618 1313 2672 carnis
1333 2623 1443 2689 patrem
1464 2616 1622 2672 deridendo
1646 2617 1817 2687 respondit:

68 2704 123 2758 bus
139 2703 260 2775 tnaluris
283 2704 337 2775 (to)
361 2704 399 2758 sit
421 2705 525 2759 anima
547 2710 576 2758 at
600 2709 738 2776 corporis,
759 2722 848 2760 unum
876 2714 918 2760 tu·
974 2711 1004 2760 et
1018 2705 1083 2760 ideo
1096 2705 1227 2760 libertate
1244 2705 1346 2772 caruit,
1364 2704 1482 2760 nomine
1494 2705 1547 2759 lilii
1559 2704 1705 2776 indiguus,
1721 2721 1820 2760 servus

67 2807 136 2846 men
161 2791 318 2847 [edificium
340 2796 393 2860 est,
418 2793 497 2847 velut
520 2807 585 2846 cum
609 2792 696 2847 homo
717 2809 752 2848 ex
775 2793 919 2864 lapidibus
973 2798 1092 2850 vocatus
1107 2799 1158 2848 esl.
1176 2793 1319 2849 Abrabam
1332 2809 1448 2866 quaeque
1463 2793 1732 2864 multiplicatusest,
1746 2809 1820 2865 quo·

64 2879 189 2936 domum
205 2881 363 2951 componit,
382 2881 416 2936 de
430 2881 560 2935 cinerosa
574 2896 692 2953 quoque
714 2883 835 2937 materia
854 2899 918 2938 aum
972 2883 1051 2938 niam
1080 2884 1138 2938 beo
1162 2881 1314 2944 obediens,
1339 2898 1454 2936 carnem
1483 2896 1565 2936 suem
1594 2886 1695 2936 contra
1723 2882 1819 2937 carnis

66 2969 148 3040 tegit,
165 2973 197 3024 et
209 2968 369 3034 confirmat,
387 2985 423 3024 ne
448 2970 532 3026 cadat
555 2974 584 3024 et
607 2970 807 3027 conlaudatur.
826 2973 916 3028 llomo
937 2992 957 3048 ρ
969 2971 1038 3040 jnra
1059 2970 1213 3042 diligenter
1237 2970 1403 3042 allligehat·
1426 2970 1477 3026 llio
1499 2970 1530 3026 iu
1553 2969 1676 3026 alienam
1701 2976 1818 3043 gentem

65 3057 146 3112 euim
161 3073 238 3128 opus
257 3058 306 3113 liei
331 3063 383 3126 est,
407 3063 436 3113 et
460 3073 526 3113 oum
554 3059 634 3114 omni
657 3068 789 3114 creature
814 3064 868 3130 ast,
885 3076 918 3116 ac
971 3065 1189 3114 conversasset.
1204 3059 1311 3115 Allliis
1335 3065 1432 3114 auitam
1453 3063 1482 3114 et
1504 3058 1604 3114 amicis
1624 3061 1687 3129 ojus
1700 3057 1818 3115 libertas

65 3147 163 3201 omnis
188 3151 321 3202 creatura
343 3163 408 3202 crim
434 3148 497 3218 ipso
519 3152 571 3202 est.
597 3147 651 3202 Sed
681 3165 754 3220 opus
778 3148 915 3215 hominis,
970 3147 1099 3213 illorum,
1114 3146 1229 3219 quisibi
1249 3147 1428 3210 resistebant,
1447 3147 1578 3215 evanuit;
1593 3146 1689 3202 aliliis
1703 3147 1814 3219 quippe

66 3235 147 3308 quod
161 3234 226 3290 sine
250 3240 308 3290 vita
328 3241 382 3304 esl,
405 3236 487 3307 operi
511 3235 573 3301 bei,
589 3238 666 3307 quod
682 3237 738 3291 vita
752 3243 805 3303 est,
821 3237 915 3292 simile
971 3237 1057 3292 lsrael
1072 3236 1155 3308 ejecti
1170 3239 1247 3305 sunt,
1271 3237 1322 3307 qui
1336 3236 1420 3292 liberi
1435 3236 1615 3292 exstiterunt
1631 3236 1717 3290 Jacob
1741 3251 1817 3307 quo-

66 3339 124 3379 non
150 3327 204 3379 est.
228 3324 302 3380 sicut
326 3341 375 3380 vas
400 3325 492 3397 figuli,
515 3323 755 3380 aedificationibus
775 3325 849 3381 labri
875 3326 915 3380 si·
971 3341 1028 3397 que
1045 3325 1102 3380 lieo
1116 3325 1246 3391 dilectus,
1269 3325 1337 3397 quia
1351 3326 1382 3379 in
1397 3325 1537 3381 desiderio
1556 3325 1661 3380 animas
1674 3325 1817 3396 justitiam

64 3411 136 3466 mile
151 3427 212 3466 nou
231 3417 285 3467 esl.
301 3413 408 3468 Natura
430 3428 496 3468 sero
519 3413 624 3468 aniniae
651 3414 684 3468 ad
704 3413 848 3469 iullnitam
870 3414 913 3468 vi·
971 3429 1086 3485 semper
1106 3413 1193 3482 bibit,
1216 3413 1248 3468 in
1275 3413 1524 3469 benedictionibus
1544 3415 1594 3470 Dei
1615 3413 1817 3485 perseverarit.

65 3505 126 3556 tarn
150 3501 254 3571 aspicit
269 3517 275 3556 :
290 3517 395 3572 eorpus
417 3507 513 3556 autem
537 3504 673 3556 caducam
695 3503 782 3557 silam
806 3503 915 3574 amplu-
971 3503 1045 3557 Esau
1060 3507 1157 3557 autam
1182 3503 1271 3557 frater
1294 3503 1358 3573 ejus
1383 3503 1582 3558 benedictione
1604 3503 1742 3574 spoliatus
1764 3509 1816 3571 ast,

65 3591 180 3644 utitur:
211 3606 264 3644 uec
288 3591 438 3646 unanimes
461 3597 538 3659 sunt,
564 3591 642 3663 qula,
678 3591 808 3663 quamvis
832 3591 915 3647 simul
970 3596 1089 3663 propter
1108 3590 1217 3658 odium,
1242 3592 1320 3663 qtrud
1343 3591 1379 3647 ad
1401 3592 1497 3663 ipsum
1515 3592 1625 3647 hahuit.
1650 3593 1759 3662 lloyses
1779 3592 1819 3646 fa·

65 3679 125 3733 sint
140 3679 171 3732 in
186 3678 315 3744 bomine,
330 3679 361 3733 in
384 3679 441 3733 duo
455 3684 551 3734 tamen
567 3679 742 3735 dividuntur.
764 3681 821 3734 llac
835 3679 916 3735 simi·
970 3681 1067 3735 mulus
1079 3685 1108 3734 et
1122 3680 1232 3734 amicus
1247 3679 1307 3748 llei,
1323 3695 1389 3752 qum
1410 3681 1442 3735 iu
1459 3681 1604 3750 mysteriis
1626 3685 1657 3735 et
1670 3681 1818 3735 miraculis

65 3766 193 3822 liludine
218 3783 282 3821 cum
309 3767 384 3822 Deus
402 3767 540 3838 Spiritum
565 3766 631 3840 [ms.
649 3768 752 3823 Filium
773 3767 914 3840 mendose]
970 3768 1113 3823 babuitet
1130 3767 1262 3834 servarit,
1284 3782 1454 3838 responsum
1477 3768 1573 3822 carnis
1596 3768 1626 3821 in
1645 3783 1676 3822 sa
1698 3782 1816 3838 oppres-

64 3871 152 3910 suum
168 3871 221 3927 per
241 3855 423 3927 prophetiam
444 3860 472 3911 el
488 3857 671 3928 sapientiam,
695 3856 739 3911 vel
762 3873 814 3928 per
829 3857 915 3912 mira·
970 3856 1017 3912 sit.
1032 3858 1112 3912 Unde
1128 3856 1178 3927 qui
1194 3871 1262 3910 eum
1282 3856 1349 3911 odio
1371 3855 1523 3921 habehant,
1540 3857 1699 3928 perierunt,
1717 3870 1769 3910 nec
1787 3856 1817 3910 in

64 3945 131 3998 cula
147 3945 178 3998 in
200 3945 349 4000 bominem
366 3945 474 4012 mittit3
496 3945 575 4000 carni
599 3945 676 4000 illius
700 3961 776 4016 saepe
800 3944 916 4000 dolores
969 3949 1076 4001 terram
1104 3944 1304 4016 promissionis
1325 3949 1527 4015 pervenerunt.
1550 3943 1680 4016 Apostoli
1699 3959 1816 4000 carnem

63 4031 186 4103 inlligit,
205 4037 348 4105 quatenus
362 4033 486 4105 Spiritus
505 4039 618 4088 sanetus
637 4033 677 4088 ihi
700 4034 829 4089 habitare
849 4049 914 4104 pos·
970 4049 1052 4089 suam
1071 4033 1281 4106 opprimebant.
1308 4033 1363 4089 Sed
1385 4033 1471 4088 ludas
1492 4034 1524 4088 iu
1547 4033 1688 4088 desiderio
1710 4034 1816 4088 animae

64 4121 110 4174 sil.
135 4119 165 4175 Si
190 4125 286 4176 aulem
311 4137 374 4176 eam
397 4122 544 4178 doloribus
562 4139 620 4178 nou
644 4123 826 4196 constringit,
848 4127 915 4178 lunc
970 4128 1048 4178 totus
1069 4137 1161 4177 caecus
1182 4122 1247 4188 luit,
1277 4122 1329 4194 qui
1353 4121 1496 4177 Christum
1520 4121 1612 4194 magis
1633 4123 1816 4194 sequebatur,

63 4209 254 4264 sacularibus
287 4211 414 4266 moribus
446 4212 528 4266 laoilo
555 4212 752 4268 admiscetur:
781 4213 854 4268 sicut
885 4213 914 4267 in
969 4210 1427 4283 utapopulohonorillcaratur„
1442 4226 1530 4281 quam
1545 4211 1620 4265 utin
1635 4226 1701 4264 eum
1716 4209 1816 4265 crede·

65 4297 208 4353 Samsone
223 4302 252 4352 el
263 4299 415 4354 Salomone
428 4301 549 4372 aliisque
566 4301 677 4368 eccidit,
689 4301 739 4372 qui
764 4301 793 4354 in
816 4301 915 4372 suspi-
933 4287 1027 4366 Dret;
1043 4298 1115 4353 sicut
1126 4302 1155 4351 el
1169 4297 1312 4369 discipuli,
1329 4297 1380 4369 qui
1400 4297 1577 4353 desiderium
1599 4298 1703 4353 animae
1723 4297 1816 4368 pleni·

65 4387 114 4440 riis
131 4385 255 4456 spiritus
269 4386 451 4459 {defecerunt
467 4389 502 4444 ad
525 4388 743 4445 delectationem
769 4389 862 4444 carnis
886 4404 915 4442 sa
969 4393 1014 4442 ter
1028 4402 1084 4441 non
1100 4385 1255 4453 hebebant,
1269 4386 1432 4442 doctrinam
1450 4387 1568 4457 quidem
1578 4386 1682 4441 Christi
1692 4387 1817 4442 libenter

64 4473 253 4541 inclinantes,
277 4475 345 4546 quia
372 4475 533 4548 prophetia,
558 4476 698 4548 sapientia
723 4481 752 4531 et
777 4477 915 4532 miracula
969 4475 1133 4542 audierunt,
1157 4475 1208 4530 sed
1232 4475 1371 4547 quoniam
1394 4475 1425 4530 in
1451 4476 1554 4546 spiritu
1586 4475 1698 4530 tediosi
1721 4480 1814 4542 arant,

64 4562 92 4617 in
114 4562 227 4634 gaudio
249 4563 376 4634 jucunda
397 4564 545 4620 suntsed
570 4581 634 4620 orins
659 4566 747 4621 homo
770 4565 915 4620 interdum
964 4579 1035 4621 cum
1050 4563 1257 4634 perlectionem
1268 4563 1390 4634 justitiae
1403 4565 1467 4635 ejus
1479 4563 1598 4619 sufferre
1613 4579 1672 4618 non
1686 4569 1814 4635 possent,

64 4650 290 4706 delectationem
310 4652 404 4706 carnis
418 4668 471 4724 per
485 4653 699 4724 suggestionem
713 4653 821 4708 diaboli
837 4653 914 4722 colit,
969 4651 1005 4706 ab
1020 4650 1214 4722 aufugerunt.

63 4755 141 4809 supe
159 4737 252 4793 dicit:
268 4738 324 4795 aul
356 4739 507 4796 immundo
527 4741 616 4797 letone
632 4741 710 4797 laecis
733 4742 819 4797 leleo.
843 4741 914 4806 Quid
1005 4743 1048 4796 ³3.
1071 4760 1086 4790 «
1109 4741 1242 4795 Zacbaeus
1263 4740 1292 4795 in
1310 4740 1491 4811 jucunditate
1513 4741 1608 4796 carnis
1629 4739 1815 4796 alllictionem

62 4828 125 4900 ipse
153 4826 274 4898 spiritus
301 4844 416 4884 carnem
451 4829 577 4902 allligit'l
602 4830 674 4895 Quia
709 4831 770 4901 ipse
799 4829 915 4902 spiritus
968 4829 1201 4899 spirituscontra
1223 4845 1339 4885 carnem
1363 4830 1475 4899 hahuit,
1491 4830 1533 4885 ita
1556 4830 1632 4903 quod
1655 4845 1744 4902 opera
1763 4846 1816 4885 sua

61 4922 181 4988 gustum
196 4917 305 4986 peccati
320 4932 354 4972 ex
379 4923 483 4972 nature
503 4934 555 4973 sua
579 4919 646 4974 odio
661 4918 757 4982 habet.
775 4918 846 4974 Cum
863 4933 913 4972 au·
968 4916 1024 4972 sibi
1037 4917 1256 4988 displicuerunt.
1277 4917 1356 4972 Unde
1377 4934 1444 4974 cnm
1463 4919 1499 4974 de
1521 4917 1592 4973 Filio
1612 4917 1664 4972 llei
1679 4916 1814 4983 audisset,

61 5009 117 5060 tem
133 5019 206 5058 caru
221 5003 365 5059 desideria
378 5004 482 5060 animm
505 5006 612 5078 trangit
639 5011 757 5077 propter
780 5005 914 5077 frequen·
968 5005 1047 5078 quod
1058 5005 1154 5077 justus
1169 5010 1254 5075 esset,
1269 5005 1347 5062 illico
1367 5007 1401 5062 ad
1417 5023 1485 5062 eum
1498 5006 1632 5073 cucurrit,
1653 5011 1682 5060 at
1696 5006 1728 5061 in
1748 5021 1813 5060 eum

61 5097 118 5150 lem
144 5091 385 5162 delectationem,
409 5093 438 5148 iu
460 5111 517 5165 qua
535 5111 588 5166 per
609 5095 729 5150 latorem
754 5094 864 5165 peccati
885 5110 916 5149 ss
968 5095 1102 5160 credidit,
1116 5096 1185 5166 quia
1201 5101 1319 5167 peccata
1341 5113 1393 5152 sua
1407 5096 1488 5167 prius
1512 5094 1714 5168 perspiritum
1735 5094 1816 5167 plan·

62 5182 193 5250 involvit,
216 5179 257 5234 ila
281 5181 361 5254 quod
385 5181 502 5255 spiritus
525 5188 644 5255 propter
668 5182 798 5238 eamdem
823 5183 914 5238 mole-
967 5185 1017 5240 ait
1038 5185 1092 5240 Sed
1104 5185 1219 5256 juvenis
1238 5185 1269 5241 in
1284 5186 1438 5258 Evangelio
1453 5185 1574 5257 positus,
1591 5183 1698 5240 divitiis
1713 5199 1814 5238 onera·

95 5324 155 5395 (30)
182 5321 254 5377 Vide
277 5322 351 5378 dicta
377 5323 412 5379 de
436 5325 491 5380 hoo
514 5340 603 5396 opere
629 5325 659 5380 in
688 5325 913 5393 Commentario,
968 5341 1025 5394 ras,
1050 5325 1229 5397 frequientius
1252 5327 1377 5381 occurrit
1400 5325 1555 5382 inSauclee
1571 5325 1692 5396 scriptis.
1708 5328 1745 5381 a:
1769 5325 1815 5380 ni-

65 5411 142 5450 num.
162 5395 226 5449 let.
968 5397 1009 5452 hil
1042 5398 1184 5452 censenda
1214 5402 1257 5452 est
1287 5397 1448 5466 inlelligere
1476 5397 1528 5452 illu
1551 5397 1689 5469 loqrsendi
1712 5396 1814 5465 modo;

96 5468 157 5537 llll)
173 5467 208 5522 ld
232 5469 287 5532 est,
313 5464 424 5520 duabus
447 5471 558 5522 cunstat
578 5467 717 5539 partibus.
745 5466 843 5523 llodus
866 5467 915 5523 ille
968 5467 1024 5523 nisi
1050 5469 1121 5524 duas
1144 5475 1251 5539 partes,
1275 5475 1307 5524 ut
1329 5469 1348 5524 li
1371 5474 1420 5522 uel
1445 5484 1478 5523 ex
1502 5469 1689 5541 sequentibus
1709 5469 1814 5535 serbis,

66 5536 216 5611 loquendi,
232 5552 291 5608 quo
316 5536 443 5594 animam
469 5543 498 5594 el
520 5553 624 5612 corpus
640 5539 710 5594 duas
733 5542 814 5594 vocat
831 5543 914 5594 natu·
968 5538 1020 5594 ubi
1035 5539 1105 5595 dicit
1119 5557 1133 5590 a
1146 5554 1238 5594 unum
1253 5555 1314 5595 esse
1329 5485 1493 5596 aedilicium.
1509 5559 1525 5592 s
