3984 6034
91 176 149 226 soti
720 175 864 231 suillas.
879 205 915 216 -
930 175 996 230 titt.
1018 176 1051 243 ll,
1071 175 1164 233 VISIO
1185 175 1227 231 Vl.
1797 183 1847 235 sill

89 307 172 362 felici
200 305 422 379 desponsatione
444 306 583 362 associata
607 311 661 372 est,
684 311 770 379 atque
801 322 888 363 cerne
916 313 945 363 et
963 312 1107 376 Aturum,
1124 309 1192 364 dum
1215 309 1348 366 sacerdos
1371 309 1407 366 ab
1427 310 1510 366 altari
1533 313 1690 384 recederet,
1712 314 1848 387 praedicta

89 397 240 469 sanguiue
267 398 330 469 ejus
359 396 492 451 nobiliter
520 396 628 451 dotata.
660 397 693 452 nt
719 396 815 452 audivi
847 413 945 452 vocem
1001 399 1138 454 serenitas
1155 415 1219 470 qum
1240 398 1275 454 de
1297 399 1368 454 coelo
1392 400 1509 455 veniens
1531 404 1622 456 lotum
1653 403 1725 460 illud
1747 405 1846 470 altaro,

90 487 130 540 de
144 486 220 541 coelo
235 484 278 540 illi
297 485 465 540 dicentem:
489 487 563 551 Huc,
582 485 634 551 liii,
660 485 764 540 sittibi
788 501 893 556 sponsa
915 485 946 539 in
1001 487 1041 556 [ut
1075 486 1183 542 dictum
1215 488 1277 558 esi),
1313 488 1552 554 circumfulserat,
1582 507 1695 546 sursum
1732 493 1768 546 ad
1799 509 1844 548 su·

91 575 340 630 restaurationem
361 574 461 646 popuii
477 574 547 640 mei;
564 574 609 628 oni
631 574 693 646 ipsa
709 579 801 628 mater
819 573 865 641 sit,
888 573 948 629 ani·
1000 590 1091 646 perna
1113 580 1220 630 secreta
1243 575 1386 632 subtracta
1418 581 1470 631 est.
1502 578 1533 632 Et
1556 575 1660 633 iterum
1679 579 1776 636 audiri
1798 597 1847 635 ro-

91 680 158 720 mas
181 679 235 735 per
258 663 445 718 salvationem
468 662 587 733 spiritus
610 666 737 734 utaque
763 678 944 734 regenerans.
1000 664 1110 719 cemde
1133 663 1265 734 superuis
1285 665 1424 720 emiorum
1448 664 1591 721 dicentem
1615 667 1709 723 mihi:
1734 669 1847 724 Christo

13 794 14 799 ι
94 751 580 822 Etcumeademimagojamhoc
595 751 680 806 modo
699 752 731 806 iu
753 751 862 806 viribus
887 751 947 807 suis
999 753 1066 807 lesu
1080 768 1147 807 vero
1168 753 1237 808 lilio
1255 753 1306 806 liei
1319 752 1349 808 ιιι
1360 753 1440 823 ligno
1454 754 1595 824 passionis
1611 773 1670 812 suae
1686 757 1845 828 pendente;

91 840 261 912 proliceret,
285 840 345 896 ridi
360 840 443 912 quasi
456 839 602 912 quoddam
626 841 716 894 altare
736 840 774 895 ad
787 840 865 912 quod
884 839 947 912 ipsa
1001 839 1175 896 Ecclesiam
1199 847 1307 896 secreto
1339 859 1529 914 supernorum
1564 846 1768 916 mysteriorum
1793 846 1847 918 ipsi

91 929 266 1001 frequenter
287 928 424 984 accedens
447 929 544 984 dotem
566 944 648 984 suam
674 928 775 983 devote
794 929 945 997 revisebat,
1001 930 1146 998 associata,
1170 947 1317 1002 purpureo
1343 931 1482 1001 sanguine
1496 934 1558 1002 ejus
1580 933 1679 988 dotata
1694 940 1746 990 est.
1771 934 1848 991 Sicut

92 1034 160 1075 eam
176 1033 303 1090 superno
317 1017 394 1074 Patri
415 1016 573 1088 clangetis
594 1018 657 1088 ejus
679 1016 828 1074 humiliter
853 1024 947 1073 osten·
1001 1023 1029 1073 et
1044 1019 1105 1090 ipsa
1120 1019 1313 1086 demonstrat;
1331 1035 1397 1074 cum
1419 1021 1586 1091 frequenter
1609 1021 1646 1076 ad
1667 1023 1757 1076 altare
1772 1039 1849 1078 accc·

92 1109 178 1164 dens.
196 1107 276 1162 Unde
290 1106 378 1161 etiam
403 1121 468 1159 cnm
492 1105 624 1160 secordes
650 1106 737 1160 sacris
756 1106 881 1162 restibus
906 1107 947 1161 in·
1001 1107 1072 1162 dene
1086 1106 1181 1162 dotem
1200 1123 1281 1162 suam
1305 1108 1439 1179 reposcit,
1455 1113 1483 1162 et
1502 1115 1610 1180 quanta
1628 1111 1781 1166 devotione
1795 1111 1847 1168 lilii

92 1196 186 1249 dutus
209 1195 244 1248 ad
280 1193 450 1249 celebranda
478 1192 574 1248 divina
598 1197 776 1248 sacramenta
799 1195 947 1249 adultere
1000 1194 1061 1266 ejus
1083 1194 1118 1249 ad
1143 1195 1238 1251 divina
1259 1195 1395 1265 mysteria
1423 1197 1589 1252 accedentes
1616 1215 1649 1254 ea
1679 1198 1847 1271 percipiant,

92 1282 169 1338 illud
194 1281 352 1348 accederet,
377 1281 434 1336 ridi
456 1281 535 1353 quod
560 1281 655 1337 subito
674 1297 780 1353 magua
808 1282 947 1337 serenitas
1000 1282 1191 1339 attentissime
1209 1284 1379 1340 considerat.
1403 1285 1585 1358 Quapropter
1599 1286 1679 1342 rides
1693 1288 1849 1346 cumidem

92 1371 170 1427 locis
194 1387 261 1426 cum
293 1368 433 1443 obsequio
459 1370 630 1441 angelorum
651 1370 688 1426 de
715 1373 787 1426 coelo
816 1370 946 1439 ueniens,
1002 1370 1089 1425 Filius
1117 1371 1308 1426 Delincruce
1334 1373 1480 1444 pependit,
1496 1374 1573 1445 quod
1591 1375 1850 1446 praedictamolie·

94 1464 190 1514 totum
217 1461 306 1515 altare
331 1459 402 1514 illud
424 1458 621 1526 circumfulsit,
645 1463 674 1513 et
695 1459 735 1515 ibi
758 1460 859 1515 tandiu
880 1476 946 1531 per·
1003 1459 1060 1513 bris
1080 1459 1176 1529 imago
1192 1460 1394 1516 relntlucidus
1409 1463 1591 1533 splendores
1607 1462 1725 1532 antiquo
1749 1462 1848 1516 consi·

93 1547 214 1609 mansit,
231 1563 382 1621 quousque
407 1548 550 1619 completo
565 1553 745 1604 sacramento
762 1548 893 1604 sacerdos
910 1549 946 1605 ab
1000 1548 1040 1604 lio
1055 1564 1177 1620 propere
1200 1549 1386 1621 progrediens
1410 1566 1461 1622 per
1482 1551 1611 1608 divinam
1638 1551 1797 1623 potentiam
1812 1551 1849 1608 ad

94 1637 181 1691 altari
200 1636 355 1692 secederet.
381 1635 481 1691 Sedet
499 1636 540 1691 ibi
555 1635 705 1707 evaugelio
722 1636 801 1708 pacis
815 1637 944 1706 recitato,
1000 1637 1094 1709 ipsum
1121 1637 1242 1694 adducta
1262 1641 1322 1704 est;
1345 1638 1414 1711 quia
1429 1639 1529 1696 eodem
1553 1639 1707 1695 innocente
1722 1642 1804 1709 agno
1818 1639 1850 1696 iu

93 1731 124 1781 et
147 1725 294 1781 oblatione
316 1741 381 1796 qum
412 1725 605 1780 consecranda
625 1729 687 1780 erat
706 1727 790 1782 alteri
811 1742 947 1797 superpo·
999 1741 1079 1781 aram
1102 1725 1194 1780 crucis
1210 1742 1261 1797 pro
1285 1728 1375 1782 salute
1398 1727 1550 1782 hominum
1573 1729 1696 1795 elevato,
1725 1727 1849 1784 Ecclesia

92 1814 149 1868 sita
173 1829 241 1869 cum
274 1813 408 1869 sacerdos
433 1813 548 1868 laudem
570 1813 777 1885 omnipotentis
801 1815 850 1870 [lei
880 1831 945 1887 ques
999 1813 1168 1885 inpunitate
1184 1813 1316 1868 candoris
1336 1812 1403 1868 tidei
1424 1819 1451 1868 et
1471 1819 1638 1870 ceterarum
1662 1815 1802 1870 virtutum
1815 1832 1848 1872 es

91 1906 135 1957 eet
152 1918 160 1956 ι
176 1904 311 1968 Sanetus,
332 1904 608 1969 rememineritis,
637 1901 772 1957 dominus
788 1903 864 1956 vens
889 1905 945 1959 Sc·
999 1901 1095 1957 divino
1119 1907 1227 1956 secreto
1245 1905 1365 1972 repente
1383 1917 1436 1972 per
1463 1901 1719 1972 profundissimum
1746 1909 1849 1976 myste-

92 1991 191 2058 daotli,
217 1992 392 2055 decantaret,
414 1997 443 2044 et
465 1990 505 2045 sic
532 1991 669 2061 mysteria
687 1990 878 2046 ineffabilium
903 2008 946 2046 sa·
1000 1991 1075 2046 rium
1100 2006 1242 2062 apparens
1261 1991 1290 2045 iu
1320 1989 1402 2056 coslo,
1424 2006 1476 2060 per
1499 2005 1642 2046 summam
1667 1991 1847 2062 rusiestatem

92 2084 308 2136 crementorum
343 2079 502 2148 inchoaret,
535 2083 653 2151 repente
674 2079 759 2151 ignea
785 2081 945 2136 coruscatio
999 2079 1093 2135 eidem
1119 2079 1270 2149 Unigenito
1294 2079 1342 2132 [lei
1366 2077 1502 2149 adjuncta
1523 2084 1575 2134 est.
1605 2079 1678 2144 Quid
1701 2083 1744 2134 est
1770 2082 1847 2138 hoc?

93 2166 304 2223 inestimabilis
318 2167 465 2233 claritatis,
487 2172 586 2239 aperto
610 2170 690 2233 caelo,
707 2183 795 2240 super
813 2169 944 2224 eamdem
999 2169 1071 2234 Quia
1085 2183 1150 2223 cum
1171 2167 1206 2222 de
1220 2167 1369 2223 vulnerato
1388 2168 1477 2222 latere
1493 2167 1557 2224 Filii
1574 2169 1630 2224 mei
1646 2185 1732 2223 cruor
1750 2169 1847 2237 exivit,

92 2256 272 2312 oblationem
292 2257 450 2321 descendit,
475 2263 504 2312 ct
533 2272 596 2311 cam
620 2260 711 2312 totam
739 2273 790 2311 sua
817 2259 944 2313 claritate
1000 2273 1063 2312 mox
1080 2256 1196 2312 salvatio
1218 2255 1379 2311 animarum
1400 2261 1497 2310 exorte
1517 2261 1568 2312 est.
1592 2257 1732 2321 Quoniam
1757 2258 1849 2330 gloria

92 2347 133 2400 ita
155 2345 293 2418 perfudit,
306 2349 336 2400 ut
352 2345 452 2400 solaris
472 2344 520 2399 lux
544 2361 606 2400 reru
622 2345 701 2399 illam
715 2345 842 2401 illustrat
856 2362 944 2418 quam
999 2345 1048 2400 illa
1075 2345 1110 2400 de
1128 2360 1184 2416 qua
1208 2343 1340 2399 diabolus
1363 2360 1428 2399 cum
1455 2344 1624 2416 sequacibus
1639 2345 1698 2400 suis
1713 2348 1849 2419 expulsus

93 2432 184 2488 radiis
197 2432 257 2486 suis
271 2431 424 2503 traustigit.
448 2433 480 2486 Et
504 2432 574 2487 dum
598 2449 662 2487 cam
688 2433 741 2488 hoc
765 2433 849 2488 modo
869 2434 944 2489 irra·
999 2438 1053 2500 est,
1069 2433 1179 2490 homini
1198 2434 1264 2488 data
1280 2437 1332 2498 est,
1350 2449 1415 2487 cum
1433 2433 1602 2504 Unigenitus
1623 2450 1704 2490 meus
1724 2442 1848 2492 mortem

93 2521 199 2587 diaret,
219 2535 333 2576 sorsum
364 2521 444 2576 illam
466 2520 502 2576 ed
527 2526 637 2576 secreta
665 2521 731 2576 coeli
760 2520 945 2578 invisibiliter
999 2523 1027 2578 iu
1045 2537 1127 2576 errice
1143 2521 1340 2592 temporaliter
1354 2520 1482 2588 subiens,
1496 2521 1609 2576 inferno
1636 2522 1759 2595 spoliato
1775 2524 1846 2580 tide-

94 2607 223 2675 sustulit,
237 2614 269 2664 et
291 2608 399 2664 iterum
418 2625 483 2665 eam
509 2610 644 2664 deorsum
668 2626 756 2681 super
778 2611 873 2681 ipsum
899 2613 944 2668 al·
999 2613 1039 2666 les
1059 2611 1168 2666 animes
1183 2611 1218 2665 ad
1234 2609 1359 2664 coelestia
1372 2610 1464 2678 duxit,
1486 2611 1525 2664 ita
1548 2609 1634 2666 etiam
1659 2611 1736 2683 qnod
1759 2611 1847 2667 indi·

93 2703 155 2752 tare
170 2696 294 2763 remisit,
309 2699 386 2752 velut
411 2715 477 2753 cnm
503 2699 589 2753 homo
610 2698 770 2754 anhelitum
789 2716 873 2756 sunm
899 2701 943 2756 in·
999 2699 1116 2772 scipulis
1131 2699 1190 2754 suis
1204 2703 1232 2752 et
1246 2698 1277 2752 in
1299 2697 1335 2752 iis
1348 2697 1398 2768 qui
1418 2715 1466 2752 eos
1480 2699 1590 2754 sincere
1606 2699 1749 2756 subsecuti
1769 2705 1846 2766 sunl,

94 2791 222 2841 lrorsum
243 2786 343 2853 trahit,
366 2791 395 2840 et
420 2787 525 2842 iterum
548 2803 616 2842 eum
639 2792 802 2843 extrorsum
826 2790 943 2858 emittit,
999 2789 1069 2844 fides
1079 2787 1139 2859 jam
1155 2787 1338 2859 augmentari
1353 2792 1382 2840 et
1395 2788 1576 2842 corroborari
1588 2789 1690 2860 coepit3
1707 2795 1738 2844 ut
1754 2790 1847 2844 haere·

94 2876 134 2930 ite
156 2891 254 2930 reram
278 2891 394 2931 carnem
422 2881 451 2930 et
483 2891 581 2931 serum
614 2876 784 2948 sanguinem
812 2877 942 2933 ellectum
961 2898 983 2954 ρ
999 2875 1182 2934 desooelestis
1207 2875 1414 2946 regnilierent.
1436 2875 1516 2930 Unde
1537 2876 1790 2948 sanguinequidc
1807 2878 1847 2932 ln·

94 2965 227 3035 quamvis
240 2963 272 3019 in
287 2968 442 3035 conspectu
457 2964 620 3033 hominum,
631 2965 710 3020 velut
727 2965 811 3036 panis
825 2973 853 3022 et
867 2968 944 3023 velut
999 2973 1059 3023 tere
1083 2966 1145 3036 ejus
1165 2964 1246 3020 fluxit
1260 2981 1289 3018 se
1314 2979 1427 3019 sursum
1444 2965 1574 3020 elevante
1594 2965 1643 3021 illa
1668 2966 1765 3037 imago
1785 2982 1848 3038 per·

95 3054 197 3107 vinnm
218 3057 399 3124 apparerent.
423 3053 552 3124 Cumque
572 3054 634 3109 haec
655 3054 823 3126 aspicerem,
848 3056 944 3111 statim
998 3059 1070 3119 frisa,
1100 3056 1153 3126 ipsi
1172 3071 1225 3125 per
1249 3055 1425 3108 voluntatem
1450 3055 1568 3124 superui
1583 3054 1676 3109 Patris
1698 3053 1773 3110 inlici
1795 3055 1847 3110 de-

95 3140 184 3197 etiam
204 3142 289 3211 sigua
313 3141 479 3209 nativitatis,
495 3143 636 3215 passionis
659 3144 864 3214 etsepulturae,
882 3161 944 3201 nec·
998 3145 1182 3216 sponsatione
1230 3140 1368 3196 associata
1404 3147 1464 3208 est,
1502 3142 1637 3212 qnoniam
1677 3143 1847 3200 fortitudine

94 3246 155 3285 non
179 3231 396 3286 resurrectionis
419 3235 447 3285 et
472 3230 648 3287 ascensionis
675 3231 829 3287 Salvatoris
855 3234 944 3289 nostri
997 3231 1138 3306 passionis
1154 3230 1216 3286 Filii
1235 3229 1286 3284 liei
1300 3229 1434 3285 ardenter
1443 3229 1602 3286 inundante
1618 3235 1644 3286 el
1667 3232 1847 3289 adaltiiudi·

97 3318 243 3390 Unigeniti
267 3317 317 3373 nei
338 3319 417 3373 velut
438 3318 469 3373 io
494 3320 610 3389 speculo
637 3326 845 3392 apparuerunt,
875 3337 944 3392 qno
998 3320 1237 3378 nemomlestium
1252 3319 1453 3390 mysteriorum
1469 3335 1499 3374 se
1521 3319 1693 3375 mirabiliter
1714 3321 1845 3390 tollente,
1905 3353 1909 3360 ·

95 3407 283 3463 modoetiam
303 3422 369 3463 cum
397 3407 487 3463 Filius
509 3407 560 3463 Dei
582 3407 612 3462 iu
628 3409 732 3463 saeculo
749 3414 823 3464 esset
836 3408 866 3464 in
881 3411 944 3481 ipso
998 3409 1240 3484 quemadmodum
1261 3407 1330 3462 odor
1340 3407 1481 3464 bonorum
1497 3413 1659 3463 aromatum
1675 3407 1706 3464 in
1723 3408 1847 3464 sublime

94 3501 207 3568 patrata
237 3503 315 3551 suut.
346 3497 401 3552 Sed
424 3496 493 3551 dnm
526 3496 659 3552 sacerdos
687 3496 829 3552 canticum
857 3498 943 3553 inno*
998 3497 1144 3564 diffundit,
1161 3513 1194 3550 ex
1215 3513 1247 3551 ea
1263 3496 1293 3552 iu
1308 3495 1437 3551 candidis
1455 3496 1618 3551 heredibus
1640 3497 1741 3551 aterni
1766 3498 1847 3568 regui

94 3584 185 3641 cenna
207 3585 282 3656 ligni
301 3585 380 3657 quod
403 3589 447 3641 est
471 3588 574 3658 Apnns
599 3583 649 3640 net
662 3583 712 3658 qui
727 3585 805 3640 loliis
822 3593 945 3659 peccatu
998 3587 1121 3642 Ecclesia
1136 3584 1273 3642 roborata
1296 3583 1388 3639 eidem
1411 3584 1564 3655 Unigenito
1588 3584 1639 3639 Dei
1653 3600 1706 3654 per
1726 3586 1845 3641 ordina·

92 3673 194 3728 menidi
227 3675 400 3741 decantaret,
428 3675 458 3730 et
493 3673 529 3728 ed
566 3673 784 3744 percipiendum
817 3679 943 3730 sanctam
998 3675 1104 3731 tionem
1120 3672 1237 3744 superni
1266 3671 1357 3727 Petris
1373 3669 1496 3726 fideliter
1519 3672 1673 3742 conjuncta
1694 3676 1745 3726 est.
1768 3673 1846 3736 Quo·

94 3762 329 3819 communionem
352 3778 383 3817 se
408 3761 567 3829 exhiberet,
589 3762 727 3834 praedicta
751 3762 836 3833 ignea
859 3779 942 3818 coru·
998 3763 1105 3820 modo?
1135 3762 1171 3818 Ut
1200 3775 1306 3832 sponsa
1336 3774 1441 3830 sponso
1472 3775 1524 3814 suo
1549 3759 1580 3814 in
1610 3759 1795 3831 subjectionis
1818 3767 1848 3816 et

95 3851 183 3906 scatio
207 3851 244 3906 ed
267 3850 394 3907 coelestia
419 3867 449 3905 se
480 3850 598 3922 recepit,
623 3851 713 3904 etita
746 3851 843 3929 clauso
871 3852 942 3907 caelo
998 3850 1169 3910 obedientia
1204 3848 1341 3920 obsequio
1387 3847 1515 3918 subjecta
1549 3848 1703 3904 fertilitatis
1735 3849 1846 3905 donum

94 3940 191 3995 audiri
214 3955 313 3995 rocem
338 3956 374 3995 ex
395 3956 429 3995 eo
443 3938 604 3995 dicentem:
623 3940 788 3995 hianducate
802 3943 831 3995 et
854 3939 944 3996 bibite
996 3958 1063 3999 cnm
1085 3938 1198 3996 ioederis
1222 3953 1321 3993 amore
1342 3937 1377 3993 ab
1392 3953 1427 3992 eo
1451 3937 1481 3992 iu
1495 3937 1695 4008 procreatione
1719 3937 1846 3994 filiorum

95 4045 200 4101 corpus
222 4033 252 4084 et
276 4028 448 4100 sangninem
473 4028 536 4084 Filii
561 4028 619 4084 mei
634 4029 671 4084 ad
685 4027 854 4085 abolendam
871 4045 944 4100 prae-
998 4031 1150 4103 accipiens,
1172 4032 1204 4084 ut
1222 4044 1270 4084 eos
1292 4027 1329 4082 ad
1355 4027 1554 4083 hoereditatem
1590 4041 1673 4082 suam
1706 4027 1844 4094 adducat,

95 4117 297 4173 varicationem
321 4119 395 4185 Era,
428 4121 460 4171 ut
486 4117 516 4172 in
544 4123 651 4172 rectam
673 4117 873 4173 hereditatem
897 4135 943 4175 re·
999 4121 1039 4177 ita
1049 4120 1136 4175 etiam
1147 4117 1272 4172 Ecclesia
1283 4115 1354 4172 Filia
1370 4115 1420 4171 llei
1435 4116 1465 4171 in
1476 4115 1645 4172 humilitatis
1656 4120 1684 4170 ει
1702 4115 1846 4182 charitatis

96 4206 276 4263 staurenrini.
300 4207 333 4262 lit
346 4207 415 4262 dum
430 4206 518 4262 etiam
533 4206 630 4261 caeteri
653 4204 804 4261 bominum
828 4207 862 4262 ad
878 4222 942 4278 per·
962 4207 1093 4275 posticio
1128 4205 1291 4276 conjuncta,
1317 4202 1565 4274 regenerationem
1588 4203 1707 4274 spiritus
1722 4208 1749 4258 et
1763 4219 1846 4275 aqum

95 4298 260 4370 cipiendum
281 4296 378 4364 ipsum
401 4299 615 4351 sacramentum
643 4295 681 4350 ad
702 4294 881 4351 sacerdotem
895 4312 942 4352 ac·
999 4313 1065 4352 cum
1085 4293 1241 4350 salvatione
1265 4291 1428 4347 animarum
1449 4291 1485 4347 ab
1507 4307 1542 4346 eo
1557 4293 1591 4348 ad
1608 4291 1845 4348 restaurationem

96 4388 239 4455 cederent,
279 4385 408 4458 quinque
438 4384 540 4439 modos
579 4383 610 4439 iu
645 4383 686 4440 eis
713 4383 940 4441 considerabam.
996 4386 1061 4440 uitae
1081 4382 1238 4452 suscipiens
1265 4396 1313 4436 eas
1340 4380 1376 4436 ad
1406 4395 1532 4452 superna
1557 4380 1739 4436 transmittit.
1766 4379 1846 4435 Unde

96 4476 166 4530 Nam
181 4473 230 4529 alii
242 4474 272 4528 in
291 4488 410 4544 corpore
426 4472 515 4529 lucidi
528 4477 557 4527 et
572 4472 604 4528 in
621 4471 718 4528 anima
741 4471 820 4545 ignei
842 4479 941 4540 erant;
998 4474 1085 4529 etiam
1115 4486 1200 4526 carue
1219 4475 1247 4524 et
1279 4469 1419 4539 sanguine
1441 4469 1502 4540 eius
1522 4467 1844 4534 nobiliterdotataest;

94 4562 144 4618 alii
162 4567 259 4617 autem
283 4562 450 4632 incorpore
472 4559 572 4634 pallidi
590 4566 619 4617 et
633 4560 665 4617 in
679 4560 775 4617 anima
796 4561 943 4617 tenebrosi
998 4563 1066 4634 quia
1078 4560 1141 4631 ipse
1156 4558 1325 4630 [inigenitus
1336 4557 1387 4614 liei
1399 4573 1502 4628 corpus
1519 4561 1547 4612 et
1565 4558 1735 4628 sanguinem
1760 4571 1845 4612 suum

93 4653 272 4708 ridebantur.
290 4649 412 4717 Quidam
447 4666 515 4706 rero
535 4650 567 4705 iu
591 4663 714 4720 corpore
737 4648 842 4704 hirsuti
864 4654 893 4704 et
911 4648 943 4702 iu
996 4651 1027 4706 in
1049 4647 1313 4721 praecellentissima
1333 4647 1426 4718 gloria
1440 4645 1574 4702 fidelibus
1603 4647 1661 4702 suis
1676 4645 1727 4718 qui
1742 4650 1771 4700 et
1793 4645 1845 4699 Ec-

94 4741 190 4796 anima
213 4739 304 4795 muita
328 4738 515 4804 immunditie
533 4737 668 4794 homenes
691 4736 858 4810 pollutionis
880 4751 943 4808 par·
997 4737 1084 4792 etesia
1104 4742 1132 4791 ct
1152 4737 1204 4792 filii
1229 4736 1358 4792 Ecclesiae
1371 4741 1448 4798 suut,
1465 4734 1505 4788 ita
1522 4735 1652 4802 contulit,
1668 4738 1699 4788 ut
1712 4733 1800 4788 vitam
1815 4733 1846 4788 in

94 4829 147 4884 tusi
170 4828 336 4884 sordebant.
360 4827 484 4893 Quidam
503 4831 600 4882 eutem
622 4826 652 4881 in
667 4841 786 4897 corpore
816 4824 943 4880 eeuhssi·
998 4837 1122 4893 superna
1144 4821 1259 4875 civitate
1281 4836 1332 4891 per
1346 4821 1442 4891 ipsum
1457 4819 1630 4892 possideant.
1645 4819 1818 4885 Quomodo?

93 4918 146 4974 mis
165 4917 258 4989 spinis
280 4917 356 4987 septi
369 4923 452 4972 erant
474 4920 504 4972 et
525 4915 556 4971 iu
578 4915 676 4972 anime
695 4914 800 4987 leprosi
822 4929 941 4985 appare-
1032 4911 1103 4976 Quia
1125 4911 1187 4980 ipse
1212 4923 1328 4964 carnem
1351 4914 1379 4964 et
1399 4908 1571 4979 sanguinem
1588 4907 1718 4962 suumin
1738 4908 1841 4962 saucti-

92 5009 170 5063 hant.
193 5004 250 5061 Alii
272 5021 341 5061 vero
362 5005 393 5061 in
409 5021 528 5077 corpore
548 5003 712 5075 sanguinei,
743 5009 773 5057 et
793 5003 822 5056 iu
844 5001 941 5056 anima
995 4999 1160 5056 linationem
1192 4995 1372 5052 credentium
1412 4995 1501 5060 dedit,
1531 5001 1562 5050 ut
1595 4995 1683 5050 etiam
1721 4996 1844 5052 coelestis

93 5096 170 5151 velut
201 5092 351 5168 putridum
388 5093 509 5149 cadaver
535 5091 624 5148 faetidi
662 5090 843 5146 videbantur.
885 5090 939 5146 Sed
996 5089 1079 5144 Pater
1100 5086 1195 5159 ipsum
1219 5101 1271 5156 pro
1296 5085 1493 5156 redemptione
1517 5085 1693 5156 populorum
1721 5085 1756 5140 ad
1780 5101 1842 5157 pas.
1917 5099 1920 5102 ·

93 5183 192 5239 erbis
216 5181 352 5239 omnibus
380 5183 450 5238 dum
478 5181 598 5254 qnidam
626 5180 727 5235 eadem
762 5185 941 5234 sacramenta
993 5177 1106 5241 sionem
1121 5175 1249 5242 tradidit,
1265 5175 1304 5230 ita
1322 5179 1486 5245 serpentem
1504 5173 1658 5244 antiquum
1677 5171 1708 5228 in
1722 5173 1844 5229 humili-

94 5272 283 5344 percipereut,
317 5271 366 5327 alii
396 5272 475 5326 vetut
510 5271 597 5342 igneo
639 5267 793 5340 splendore
822 5268 940 5340 pertun·
996 5271 1052 5322 lale
1073 5272 1102 5320 et
1120 5265 1233 5337 justitia
1248 5281 1299 5336 per
1320 5279 1386 5318 curn
1409 5261 1572 5328 devincens,
1589 5277 1642 5318 uec
1664 5261 1748 5318 illum
1763 5269 1843 5334 pote·

93 5362 243 5429 debantur,
276 5361 325 5415 alii
354 5376 421 5415 vero
452 5360 530 5415 velut
559 5358 684 5413 obscura
714 5357 791 5412 nube
820 5356 938 5411 obtenc·
995 5359 1068 5410 state
1088 5359 1116 5410 et
1140 5355 1308 5412 tortitudine
1331 5369 1383 5407 sua
1405 5367 1541 5422 superare
1567 5353 1675 5417 rolens,
1702 5353 1841 5424 quoniam

92 5453 258 5508 terebantur.
290 5450 355 5505 Post
385 5449 609 5519 completionem
648 5450 745 5501 autem
776 5461 937 5502 sacramen·
998 5447 1072 5501 heus
1105 5446 1201 5515 justus
1232 5445 1332 5498 uolens
1363 5441 1557 5514 iniquitatem,
1597 5441 1843 5511 quemadmodum
