3984 6034
24 394 28 430 Ι

25 465 28 502 l

73 185 140 239 lter
789 181 869 238 vlla
888 181 917 238 S.
937 179 1100 238 [tlslltoltl.
1754 187 1821 242 l098

69 315 226 371 medullam
250 314 399 382 habentes,
426 313 466 368 ita
493 311 650 384 inspirasti,
679 312 756 384 quod
771 313 864 367 multa
888 312 918 366 in
937 311 1033 373 Altae
1055 310 1154 368 audire
1167 312 1212 367 sel
1223 311 1332 368 discere
1355 311 1459 384 potnit,
1474 315 1535 369 tuto
1551 311 1694 368 desiderio
1718 329 1820 386 prope-

69 403 216 475 loqoendo
242 407 271 458 et
297 403 445 475 operando
476 403 640 456 nescienter
665 400 866 472 proferebant:
891 405 919 456 et
973 398 1064 466 rabat,
1082 405 1110 454 et
1122 397 1162 454 sic
1176 413 1229 470 per
1242 399 1348 470 gradus
1364 400 1503 456 virtutum
1526 407 1556 456 et
1576 417 1629 472 per
1643 403 1819 458 incrementa

69 507 137 546 cnm
152 492 233 559 elios,
247 497 347 546 contra
362 491 455 546 carnis
478 492 553 562 jure,
575 494 655 544 tanta
678 489 848 544 tortitudine
875 505 920 543 re-
973 487 1065 542 estatis
1090 503 1159 554 snae,
1175 487 1295 558 singulis
1324 489 1412 544 sacris
1433 489 1581 545 ordinibus
1607 493 1754 564 susceptis,
1783 493 1833 548 ad·

68 580 189 648 herasti,
209 581 287 652 qood
312 585 372 635 tuto
392 579 536 635 desiderio
559 578 739 633 ed-ceelsstia
759 577 918 646 tendentes,
973 576 1095 647 gradum
1112 575 1333 647 presbyteratus,
1349 591 1415 632 cum
1429 577 1548 647 triginta
1563 584 1637 635 esset
1664 597 1818 651 annorum,

68 668 164 724 officia
178 669 273 724 cernis
292 669 438 739 peccando
463 683 522 723 nou
544 666 724 724 exercebant.
744 668 776 723 ln
798 668 844 722 his
866 684 920 723 an·
973 665 1164 737 pertingebat.
1183 664 1244 731 0¹¹0
1257 679 1323 720 cum
1344 665 1448 720 timore
1473 665 1587 722 Domini
1613 675 1756 740 suscepto,
1780 670 1818 724 le-

68 762 130 812 tem
144 759 242 812 nullus
257 757 434 812 dubietatem
457 757 667 828 apprehendet,
691 756 760 828 quie
774 756 919 828 serpenti·
973 754 1014 808 cit
1027 757 1060 807 ut
1074 754 1165 808 bonos
1180 753 1398 825 pigmentarius,
1416 753 1508 826 quiin
1525 755 1607 810 horto
1624 773 1676 812 suo
1697 774 1820 831 quaque

24 821 29 859 ¹
71 861 127 900 nus
142 846 234 911 dolus,
249 846 280 900 in
299 846 389 901 beatis
403 845 471 911 illis,
493 845 570 900 hona
584 849 724 901 etsancta
743 844 805 899 huc
826 843 920 899 iecere
972 841 1122 914 pigmenta
1151 846 1181 896 et
1198 846 1328 896 aromata
1350 843 1470 912 plantat,
1511 857 1626 914 semper
1648 845 1765 902 studens
1790 853 1821 903 ut

70 935 268 1002 nonsatebat3
284 951 352 990 nam
366 935 429 989 hec
440 933 531 989 iecisti
547 938 666 1010 propter
683 932 817 989 inimicos
843 938 919 996 tuos,
973 927 1075 982 hortus
1089 943 1157 982 suus
1172 927 1312 984 viridiset
1329 945 1386 984 non
1401 929 1500 986 aridus
1515 931 1561 984 eit.

71 1022 488 1095 videlicstperditosangelos,
504 1026 648 1094 quatenus
666 1022 702 1076 ad
720 1021 920 1077 contusionem
1011 1017 1038 1071 6.
1062 1015 1095 1071 lu
1119 1017 1165 1071 his
1189 1033 1314 1090 nemque
1339 1017 1440 1072 studiis
1465 1018 1542 1073 idem
1568 1025 1682 1075 sanctus
1710 1038 1822 1079 memor

25 1132 26 1141 ¹
71 1127 168 1177 snam,
181 1111 318 1166 virtutem
332 1115 412 1165 tuam
427 1109 459 1165 in
470 1110 575 1180 puerili
591 1109 757 1181 ignorantia
773 1110 919 1178 viderent;
974 1105 1029 1160 luit
1045 1105 1199 1161 verborum
1214 1107 1381 1179 sapientie,
1396 1106 1448 1162 uhi
1463 1107 1530 1162 dicit
1546 1123 1554 1163 ι
1570 1111 1672 1164 messui
1680 1113 1822 1180 myrrham

72 1200 292 1256 etutdestruas
314 1198 475 1268 inimicum,
500 1199 716 1270 quippeillum,
737 1197 787 1270 qui
811 1197 841 1253 iu
862 1214 922 1253 om·
975 1210 1063 1250 meom
1086 1209 1147 1250 cum
1167 1196 1335 1251 aromatibus
1356 1198 1422 1251 meis
1448 1195 1538 1268 (Ceut.
1565 1213 1592 1265 v,
1622 1198 1658 1268 l).
1682 1200 1762 1265 Quod
1782 1201 1822 1256 sio

25 1324 26 1357 2
71 1289 160 1344 nibus
173 1288 257 1344 bonis
277 1295 305 1344 te
319 1287 453 1359 abneget.
468 1289 504 1342 itt
524 1289 648 1342 ultorem
663 1303 671 1342 τ
686 1286 819 1343 videlicet
832 1288 921 1353 hunc,
975 1283 1197 1355 intelligendum
1214 1289 1256 1338 est
1273 1285 1330 1354 (ts)
1347 1300 1354 1339 :
1369 1285 1429 1355 Ego
1440 1285 1582 1356 quijnsh's
1597 1287 1734 1357 operibus
1748 1289 1823 1344 insu·

25 1408 26 1413 1
72 1380 127 1449 qui
141 1377 250 1448 lapides
263 1381 291 1432 et
301 1377 397 1448 jacula
413 1376 570 1448 impietatis
583 1391 642 1430 suae
667 1381 767 1430 contra
788 1376 923 1431 sorbeat
977 1371 1158 1441 deredeheo,
1177 1373 1252 1427 bona
1276 1372 1434 1427 intentione
1456 1373 1705 1431 mortificationem
1728 1379 1822 1432 carnis

72 1467 215 1522 miracula
227 1471 287 1535 tue,
304 1465 539 1538 reprehendendo
553 1481 596 1533 ea,
611 1465 734 1536 projicit.
976 1476 1050 1516 meas
1076 1461 1189 1532 praebeo
1204 1461 1272 1529 Deo,
1294 1477 1360 1516 cum
1373 1467 1494 1532 propter
1517 1477 1644 1518 amorem
1666 1463 1757 1535 ipsius
1780 1464 1822 1520 ri-

25 1568 26 1571 ’
112 1558 138 1619 3,
159 1556 222 1610 llaec
234 1553 352 1609 malain
368 1553 538 1625 supradictis
555 1553 644 1607 beatis
660 1553 826 1608 hominibus
849 1551 920 1607 nihil
976 1549 1025 1603 tiis
1043 1549 1215 1621 peregrinus
1243 1549 1319 1614 fieri,
1346 1554 1374 1604 et
1397 1565 1582 1604 communem
1607 1551 1823 1610 immunditiam

73 1642 280 1715 praestabant,
304 1644 441 1713 qnoniam
463 1657 507 1708 ea,
530 1657 595 1713 qnae
624 1646 701 1696 recta
719 1646 796 1706 sunt,
819 1641 921 1712 loque·
942 1613 1093 1691 Billorum
1114 1637 1225 1708 lugere,
1241 1639 1408 1710 nullamque
1423 1639 1589 1694 societatem
1603 1656 1669 1695 cum
1693 1641 1750 1696 illis
1774 1643 1824 1698 ha-

72 1732 182 1785 bentur
205 1745 213 1784 τ
235 1731 310 1785 Deus
330 1730 455 1785 enimin
474 1731 558 1785 heato
583 1729 718 1784 Disibodo
742 1730 777 1784 eh
800 1729 922 1784 infantia
975 1723 1044 1778 here
1068 1724 1212 1793 desidero;
1227 1795 1229 1802 .
1243 1719 1436 1796 quoniam'in
1463 1728 1640 1782 aromatibus
1671 1728 1821 1800 viritutum,

74 1821 139 1890 ejus
153 1834 244 1890 usqne
271 1819 305 1873 ad
323 1818 499 1889 decrepitam
521 1821 634 1872 etatem
660 1816 761 1887 ipsius,
790 1817 821 1871 in
842 1814 924 1871 donis
976 1811 1072 1882 ipsum
1088 1829 1188 1868 verum
1206 1813 1297 1869 Derim
1318 1830 1424 1881 amare,
1440 1816 1822 1887 etvenerarilestino;cam

73 1908 282 1978 suisnperatus
297 1913 352 1972 est;
374 1906 414 1960 ita
435 1905 513 1978 quod
536 1904 661 1976 pueritia
674 1903 754 1959 illius
774 1904 805 1959 in
820 1903 922 1976 nequi·
976 1915 1075 1955 amore
1089 1899 1210 1957 coelestis
1233 1901 1368 1957 desiderii
1389 1902 1424 1958 de
1440 1903 1525 1959 corde
1550 1919 1625 1972 meo,
1651 1903 1713 1978 ipso
1738 1907 1824 1978 adju·

74 1997 118 2051 tia
131 2012 190 2051 non
209 1996 338 2060 ludebat,
357 2001 386 2050 at
408 1994 487 2067 quod
510 1994 647 2065 juventus
671 1995 734 2063 ejus
756 1993 787 2048 in
809 1993 924 2048 lascivia
976 1994 1071 2057 rante,
1084 2005 1142 2045 non
1160 1989 1282 2046 deficiet.
1299 1991 1332 2046 ln
1344 1991 1398 2046 hac
1416 1997 1494 2046 recta
1518 1996 1547 2047 et
1561 1998 1658 2048 sancta
1676 1995 1824 2051 voluntate

75 2099 137 2138 non
151 2084 280 2149 ardebat,
295 2089 324 2138 et
338 2082 415 2154 qnod
432 2083 585 2138 maturitas
599 2081 754 2137 senectutis
777 2081 870 2153 ipsius
887 2080 923 2136 ad
977 2081 1092 2132 sanctus
1112 2078 1176 2144 iste,
1204 2078 1287 2150 qnasi
1309 2085 1441 2134 mortuus
1470 2081 1573 2136 saeculo
1594 2081 1658 2150 tuit,
1685 2083 1727 2139 ita
1748 2084 1825 2156 quod

75 2173 223 2228 sinistram
257 2188 316 2227 non
344 2172 525 2242 respiciebat.
556 2171 620 2242 lpse
655 2185 779 2242 namque
807 2185 924 2225 omnem
977 2165 1290 2238 multiheecridantes,
1310 2167 1537 2241 lacerantquasi
1556 2186 1623 2225 enm
1643 2187 1702 2226 nou
1717 2187 1824 2244 cogno·

75 2277 215 2335 pompam
230 2261 327 2316 cecidi
339 2261 428 2331 hujus
441 2260 482 2315 ita
495 2260 583 2315 corde
606 2265 636 2314 et
653 2274 775 2330 corpore
796 2257 924 2330 reliquit,
977 2259 1100 2324 sacrent,
1116 2256 1233 2328 siquod
1249 2271 1314 2310 curn
1331 2271 1365 2311 ao
1390 2272 1508 2313 manere
1532 2258 1739 2329 abhorrerent;
1756 2261 1825 2332 quia

76 2351 155 2422 qnod
175 2349 293 2422 qnidam
317 2350 399 2404 illnm
419 2349 550 2414 stultum,
579 2347 699 2419 quidam
721 2361 839 2414 renunt,
863 2346 926 2418 qui·
978 2341 1085 2415 ipsese
1104 2347 1197 2398 totum
1214 2343 1329 2414 spiritui
1346 2348 1448 2400 etnon
1469 2346 1548 2401 carni
1570 2347 1676 2404 servire
1693 2350 1824 2421 cogebat.

76 2440 145 2494 dem
160 2444 317 2506 errantem,
337 2437 456 2508 quidam
477 2452 545 2492 sero
562 2435 722 2491 mirabilem
739 2437 770 2490 in
790 2436 925 2506 operibus
1015 2435 1041 2485 7.
1058 2431 1189 2502 eumque
1213 2431 1244 2485 in
1265 2432 1433 2502 hujusmodi
1455 2432 1610 2490 virtutibus
1630 2438 1688 2492 Deo
1721 2439 1826 2495 lauda-

75 2527 137 2581 suis
151 2542 204 2599 per
218 2526 271 2580 hoc
292 2541 355 2581 esse
379 2525 572 2593 affirmabant,
600 2523 726 2581 dieentes
750 2541 757 2579 r
784 2524 859 2589 Quid
883 2528 927 2579 est
980 2519 1077 2574 biliter
1095 2520 1223 2585 serviret,
1239 2525 1268 2575 et
1281 2519 1317 2575 ob
1333 2519 1386 2576 hoo
1401 2521 1467 2590 illis,
1484 2523 1535 2594 qni
1551 2524 1639 2579 Deum
1656 2524 1825 2598 diligebant,

76 2613 224 2686 hocqood
239 2613 293 2668 iste
307 2612 394 2668 iacit?
979 2607 1242 2678 irreprehensibilis
1264 2609 1403 2679 placeret,
1427 2609 1529 2665 accidit
1555 2617 1588 2667 ut
1610 2611 1728 2683 quidam
1751 2615 1826 2670 anti·

113 2704 142 2757 4.
157 2704 290 2757 Parentes
302 2702 390 2773 igitur
410 2701 485 2756 beati
501 2701 637 2768 Disibodi,
662 2702 694 2756 in
716 2701 850 2756 libertate
872 2717 926 2755 sea-
980 2701 1048 2763 stes,
1075 2695 1105 2749 in
1133 2695 1261 2766 ejusdem
1288 2697 1416 2768 regionis
1440 2699 1580 2770 partibus,
1617 2702 1652 2755 de
1690 2702 1825 2773 praesenti

76 2792 137 2847 culi
166 2791 319 2861 polientes,
348 2791 384 2845 de
404 2789 555 2846 excellenti
575 2805 681 2861 genere
705 2788 926 2846 hibernensium
980 2782 1187 2839 riteadvitam
1201 2784 1826 2861 futurememigraretzetcumpopulnstam

77 2880 224 2951 originem
247 2880 396 2948 duxerant,
421 2879 471 2934 sed
496 2882 594 2934 tamen
609 2893 746 2949 pompam
759 2883 790 2933 et
803 2878 924 2950 gloriam
945 2871 1127 2954 eminatam
1156 2888 1243 2945 qnam
1273 2874 1426 2944 majorum,
1457 2875 1614 2930 secundum
1645 2880 1834 2942 consuetudi

78 2967 182 3024 mnndi
210 2967 407 3039 superfluitate
436 2981 494 3021 non
519 2966 675 3021 habebant.
705 2965 786 3022 Unde
809 2965 926 3038 qnidam
982 2975 1060 3027 nem,
1075 2961 1264 3029 conuenisset,
1282 2961 1413 3017 utalium
1431 2962 1486 3018 sibi
1509 2961 1718 3037 inpraesulem
1743 2967 1828 3039 elige-

78 3061 282 3127 tyrannorum,
307 3055 338 3109 in
359 3053 495 3126 superbia
512 3057 667 3117 tumentes,
691 3067 756 3108 cum
780 3052 811 3107 in
826 3053 927 3109 eadem
981 3053 1036 3114 ret,
1059 3049 1177 3122 quidam
1200 3049 1328 3118 illorum,
1357 3051 1406 3122 qni
1431 3067 1525 3107 mores
1541 3053 1707 3121 honestatis,
1735 3061 1763 3112 st
1785 3057 1826 3111 vi-

77 3143 200 3215 regione
218 3141 447 3214 quamplurimos
466 3155 520 3213 per
540 3140 725 3212 tyrannidem
746 3140 800 3195 sibi
824 3139 927 3213 subjrr-
981 3141 1041 3192 tam
1063 3136 1220 3192 sanctitatis
1235 3137 1311 3194 heah
1324 3137 1454 3194 Disidodi
1469 3147 1675 3212 cognorerunt,
1691 3159 1758 3198 eum
1774 3143 1828 3199 sihi

78 3235 208 3303 gesserit,
237 3232 325 3284 etiem
349 3233 484 3301 parentes
506 3228 583 3284 beati
608 3228 695 3299 hujus
725 3227 790 3297 riri,
817 3229 868 3302 qui
893 3246 927 3285 eo
981 3227 1012 3282 in
1027 3227 1185 3282 antistitem
1200 3227 1375 3283 unanimiter
1389 3227 1539 3300 elegerunt
1552 3230 1619 3302 (46).
1636 3231 1757 3296 Quidam
1773 3249 1829 3287 eu-

78 3326 214 3391 tempore
227 3334 301 3390 puer
314 3323 386 3386 erat,
402 3317 568 3389 opprimere
581 3321 610 3372 et
624 3316 727 3372 ditioni
750 3333 810 3373 sues
825 3319 928 3390 subju·
981 3321 1051 3384 tem,
1083 3331 1206 3388 qnorum
1244 3315 1300 3371 vite
1329 3321 1358 3371 et
1386 3318 1562 3373 conversatio
1595 3321 1829 3392 reprehensibilis

78 3423 150 3480 gare
172 3407 349 3463 nitebantur.
377 3405 435 3476 lpsi
462 3410 560 3460 autem
587 3405 725 3461 libertatis
752 3407 866 3477 generis
884 3406 927 3461 sui
981 3407 1054 3470 eret,
1070 3403 1125 3459 hoc
1138 3404 1201 3460 fleri
1217 3405 1418 3476 prohibebant,
1431 3406 1577 3462 dicentes:
1594 3427 1609 3460 e
1628 3407 1700 3473 Quid
1711 3411 1830 3482 prodest

76 3513 141 3554 non
155 3497 351 3562 immemores,
375 3494 478 3550 duram
500 3493 696 3564 injustamque
719 3493 928 3565 subjectionem
982 3491 1129 3548 hominem
1148 3493 1268 3547 tacitum
1296 3499 1324 3548 et
1340 3509 1399 3548 non
1422 3495 1600 3566 loquentem.
1631 3501 1660 3552 et
1687 3499 1828 3571 populum

77 3590 245 3642 recusantes
264 3583 301 3640 ab
317 3583 375 3638 illis
387 3582 580 3649 declinabant,
593 3584 621 3636 et
643 3582 679 3636 ad
695 3583 853 3637 remotiora
868 3584 930 3638 loca
982 3595 1043 3635 non
1057 3585 1287 3652 cognoscentem,
1304 3582 1474 3652 magistrum
1490 3583 1596 3638 fierit.

78 3674 211 3745 ejusdem
240 3672 367 3744 regionis
394 3688 423 3726 se
453 3671 540 3741 longe
573 3669 765 3738 contulerunt,
794 3675 824 3724 et
846 3671 929 3742 juxta
1018 3671 1045 3724 8.
1057 3669 1109 3724 Sed
1118 3671 1192 3724 heus
1203 3670 1413 3740 superbeatum
1423 3671 1829 3746 hunerespexit,ntscriptum

79 3760 227 3834 quoddam
241 3759 361 3827 llnmen,
378 3758 457 3830 quod
477 3758 513 3813 de
536 3757 611 3812 mari
631 3757 761 3812 tunditur
781 3757 847 3828 (44),
872 3774 929 3814 nna
983 3761 1028 3812 est
1043 3773 1050 3812 :
1064 3757 1199 3812 Humilem
1213 3763 1238 3812 et
1246 3773 1393 3828 pauperem
1402 3759 1558 3828 justificare
1574 3760 1657 3833 (Psot.
1679 3777 1771 3830 nxxxr,
1788 3765 1828 3834 3).

79 3865 148 3906 cerm
163 3848 224 3904 illio
238 3862 292 3903 suo
306 3848 390 3902 beato
409 3845 556 3913 Disibodo,
569 3844 707 3917 omnique
720 3845 855 3901 facultate
865 3861 928 3913 sne,
983 3846 1064 3910 Quod
1080 3845 1120 3901 sic
1132 3845 1353 3917 intelligendum
1371 3854 1412 3901 est
1428 3863 1434 3901 :
1451 3847 1575 3915 lustum,
1591 3848 1641 3920 qui
1666 3856 1831 3923 eapropter
1885 3856 1888 3862 ’

79 3942 113 3994 in
133 3937 259 4010 quodem
284 3937 390 4009 oppido
412 3935 591 3990 mansionem
618 3938 801 4006 acceperunt,
827 3935 878 3989 ribi
901 3942 930 3989 et
984 3933 1832 4011 ltcumadterramhomiliat,etquiseegenumetpuuperem

82 4042 150 4081 aum
166 4025 269 4081 littoris
289 4025 459 4095 ceterisque
477 4022 646 4080 liberalibus
667 4023 777 4078 artibus
797 4024 930 4078 imbueu-
982 4027 1043 4078 toto
1065 4022 1150 4078 corde
1165 4021 1327 4091 confitetur,
1347 4023 1377 4078 in
1402 4025 1538 4096 operibus
1554 4025 1747 4095 sanctificare;
1764 4028 1832 4101 quia

82 4117 154 4170 dcem
168 4114 313 4186 religiosis
327 4114 395 4168 ciris
413 4110 697 4168 commendaverunt.
979 4109 1103 4181 institia,
1120 4117 1220 4183 aperto
1232 4112 1315 4167 oculo
1335 4111 1461 4184 pietatis,
1486 4113 1517 4169 in
1548 4129 1615 4169 eum
1638 4115 1765 4188 respicit.
1783 4115 1832 4172 llic

119 4206 145 4258 5.
160 4207 197 4258 ht
211 4202 273 4274 ipse
287 4218 338 4273 per
359 4201 481 4272 gratiam
506 4201 597 4255 sancti
623 4201 746 4271 Spiritus
769 4215 804 4255 ea
827 4217 892 4272 quse
914 4219 930 4256 a
949 4193 971 4248 D
987 4200 1093 4253 etenim
1121 4198 1249 4266 humilis,
1277 4205 1475 4270 paupertatem
1504 4217 1618 4274 semper
1641 4202 1831 4272 desiderabat,

81 4292 252 4348 doctoribus
267 4292 327 4347 suis
341 4292 418 4346 bona
438 4289 585 4359 audiebet,
600 4289 696 4360 capaci
719 4289 836 4360 ingenio
848 4289 932 4345 bonae
986 4288 1059 4343 etin
1074 4287 1239 4344 columbino
1259 4288 1342 4343 oculo
1364 4289 1565 4361 simplicitatis,
1590 4291 1620 4345 in
1640 4292 1731 4346 Deum
1753 4309 1829 4347 sem-

67 4379 236 4437 ·rnemorioe
250 4378 482 4446 commendabat,
497 4384 571 4434 etex
594 4378 649 4433 boc
671 4377 838 4449 parentibus
861 4379 931 4446 suis,
986 4391 1041 4446 per
1055 4375 1181 4447 aspexit3
1196 4381 1337 4449 quatenus
1357 4383 1478 4432 aeternas
1499 4378 1612 4433 divitias
1635 4379 1690 4435 sibi
1714 4397 1831 4452 compa-

82 4472 117 4525 in
130 4467 286 4524 afflictione
300 4467 392 4522 exsilii
407 4465 615 4534 laborantibus,
636 4481 694 4521 non
719 4482 838 4538 parvom
863 4483 934 4539 gau-
988 4468 1081 4531 raret;
1099 4463 1216 4519 undeet
1236 4465 1420 4536 Deusipsum
1444 4466 1552 4521 dilexit.
1577 4468 1694 4522 llortem
1716 4485 1832 4540 quoque

84 4557 167 4613 dium
191 4556 322 4611 iaciebat.
346 4555 392 4610 Sic
415 4569 489 4626 puer
510 4555 564 4610 iste
588 4555 624 4609 de
643 4554 689 4609 die
704 4554 734 4608 in
750 4554 827 4610 diem
842 4555 935 4627 proii-
988 4569 1041 4624 pro
1056 4557 1145 4606 morte
1169 4552 1280 4616 babuit,
1296 4558 1325 4608 et
1353 4553 1450 4609 omnia
1476 4555 1640 4610 deliciantis
1663 4572 1716 4628 pro
1741 4557 1833 4612 nihilo

84 4644 175 4712 ciens,
191 4657 369 4714 corporeque
392 4646 422 4696 et
447 4643 596 4698 sanctitate
619 4657 759 4712 crescens,
777 4642 813 4698 de
840 4643 935 4699 studio
988 4639 1176 4711 computavit,
1192 4640 1347 4711 omniaque
1375 4656 1462 4713 opera
1488 4641 1583 4697 suain
1609 4644 1700 4698 Deum
1726 4646 1833 4716 posuit,

84 4733 117 4788 in
132 4731 262 4787 studium
276 4731 421 4785 honorum
444 4745 578 4802 operum,
593 4731 703 4786 orando
725 4735 754 4786 et
776 4732 935 4803 eleemosy·
990 4733 1020 4784 et
1034 4728 1099 4783 ideo
1114 4729 1188 4783 Deus
1208 4744 1273 4783 cnm
1300 4729 1396 4800 elegit.
1425 4729 1571 4802 Supernus
1600 4741 1726 4803 nemque
1747 4733 1835 4804 judex

85 4837 138 4877 uas
153 4819 246 4875 dando
262 4819 441 4887 ascendebat,
469 4820 510 4874 ita
523 4819 600 4892 quod
628 4820 663 4876 ad
678 4835 774 4886 omne,
799 4821 876 4894 quod
900 4822 935 4877 de
989 4817 1084 4874 uirum
1100 4817 1186 4872 istum
1200 4818 1347 4873 communi
1362 4820 1470 4890 populo
1482 4821 1684 4885 occultaverat,
1703 4821 1754 4876 sed
1769 4837 1835 4877 eum

124 4962 180 5034 (44)
196 4961 321 5017 Obscura
333 4960 432 5016 omnia
453 4965 530 5028 sunt,
556 4977 622 5033 qnae
646 4961 692 5018 hic
712 4962 748 5018 de
770 4963 860 5019 sancti
882 4979 935 5031 ge·
1027 4959 1084 5030 (45)
1099 4960 1139 5015 lte
1157 4959 1202 5016 his
1231 4966 1261 5016 et
1278 4960 1342 5017 aliis
1356 4963 1489 5020 omuibus
1512 4979 1657 5021 sacrarum
1673 4966 1838 5022 litterarum

87 5049 169 5101 nere,
186 5037 338 5104 parentum
357 5032 435 5100 luga,
459 5036 525 5097 etc,
550 5039 770 5089 memorantur:
792 5035 847 5089 boc
870 5049 937 5088 vero
991 5030 1151 5086 moralibus
1166 5032 1450 5103 interpretationibus
1462 5035 1546 5107 plura
1559 5051 1617 5092 non
1633 5037 1746 5092 eddam.

86 5107 175 5178 plane
191 5103 308 5171 mirum,
323 5119 371 5157 eos
390 5103 426 5156 ed
443 5101 551 5156 tlumeu
577 5103 747 5171 consedisse,
773 5106 879 5176 equod
901 5105 936 5160 de
1026 5101 1083 5172 (46)
1108 5103 1276 5158 Divinarnnt
1291 5105 1391 5175 aliqui,
1407 5121 1459 5176 per
1483 5107 1597 5162 «istius
1620 5107 1748 5178 regionis
1769 5124 1835 5179 par·

89 5178 163 5231 meri
188 5175 367 5242 tunderetur,
389 5172 474 5227 »nisi
498 5172 594 5227 sinum
614 5173 752 5244 aliquem,
780 5181 832 5230 aut
856 5173 937 5231 ilarii
991 5178 1044 5241 tes,
1063 5193 1077 5222 a
1094 5173 1239 5245 designari
1255 5174 1433 5244 Dublinium,
1450 5175 1498 5232 nbi
1523 5193 1628 5248 nempe
1647 5194 1700 5250 per
1715 5195 1749 5234 ea
1762 5185 1837 5234 tem·
1873 5181 1875 5186 '

88 5247 197 5302 ostium
220 5244 335 5312 incidet,
352 5247 383 5299 in
406 5243 483 5317 quod
502 5244 592 5298 maris
613 5249 710 5311 estus,
725 5246 808 5300 statis
822 5252 938 5318 tempo-
991 5259 1063 5314 pora
1077 5243 1230 5316 episcopus
1243 5243 1331 5314 fuerit
1348 5243 1376 5302 S.
1393 5246 1557 5316 bisioodus,
1581 5249 1669 5321 idque
1696 5251 1838 5306 Wilsonus

25 5336 31 5356 ⁵
90 5318 172 5374 ribus
194 5315 287 5372 undas
307 5314 469 5388 repelleret.
491 5313 610 5381 Cetera,
628 5318 660 5369 ut
680 5315 768 5371 semel
784 5315 888 5384 dicam,
909 5322 939 5371 et
992 5319 1021 5369 et
1042 5313 1154 5370 Sirinus
1180 5313 1309 5397 adoptari
1336 5332 1418 5388 posse
1444 5325 1628 5375 censuerunt.
1658 5319 1711 5376 Sed
1739 5321 1837 5393 hujus·

89 5388 183 5514 metet
195 5388 226 5443 in
240 5387 439 5459 sequentibus,
455 5383 491 5440 ed
506 5384 582 5440 locos
590 5400 761 5441 communes
776 5387 939 5442 reducenda
993 5384 1071 5440 modi
1086 5386 1319 5442 anachronismus
1333 5403 1420 5459 snpra
1432 5389 1593 5460 rejecimus.

90 5475 144 5516 sun
160 5499 167 5516 .

267 5548 404 5616 Parnon.
431 5545 577 5615 cxcvii.
1623 5559 1664 5618 35
