3984 6034
152 191 204 243 uua
893 191 921 248 S.
939 189 1177 252 ttttbbttatrbls
1849 195 1904 252 est

151 321 222 396 quis
233 321 342 380 obstrui
366 325 395 380 et
416 322 553 385 abscondi
570 341 631 384 non
655 329 759 400 potest,
779 327 859 401 qaod
879 328 944 386 ttait
958 329 994 386 de
1012 329 1109 388 Aaou
1135 328 1276 388 marineio
1305 329 1434 400 semiue;
1454 331 1494 388 sic
1516 333 1638 391 surrexit
1668 333 1699 392 iu
1719 351 1754 392 es
1776 336 1907 394 ιωιοιιιε

151 413 230 468 tonte
244 412 310 468 sitae
326 415 450 479 [eternas.
466 414 537 470 Nem
553 419 584 471 ut
606 415 670 472 tous
691 432 752 473 nou
774 417 860 474 debet
882 435 943 474 esse
967 418 997 474 in
1051 417 1134 490 panis
1167 419 1229 475 sins
1257 419 1350 478 redico
1374 421 1464 477 virilis
1486 421 1704 490 commistionis,
1732 430 1760 482 et
1792 426 1906 498 absque

151 499 300 570 absconso,
317 500 408 557 sedi'u
426 503 580 560 manifesto
596 509 627 562 ot
644 506 841 563 omnishomo
867 508 919 579 qni
939 508 1000 564 sitit
1052 508 1132 564 omni
1154 507 1283 564 humano
1303 524 1401 578 onere,
1430 509 1481 565 sed
1500 515 1613 566 tautam
1644 517 1727 568 netas
1750 513 1780 569 ιιι
1803 515 1908 570 suari·

151 587 303 660 adipsum
326 590 422 646 reniet
444 595 473 646 st
494 592 609 648 hauriat
628 595 819 665 etqoebibst,
845 600 885 654 sie
909 599 999 655 Filius
1052 600 1110 652 tate
1130 596 1295 666 divinitatis,
1321 614 1380 654 uon
1404 602 1497 654 tactus
1520 599 1578 656 ulle
1605 599 1804 673 indignatione
1829 617 1908 674 pec-

154 673 205 730 ltei
229 691 288 731 nou
310 683 354 732 est
374 678 523 735 obstrusus
553 696 606 737 aec
634 683 789 738 absconsus
806 686 905 742 electis
927 686 998 752 suis,
1053 685 1119 753 cati,
1133 685 1401 754 venicus,tortuo.so
1425 693 1557 758 serpente
1581 689 1740 759 nesciente,
1763 705 1815 746 nec
1829 707 1902 746 eum

152 763 203 820 sed
218 765 387 822 manifestus
400 782 568 839 praeparans
585 785 616 824 so
630 771 666 826 ed
686 772 908 831 retributionem
931 791 998 847 ope·
1053 773 1172 845 propios
1193 777 1336 844 tergente.
1361 776 1439 830 bodo
1471 781 1499 829 at
1520 775 1569 830 ille
1594 775 1646 831 tlos
1666 767 1793 833 latentur
1813 778 1904 834 illum

151 869 227 924 rum,
245 858 277 911 ut
285 872 319 912 ee
334 857 586 930 menitcstotjuste
597 863 840 930 remuneratione,
856 880 921 936 quas
933 881 999 938 pro·
1054 862 1183 934 decepit;
1211 862 1251 918 itu
1268 863 1343 935 qood
1370 877 1484 919 sursum
1516 865 1653 932 ascendit,
1681 869 1709 921 et
1733 881 1824 938 genus
1847 867 1907 922 bu·

151 947 218 1015 pter
236 944 326 1017 ipsius
353 947 531 1002 voluntatem
563 949 600 1004 eb
614 950 781 1007 bominibus
800 954 999 1022 perticiuutur.
1055 966 1172 1006 manuus
1187 951 1217 1007 io
1230 953 1574 1025 peccatoconceptampd
1594 953 1652 1008 etta
1676 955 1801 1022 sustulit,
1822 957 1906 1028 quod

153 1031 262 1088 Idcirco
272 1034 366 1090 tidelis
377 1034 466 1092 bomo
488 1037 615 1094 ambulet
639 1039 669 1094 ιιι
683 1040 739 1096 tide
759 1041 795 1097 ad
809 1045 900 1098 ticum
925 1058 1002 1114 quae·
1055 1039 1102 1094 ille
1112 1055 1228 1110 serpeus
1238 1039 1318 1110 prius
1338 1039 1534 1096 iraudulenter
1557 1041 1719 1114 deceperat,
1735 1047 1765 1098 et
1782 1043 1813 1099 in
1836 1060 1907 1114 per·

86 1127 91 1135 '
153 1125 255 1193 ratque
278 1121 504 1180 misericordiam
533 1126 604 1197 ejus,
632 1131 661 1182 et
685 1127 801 1185 debitur
821 1131 872 1186 illi.
897 1135 921 1186 ,ι
942 1147 1000 1186 ιιοιι
1055 1127 1194 1182 ditionem
1215 1141 1311 1182 seeum
1339 1128 1510 1184 detraxerat.
1536 1129 1571 1184 Et
1598 1129 1736 1201 quonism
1775 1131 1821 1186 bic
1848 1133 1907 1186 llos

154 1215 302 1281 quarente
333 1217 431 1269 erstem
454 1230 515 1269 non
538 1214 710 1282 invenietur,
744 1218 832 1273 vetusti
855 1219 919 1275 toas
944 1235 1002 1274 non
1057 1215 1144 1270 Filius
1163 1215 1209 1270 ltei
1230 1221 1300 1283 oret,
1331 1215 1473 1287 requievit
1495 1232 1581 1289 super
1603 1234 1671 1274 eum
1697 1218 1821 1290 Spiritus
1846 1221 1907 1275 Du-

155 1297 266 1356 ttuited
281 1299 414 1356 bousiuss
439 1301 534 1374 ipsum
553 1304 735 1361 solummodo
754 1307 876 1363 scientes
898 1324 950 1363 nec
967 1308 1001 1364 ed
1056 1304 1139 1371 asini,
1158 1304 1188 1359 id
1205 1309 1249 1360 est
1266 1303 1383 1375 spiritus
1399 1307 1514 1360 aeteroae
1538 1305 1703 1362 divinitatis.
1726 1306 1908 1372 Quomodo?

155 1402 223 1443 euos
254 1390 352 1444 venire
394 1391 537 1458 volentes;
568 1393 619 1449 sed
648 1395 715 1450 illos
743 1397 915 1466 oportetad
935 1413 1001 1452 com
1056 1391 1524 1457 Quandohumilitasesallateest
1547 1393 1576 1448 ιιι
1604 1411 1723 1450 ascensa
1744 1395 1825 1451 ἰιιιιιι
1846 1397 1909 1451 tto-
1968 1456 1969 1470 χ

155 1476 300 1545 accedere,
329 1479 353 1533 si
379 1495 485 1551 aquam
510 1481 572 1552 ejus
603 1482 719 1539 haurire
756 1484 931 1551 desisterent,
962 1486 1003 1540 sic
1056 1483 1109 1550 ris;
1130 1481 1180 1536 ubi
1203 1481 1234 1537 iu
1250 1481 1384 1536 irrisione
1409 1486 1551 1552 prostratu
1577 1486 1621 1537 est
1643 1483 1787 1554 superbie,
1814 1499 1907 1556 quern

153 1564 242 1622 bouso
262 1565 356 1623 locist.
381 1569 423 1624 Ad
443 1571 535 1626 licum
564 1572 680 1628 accedat
697 1589 749 1645 par
769 1575 863 1645 legum
886 1573 940 1630 ribi
966 1575 1003 1630 ab
1057 1570 1151 1640 prime
1171 1569 1277 1624 mulier
1296 1569 1428 1637 attendit,
1448 1585 1512 1626 cum
1530 1570 1698 1642 plusquam
1717 1571 1835 1628 deberet
1859 1589 1907 1627 sa·
1969 1569 1970 1572 ’

155 1653 218 1724 ipso
241 1656 437 1728 constitutam,
461 1663 490 1714 et
514 1659 642 1716 inveniet
665 1676 744 1731 cum,
763 1663 936 1736 dabiturque
961 1662 1004 1719 itti
1023 1629 1127 1728 Bperc
1149 1657 1249 1726 voluit,
1279 1658 1404 1714 secunda
1431 1657 1552 1715 muliere
1576 1659 1691 1716 servitio
1714 1659 1764 1716 Dei
1786 1677 1817 1716 se
1837 1661 1909 1716 sub·

155 1741 651 1818 albasciaeetsquesalutsrisita
672 1750 845 1820 etamplius
866 1767 919 1806 uec
938 1767 1002 1806 eso·
1058 1746 1153 1813 deute,
1178 1747 1247 1802 dum
1275 1763 1305 1802 se
1342 1746 1507 1818 recognovit
1527 1763 1656 1818 perram,
1680 1749 1711 1804 ia
1740 1748 1908 1805 humililate

156 1829 229 1885 siem
243 1847 296 1886 uec
309 1832 388 1889 sitim
402 1835 551 1892 sustineat.
574 1837 654 1892 Unde
675 1844 704 1892 ct
724 1839 868 1908 praedictas
886 1841 1003 1894 virtutos
1057 1835 1187 1892 contessa
1205 1838 1294 1891 Deum
1308 1851 1412 1902 suum,
1437 1835 1559 1908 Spiritus
1581 1843 1696 1892 sauctus
1718 1839 1853 1893 ardenter
1873 1839 1905 1894 in

154 1917 300 1976 intentum
317 1922 446 1978 studium
472 1924 549 1980 idem
582 1942 656 1998 opus
682 1926 853 1997 perticioudi
878 1928 1003 1996 babent3
1057 1923 1121 1995 ipso
1132 1923 1293 1996 requierit:
1309 1923 1338 1978 iu
1355 1925 1646 1997 quaelectscbaritas
1662 1925 1754 1994 latuit,
1770 1941 1837 1998 quus
1851 1926 1908 1981 sat·

154 2006 293 2077 quonism
307 2009 514 2067 studiosissime
525 2012 598 2070 sicut
617 2018 759 2070 torrentes
772 2031 855 2084 auare
875 2017 910 2071 sd
931 2032 1004 2088 opas
1058 2013 1134 2068 verit
1156 2012 1299 2083 perditem
1322 2012 1436 2083 plebem
1461 2013 1628 2085 abstergens
1647 2014 1769 2072 crimina
1793 2020 1823 2070 et
1847 2031 1908 2069 sce-

156 2093 287 2151 diviuam
302 2103 431 2168 currunt,
452 2105 594 2172 qnatenus
615 2103 804 2176 fulgentiores
822 2104 882 2160 sole
899 2105 1003 2161 Cbrbti
1057 2102 1119 2157 tera
1131 2101 1292 2156 homiuum.
1311 2102 1381 2157 Nam
1397 2101 1546 2172 plenitudo
1567 2102 1705 2174 temporis
1726 2106 1788 2158 eret
1803 2102 1834 2157 ιιι
1854 2119 1906 2168 eo;

155 2180 287 2237 membra
308 2184 465 2256 capitisue
490 2186 522 2242 in
541 2187 644 2246 lucidis
666 2190 904 2262 acquisitionibus
919 2190 1003 2248 nobi·
1058 2191 1127 2263 quie
1141 2191 1238 2246 vivens
1261 2191 1360 2245 lumen
1383 2191 1412 2244 in
1427 2191 1490 2260 ipso
1512 2191 1644 2255 sestius-it,
1662 2192 1692 2246 io
1707 2206 1765 2263 quo
1787 2191 1908 2246 noxium

158 2270 265 2326 tissime
283 2272 410 2343 perfecta
428 2276 651 2347 conjungentur.
676 2281 797 2350 Propter
818 2281 894 2352 quod
915 2281 1003 2337 etiam
1059 2294 1177 2351 pomum
1212 2295 1278 2333 com
1304 2279 1489 2350 sequentibus
1513 2295 1542 2334 se
1564 2280 1700 2352 nequitiis
1726 2281 1811 2349 eruit,
1842 2295 1908 2336 sur·-

158 2365 190 2415 ut
206 2359 312 2416 audisti
329 2361 418 2419 tortos
431 2365 556 2436 operarii
572 2367 623 2422 ltei
641 2368 835 2440 appellantur,
846 2371 915 2442 quie
935 2375 1004 2426 stre·
1059 2372 1144 2439 geute
1154 2368 1185 2422 ιιι
1197 2367 1247 2422 illo
1264 2367 1404 2422 medicine
1418 2371 1608 2436 mortuorum,
1620 2368 1825 2440 quaererillum
1833 2369 1908 2422 illud

157 2465 214 2504 aue
234 2449 265 2506 ιιι
290 2450 375 2508 bouis
397 2453 533 2525 operibus
558 2455 689 2512 tidelium
717 2456 868 2513 bominum
890 2474 1004 2530 semper
1058 2456 1179 2512 elevavit
1203 2454 1281 2524 qaod
1299 2459 1422 2510 mortem
1444 2454 1589 2526 superavit
1611 2460 1642 2510 et
1669 2455 1812 2511 contrivit.
1837 2455 1910 2511 San·

160 2543 375 2599 couverseutur.
1057 2543 1224 2598 etitaseuim
1238 2543 1267 2598 in
1288 2558 1322 2596 eo
1347 2557 1405 2598 non
1425 2541 1517 2597 ceruit
1535 2542 1594 2597 ulls
1621 2543 1820 2614 possibilitate,
1841 2544 1907 2616 ipso

193 2627 247 2685 Sed
262 2629 430 2701 quodintsr
448 2631 633 2690 basvirtutes
655 2634 802 2707 praecipue
820 2641 932 2708 septem
961 2637 1002 2691 vi·
1059 2635 1196 2701 concepto
1213 2629 1320 2701 absque
1353 2628 1433 2683 omui
1457 2627 1564 2699 peccati
1591 2629 1802 2697 comissistiuue,
1832 2630 1909 2684 sicut

158 2716 218 2783 des,
248 2733 373 2790 quarum
395 2720 481 2778 stiam
511 2723 617 2778 formas
644 2728 673 2778 et
697 2724 812 2780 babitus
845 2725 1002 2781 seeundum
1058 2719 1163 2792 saepius
1182 2718 1339 2774 oll'coditus·
1362 2716 1392 2772 in
1410 2717 1484 2773 nutis
1507 2715 1658 2774 bominum
1678 2718 1729 2789 qui
1748 2725 1910 2774 nascautur

160 2808 237 2877 quod
253 2807 306 2864 tibi
320 2809 499 2880 permittitur
509 2811 672 2869 consideres
684 2829 690 2866 :
703 2813 758 2868 hoc
785 2819 827 2868 est
854 2814 930 2886 quod
955 2815 1002 2869 iu·
1056 2809 1088 2864 ιιι
1101 2807 1303 2880 multiplicium
1321 2805 1475 2861 criminum
1497 2806 1643 2861 varietate.
1661 2806 1714 2862 Sed
1728 2811 1758 2862 et
1771 2822 1836 2862 cum
1855 2807 1910 2862 llos

159 2899 202 2950 ter
218 2897 348 2953 studiosa
371 2914 459 2972 opera
481 2900 527 2956 bre
553 2907 663 2973 septem
686 2903 805 2958 virtutes
827 2904 1002 2975 praestantis·
1024 2896 1108 2980 cille
1124 2896 1203 2952 dedit
1217 2894 1363 2967 operando
1374 2900 1402 2948 ct
1419 2893 1671 2950 docendoomnem
1686 2894 1911 2968 inspirationem

160 2983 250 3052 simos,
265 2990 378 3057 septem
391 2987 593 3044 ardentissime
606 2989 681 3045 dona
694 2988 817 3060 Spiritus
842 2991 933 3046 sancti
959 2992 1006 3047 de
1057 2983 1192 3057 iustitiae;
1209 2984 1269 3055 jem
1286 2983 1411 3038 tractum
1433 2981 1463 3036 in
1491 2981 1672 3054 plenitudine
1694 2984 1817 3055 Spiritus
1839 2999 1910 3039 sen·

161 3069 287 3142 signant,
303 3071 373 3144 quia
386 3073 417 3128 in
427 3073 648 3130 obumbratione
662 3075 785 3147 Spiritus
809 3077 898 3133 saucti
925 3079 1006 3150 virgo
1060 3073 1097 3130 cti
1115 3072 1243 3144 protulit,
1264 3071 1401 3144 queniam
1417 3071 1478 3142 ipse
1505 3071 1591 3126 Filius
1614 3072 1791 3128 [isiiudutue
1810 3088 1910 3138 cerne,

160 3158 318 3215 clarissime
333 3159 437 3216 tilium
451 3161 574 3218 tteisine
585 3166 843 3235 peccatoroucepit
854 3165 885 3220 iu
898 3167 1004 3222 sancti·
1060 3166 1158 3233 aperte
1171 3160 1202 3216 ia
1226 3176 1311 3232 opere
1335 3175 1387 3215 suo
1409 3159 1626 3227 demonstravit,
1644 3163 1721 3232 qaod
1732 3165 1818 3216 entus
1841 3161 1910 3232 Spi-

160 3247 292 3302 tirations
305 3247 413 3305 scilicet
427 3255 589 3306 sanctarum
603 3252 752 3319 virtutum,
767 3269 832 3324 qaas
856 3259 954 3326 aperte
977 3255 1006 3310 in
1060 3251 1133 3305 ritus
1148 3255 1270 3316 ‚sauctus
1300 3248 1418 3319 mystice
1438 3253 1464 3304 et
1485 3248 1566 3320 quasi
1590 3248 1620 3302 ιιι
1642 3251 1764 3312 occulto,
1783 3249 1910 3320 inspire-

161 3334 263 3390 eadsm
275 3336 1008 3414 Unigenitotteimauitesteteesuut3quasliutorme
1060 3339 1137 3395 tione
1171 3354 1221 3394 sue
1244 3337 1409 3393 commorit.
1436 3336 1489 3402 Qui
1524 3336 1647 3408 Spiritus
1675 3343 1790 3393 sanctos
1819 3353 1911 3409 super

162 3435 222 3491 sua}
230 3423 429 3481 illuminantes
448 3428 535 3482 corda
555 3428 696 3496 fidelium,
712 3433 742 3484 et
760 3429 842 3501 quasi
855 3430 887 3484 ιιι
908 3431 1006 3486 babitu
1061 3427 1142 3482 illum
1162 3429 1264 3482 liorem
1280 3423 1504 3499 septempliciter
1521 3423 1701 3498 requiescere
1723 3427 1908 3498 designetur,

161 3525 213 3566 suo
235 3510 266 3568 iu
290 3512 399 3570 onitate
420 3514 488 3570 fidei
507 3531 538 3571 se
562 3515 723 3586 dilatantes,
744 3522 775 3572 ut
805 3519 890 3574 lsaies
909 3536 1008 3575 servus
1062 3517 1206 3589 quiscum
1221 3515 1484 3586 Deusomnispsr
1503 3515 1624 3572 Verbum
1647 3531 1731 3571 suum
1755 3515 1909 3587 inspicite

162 3615 243 3656 mous
268 3603 409 3670 testatur,t
428 3603 542 3660 diceus:
559 3605 712 3677 Eprestr'lur
738 3606 821 3681 uirgo
846 3607 882 3662 de
912 3608 1009 3664 redico
1061 3609 1158 3660 saucio
1181 3610 1300 3673 cresret,
1321 3603 1443 3676 septime
1462 3601 1508 3659 die
1530 3602 1565 3658 eb
1592 3603 1672 3657 omni
1686 3619 1773 3674 opere
1788 3619 1840 3658 suo
1865 3619 1910 3659 re·

161 3691 256 3758 derce,
269 3691 364 3761 etstcr
376 3693 411 3748 dc
437 3693 536 3750 rudrcc
552 3697 617 3764 ejus
636 3695 781 3764 ascendet,
800 3699 828 3752 et
850 3695 1008 3769 requiescet
1060 3693 1178 3766 quievit.
1195 3693 1250 3748 Sed
1265 3696 1294 3748 et
1305 3691 1406 3748 ecdem
1421 3691 1495 3746 deus
1518 3690 1549 3746 in
1565 3690 1726 3763 signatione
1749 3707 1800 3748 sue
1819 3692 1910 3764 gemi-

160 3795 320 3851 capenam
331 3779 453 3854 spiritur
468 3782 593 3849 Dornini,
609 3783 730 3855 spiritus
749 3785 901 3855 sapientie
916 3789 945 3840 et
962 3785 1006 3841 iu·
1061 3787 1182 3850 uautur3
1210 3781 1349 3854 quoniam
1376 3795 1479 3852 eorpus
1509 3785 1538 3835 et
1559 3780 1658 3836 enims
1685 3780 1740 3835 sibi
1754 3782 1911 3852 conjunctu

163 3868 304 3934 tellectur,
322 3868 443 3942 spiritus
482 3871 610 3931 consilii,
629 3879 658 3928 et
676 3871 865 3944 tortitudinis,
886 3873 1009 3946 spiritur
1061 3870 1146 3927 simul
1173 3871 1203 3926 iu
1226 3869 1342 3940 gemine
1362 3868 1514 3924 dilectione
1529 3883 1581 3940 per
1596 3868 1762 3926 nucdouem
1785 3869 1912 3943 Spiritus

160 3955 323 4013 rmeatieet
339 3957 469 4030 pietalis,
488 3963 517 4014 et
534 3959 660 4032 replebit
674 3976 742 4016 essm
757 3960 880 4034 spiritur
897 3962 1009 4019 tiruorir
1061 3959 1150 4015 sancti
1176 3958 1281 4014 debem
1299 3957 1411 4030 operari
1435 3957 1539 4014 timore
1572 3958 1687 4014 Domini
1710 3959 1772 4014 soto
1796 3959 1909 4031 positat3

164 4045 505 4117 ttomirriltso.,xsl.ltoc
521 4049 578 4104 tete
602 4052 663 4104 est:
679 4048 764 4120 Virgo
786 4050 874 4105 ttarie
894 4067 1008 4122 egresse
1062 4049 1129 4120 quia
1159 4048 1324 4119 ipsequssi
1348 4047 1530 4104 intremere
1567 4047 1736 4102 charitatem
1760 4063 1910 4115 reuersus,

163 4137 207 4188 est
222 4133 258 4189 dc
279 4135 420 4206 augustiis
441 4135 623 4192 monterium
645 4123 862 4210 oppressionum
886 4138 916 4194 in
941 4140 1009 4195 dul·
1062 4153 1151 4192 ιιιιιιιιι
1165 4135 1364 4207 superomnia
1378 4134 1490 4192 adorari
1506 4134 1656 4207 designet:
1673 4135 1751 4191 Unde
1771 4135 1858 4191 etiem
1882 4143 1912 4192 et

164 4221 295 4278 cediuem
305 4224 462 4280 honestatis
475 4241 600 4293 suornm,
616 4229 649 4280 ut
662 4224 766 4298 aliquis
780 4227 911 4284 dedomo
925 4243 1007 4299 ogre-
1027 4215 1048 4268 D
1065 4225 1187 4298 Spiritus
1207 4223 1321 4280 Domini
1334 4223 1501 4280 dominatur
1515 4222 1679 4280 tortissimis
1697 4223 1851 4280 virtutibus
1873 4225 1912 4280 ab

163 4307 281 4365 dituriu
295 4327 353 4382 qua
366 4311 711 4381 inclususcontiaebstur,
733 4316 783 4389 qui
800 4330 900 4372 senon
918 4317 1010 4372 elevat
1063 4312 1337 4380 scaturescentibus,
1356 4316 1387 4367 ut
1408 4311 1529 4368 eredice
1555 4311 1629 4366 rami
1645 4312 1816 4382 procedunt,
1835 4329 1913 4384 quo-

164 4414 253 4471 supre
265 4399 356 4471 ipsam
368 4401 498 4469 domum,
514 4404 563 4459 sed
575 4408 651 4460 recto
664 4404 768 4460 itiosrc
782 4419 880 4460 coram
898 4421 928 4462 se
944 4421 1010 4479 gra·
1063 4403 1142 4460 niem
1152 4417 1227 4458 auus
1239 4402 1315 4457 lteus
1331 4403 1374 4456 est
1395 4415 1413 4455 e
1431 4416 1488 4474 quo
1506 4400 1603 4456 omnia
1630 4400 1707 4456 bona
1725 4400 1855 4468 veniunt,
1881 4408 1915 4457 et

166 4487 255 4556 ditur,
266 4493 295 4544 et
307 4494 340 4545 at
355 4490 466 4547 rivulus
481 4492 541 4548 vini
556 4493 591 4549 de
605 4493 743 4550 torculari
753 4493 927 4565 exprimitur
949 4509 1009 4551 noa
1063 4507 1115 4565 per
1128 4507 1216 4565 quern
1229 4490 1328 4548 omnis
1346 4490 1424 4546 boue
1446 4489 1591 4562 sapienter
1608 4488 1746 4561 disposita
1768 4494 1843 4546 suut.
1877 4491 1913 4545 lit

164 4593 196 4633 se
223 4578 352 4635 exuimus
372 4594 461 4651 supra
483 4581 619 4651 torcular,
642 4583 693 4638 sed
711 4583 860 4638 moderate
880 4583 1009 4640 detinens
1063 4583 1131 4655 quia
1140 4581 1262 4653 Spiritus
1278 4579 1391 4637 Domini
1403 4595 1489 4652 super
1513 4580 1606 4652 ipsum
1622 4581 1722 4636 llorem
1748 4580 1910 4653 requievit;

165 4667 298 4723 inlocum
313 4683 408 4725 saum.
429 4669 464 4725 tit
475 4668 573 4742 lquere
590 4669 693 4744 virga?
710 4671 783 4738 eria
809 4687 869 4728 nou
895 4671 1010 4745 spinosa
1064 4672 1178 4743 spiritus
1198 4671 1284 4725 etiem
1303 4667 1449 4741 sapientise
1472 4683 1559 4740 super
1573 4670 1667 4740 ipsum
1696 4669 1812 4738 mansit,
1838 4683 1910 4741 quo-

164 4755 369 4825 moribus,nec
386 4757 628 4816 uodossterranis
649 4758 864 4831 cupiditatibus,
880 4761 929 4816 sed
946 4761 1009 4833 pta·
1064 4759 1141 4815 uiam
1168 4773 1273 4829 magna
1296 4755 1437 4830 sapientie
1458 4755 1603 4828 apparuit,
1628 4773 1692 4812 cunr
1716 4759 1791 4812 licus
1813 4757 1912 4812 omnia

164 4859 212 4912 rsa,
230 4843 311 4901 idest
322 4847 428 4904 mrnsli
445 4848 678 4920 coucupiscentia
696 4863 755 4904 nou
764 4849 936 4922 copulatsta.
947 4853 1010 4904 orta
1063 4861 1115 4919 per
1134 4844 1257 4902 Verbum
1279 4858 1363 4899 suum
1385 4844 1501 4912 creavit,
1516 4842 1669 4914 ‚sepientis
1684 4844 1724 4900 sie
1744 4845 1847 4900 dittusa
1870 4848 1914 4898 est

165 4931 422 4990 scilicetdersdice
436 4936 524 5002 lesse,
540 4936 625 4991 idest
643 4936 678 4991 de
694 4933 746 4991 illo
767 4938 815 5008 qai
839 4937 923 5008 quasi
944 4936 1008 4992 tun·
1063 4937 1094 4991 iu
1117 4934 1191 4990 illo:
1211 4934 1294 5007 'quod
1318 4933 1395 4989 idem
1426 4933 1548 4989 Verbum
1581 4937 1644 4988 eret
1673 4932 1823 5006 sapientie.
1856 4933 1912 4988 Sed

165 5019 335 5078 dementum
347 5027 409 5079 erat
423 5023 632 5096 regelisprotis,
648 5024 684 5079 de
698 5038 756 5096 qne
769 5010 1010 5081 illuitlibste'ma-
1064 5023 1158 5096 ipsum
1174 5021 1298 5078 Verbum
1312 5019 1440 5077 nondam
1463 5019 1642 5076 incarnatum
1664 5019 1808 5075 invisibile
1830 5019 1908 5075 tuit:

164 5110 449 5183 ternsteprocessit.
466 5112 547 5168 ltndo
568 5112 643 5168 etde
660 5111 756 5168 radice
775 5111 905 5183 ejusdem
919 5111 1010 5184 virgas
1064 5110 1094 5166 id
1119 5115 1217 5166 sutem
1246 5109 1426 5164 incarnetum
1452 5106 1563 5163 risibile
1593 5107 1736 5179 apparuit,
1771 5105 1912 5179 quonism

165 5199 295 5255 ascendit
308 5200 492 5256 suavissimus
514 5202 595 5269 odor,
624 5199 675 5274 qui
697 5199 753 5257 tuit
769 5200 882 5272 integro
899 5200 1011 5273 puritas
1066 5199 1189 5256 Verbum
1204 5197 1280 5271 quod
1296 5202 1362 5252 nate
1385 5210 1501 5252 omnem
1518 5198 1679 5252 creatorem
1695 5201 1757 5251 erat
1774 5195 1806 5250 in
1824 5193 1911 5249 corde

165 5285 295 5358 ejusdem
310 5287 439 5361 virginis,
456 5287 767 5346 voleaslneltissimum
783 5303 932 5362 cacumen,
947 5289 1011 5363 Spt-
1067 5288 1156 5344 Petris
1172 5303 1225 5360 per
1234 5285 1310 5360 quod
1324 5283 1862 5356 omntstectasuut‚etsineqnotectum
1869 5288 1914 5340 est

165 5373 225 5428 rita
246 5379 343 5432 ssueto
367 5375 407 5432 its
422 5393 485 5433 cem
509 5378 656 5450 irrigante,
681 5377 757 5451 quod
776 5393 809 5434 er
831 5377 896 5450 ipse
918 5380 1011 5435 almas
1065 5375 1133 5433 nibil
1149 5393 1156 5431 ε
1170 5373 1379 5450 ipsameuitoit
1393 5372 1508 5429 tlossub
1522 5376 1650 5446 temporo
1665 5372 1911 5430 seilicstemicons

168 5465 220 5517 tiss
241 5468 388 5519 natusest.
418 5468 637 5531 Quomodottt
665 5467 858 5523 ltosnascitur
879 5468 909 5522 ιιι
942 5481 1012 5537 agro
1067 5462 1420 5526 iuburoanitulr,bourrm
1440 5461 1615 5516 intellectam
1635 5461 1898 5517 semissibus-sot·

1424 5723 1433 5756 ι
