3984 6034
76 230 131 289 sss
746 227 933 288 sermons.
948 227 1102 288 -anrsn
1123 225 1175 286 cx.
1624 185 1625 190 Ν
1775 231 1829 288 aso

76 373 108 422 et
122 366 176 438 qui
193 380 261 421 eum
274 364 367 438 gloria
382 380 436 420 sua
456 361 636 436 despoliavit.
660 362 693 418 lu
708 361 844 418 omnibus
859 377 930 434 quo·
949 361 1085 418 habitate
1108 361 1225 434 spiritns
1247 367 1275 416 st
1299 365 1469 432 tempestate
1497 361 1588 434 priori
1619 361 1829 435 aliquantisper

76 472 136 526 qne
152 454 236 510 hunis
257 455 315 508 suis
337 453 475 508 doctrinae
496 466 686 523 supernorum
708 450 837 522 iudicum
856 450 927 506 oba·
979 449 1091 522 quievi;
1108 455 1136 504 st
1149 449 1217 522 quia
1233 449 1318 504 verba
1330 455 1421 504 vestra
1436 465 1495 506 non
1507 451 1543 506 ab
1555 450 1681 506 humano
1696 451 1823 522 ingenio,

77 543 141 598 dira
158 543 252 610 debet,
276 557 403 613 quorum
426 541 535 612 linguas
554 539 646 594 claves
667 538 732 594 coeli
751 543 827 592 suut.
854 538 928 592 Dens
980 539 1031 594 sed
1046 555 1062 592 a
1077 541 1138 594 luce
1150 554 1227 604 vcra,
1240 555 1305 610 quas
1322 537 1505 609 pluscaetcris
1516 538 1681 594 hominibus
1696 557 1746 594 vus
1762 540 1827 594 illu·

75 631 228 685 rictoriam
243 630 331 700 hujus
352 627 444 700 proelii
461 627 492 682 in
513 631 541 680 ts
563 625 702 698 perficiat,
726 625 766 680 ita
792 625 870 697 quod
892 624 928 680 ab
980 627 1110 696 minavit,
1126 643 1185 682 nou
1198 625 1297 682 dubito
1314 627 1476 698 procedere,
1492 626 1612 682 consilio
1633 632 1725 683 vestro
1748 627 1826 699 quod

75 719 190 790 augelis
214 717 350 784 lauderis,
370 721 397 771 et
413 715 490 787 quod
517 714 607 769 sancti
625 714 657 769 in
677 713 876 786 tegaudeaut,
901 717 930 768 et
980 715 1118 788 proposui
1140 715 1231 771 facere
1258 714 1355 770 distuli
1379 715 1472 770 adhuc
1502 716 1649 788 perlicere.
1675 716 1752 772 Scire
1778 733 1826 772 vos

75 807 258 880 quodetiam
276 807 307 860 in
321 811 429 860 aeterua
447 803 552 875 gaudia
570 802 728 874 recipiaris.
980 805 1058 872 volo,
1073 803 1190 859 domina
1213 808 1242 859 et
1255 818 1339 858 soror
1363 803 1541 873 charissima,
1557 803 1626 876 quia
1646 805 1719 861 sicut
1746 805 1826 877 prius

367 907 536 966 gppsqogg
556 909 649 964 cvm,
981 908 1031 947 vos
1045 891 1141 948 videre
1157 893 1280 948 multum
1295 890 1464 960 desideravi,
1481 907 1539 947 non
1555 891 1648 948 miuus
1667 893 1761 948 adhuc
1779 893 1828 948 de·

76 1018 107 1056 n.
135 1015 288 1056 aaasrrssa
319 1011 390 1054 aruo
423 1012 686 1052 vrosaoonussnoae
713 1012 749 1052 ao
780 1012 803 1052 s.
833 1010 929 1050 arana·
983 979 1090 1049 tidem,
1116 986 1144 1036 02
1171 996 1236 1036 lum
1263 995 1382 1052 ⁰⁰fl³ore
1416 981 1617 1052 ⁰⁰¹1P⁰⁵⁵ims
1645 981 1731 1037 ⁰⁰fd0
1754 981 1834 1037 V⁰bi³

449 1100 568 1140 mm,
983 1085 1097 1141 semper
1126 1069 1283 1125 adhoereo:
1313 1073 1342 1124 at
1366 1086 1423 1142 qua
1452 1074 1562 1125 certum
1593 1075 1635 1126 est
1662 1070 1832 1126 alteritatem

78 1171 612 1250 oppwgsqnfflgrmmpgm
626 1171 664 1228 ap
681 1171 800 1244 „qma
823 1169 880 1228 ,ὣς
892 1171 932 1228 352
984 1157 1014 1213 in
1039 1158 1117 1214 vobis
1156 1162 1185 1212 et
1205 1173 1255 1211 vos
1292 1157 1322 1212 in
1361 1157 1498 1214 charitate
1532 1173 1659 1226 munere,
1691 1174 1742 1231 per
1769 1175 1832 1214 eam

434 1245 587 1317 agendum.
985 1261 1037 1302 sos
1071 1246 1220 1318 deprecor,
1260 1251 1292 1301 ut
1325 1245 1394 1318 quid
1438 1246 1615 1316 correptioni
1649 1247 1692 1303 vel
1734 1263 1834 1302 corre-

118 1336 249 1392 bomine
283 1350 341 1388 suas
375 1335 555 1399 hrcusosnnr,
589 1331 645 1404 pira
693 1331 776 1388 matri
811 1331 931 1387 ancilla·
985 1333 1075 1390 ctioni
1105 1334 1227 1406 dignum
1262 1333 1308 1388 lux
1341 1333 1404 1388 viva
1431 1349 1483 1406 per
1511 1333 1645 1405 spiritum
1677 1351 1762 1390 snum
1799 1337 1835 1392 de

80 1441 147 1479 rom
161 1422 267 1480 Christi
289 1422 367 1493 apud
392 1423 421 1476 ll.
442 1421 602 1492 liopertum
625 1419 748 1475 Domino
774 1421 831 1474 lieo
858 1419 934 1475 mili·
985 1439 1033 1478 ms
1055 1423 1135 1479 vobis
1156 1422 1390 1490 manifestaverit,
1420 1422 1543 1478 scribere
1567 1423 1640 1478 mihi
1669 1440 1727 1480 nou
1752 1424 1834 1480 diffc-

78 1514 220 1580 tactim,
233 1511 267 1566 N.
293 1509 414 1566 humilis
436 1510 569 1564 ministra
592 1517 621 1564 et
643 1509 719 1564 dicta
746 1507 933 1578 gubernatrix
986 1515 1068 1568 ratis.

80 1617 216 1656 sororum
238 1599 316 1671 apud
337 1598 600 1670 widergoldesdorf
625 1599 683 1654 fleo
703 1603 733 1652 et
751 1600 856 1652 sanctes
876 1599 933 1653 lla·
1171 1599 1377 1656 tlnsrossutt
1397 1598 1642 1656 HILDEGARDIS.

80 1691 133 1746 riae
155 1686 356 1756 servientium,
380 1686 513 1742 intimam
536 1686 719 1742 dilectionem
742 1691 770 1740 et
797 1685 933 1742 devotum
953 1660 1066 1746 ”Eam
1091 1686 1256 1758 dijudicare
1277 1687 1353 1744 alios
1379 1686 1411 1742 iu
1434 1689 1536 1760 quibus
1553 1687 1712 1759 dijudicari
1734 1689 1835 1746 nollet.

81 1777 268 1850 obsequium.
1024 1776 1078 1842 Qui
1092 1776 1284 1846 omuiavidet,
1300 1776 1369 1831 dicit
1389 1793 1396 1831 :
1414 1777 1518 1833 Oculos
1532 1777 1620 1832 habes
1633 1777 1669 1832 sd
1681 1777 1836 1834 videndum

117 1863 343 1935 Scio,!domina,
366 1863 435 1935 quia
461 1878 561 1918 omues
575 1862 627 1918 vias
648 1866 750 1917 vestrm
774 1859 935 1916 misericor·
988 1865 1159 1938 standique
1173 1864 1209 1921 ad
1228 1863 1525 1936 circumspiciendum.
1551 1865 1602 1922 Ubi
1626 1866 1703 1922 vides
1730 1868 1836 1935 lutum,

82 1955 130 2007 dia
145 1957 176 2007 et
192 1953 305 2017 veritas,
322 1956 351 2006 et
371 1951 426 2006 hoc
439 1952 554 2020 merito,
570 1951 640 2022 quia
659 1949 934 2021 misericordiaque
987 1955 1060 2010 illud
1075 1954 1170 2024 ablue,
1186 1959 1215 2008 et
1240 1953 1318 2025 quod
1342 1953 1455 2009 aridum
1475 1959 1519 2008 est
1544 1953 1589 2009 lac
1603 1953 1704 2011 viride.
1729 1955 1783 2010 Sed
1809 1961 1838 2011 st

82 2042 119 2098 de
143 2041 217 2096 coelo
244 2040 278 2096 ad
302 2045 408 2095 terram
430 2039 534 2095 Filium
560 2040 610 2094 liei
628 2038 756 2107 attraxit,
782 2054 870 2110 super
885 2054 935 2092 vos
988 2046 1118 2098 aromata
1139 2057 1204 2114 quse
1229 2041 1318 2097 habes
1343 2041 1386 2096 lac
1412 2057 1544 2114 saporam
1568 2042 1681 2098 habere.
1706 2043 1837 2109 Quodsi

81 2129 245 2202 prospexit,
260 2136 290 2184 et
308 2145 434 2200 superna
459 2127 608 2200 Sapientia
621 2128 720 2183 sedem
741 2142 822 2183 suam
837 2128 869 2183 iu
884 2142 936 2181 vo-
989 2132 1089 2188 oculos
1108 2147 1165 2186 non
1190 2130 1319 2200 haberes,
1342 2135 1370 2185 te
1393 2146 1527 2186 excusare
1547 2147 1655 2202 posses.
1679 2132 1760 2187 Nunc
1785 2147 1837 2188 au·

83 2218 127 2274 bis
141 2218 264 2290 paravit.
280 2219 471 2289 Quapropter,
486 2217 662 2283 dvslcissima,
678 2216 781 2272 obnixe
804 2215 936 2287 supplico
989 2225 1049 2276 tem
1068 2221 1167 2276 oculos
1177 2219 1275 2282 hahes,
1285 2225 1313 2274 et
1327 2234 1416 2292 quare
1430 2234 1539 2291 paraus
1552 2235 1610 2274 uon
1622 2219 1839 2291 circumspiciet

84 2314 118 2362 ut
131 2308 296 2379 dignemini
307 2323 325 2360 a
340 2307 396 2362 lieo
406 2306 574 2378 perquirere
588 2304 667 2360 vobis
683 2309 781 2360 utrum
795 2304 832 2359 sit
845 2304 936 2375 ipsius
990 2308 1047 2365 Sed
1062 2309 1293 2380 magniloquium
1323 2307 1410 2363 hahes
1425 2307 1455 2362 in
1469 2307 1671 2365 rationalitate.
1695 2310 1839 2365 llultoties

83 2397 221 2453 voluutas
243 2401 277 2450 ut
300 2394 384 2450 istam
414 2395 556 2450 sarcinam
579 2399 691 2464 portem
716 2400 767 2448 aut
791 2393 937 2465 abjiciam,
990 2397 1155 2453 animalios
1179 2397 1210 2452 in
1228 2395 1274 2451 his
1292 2395 1444 2466 dijudicas,
1469 2396 1619 2470 inquibus
1641 2403 1669 2452 te
1689 2396 1839 2466 dijudicari

84 2485 155 2558 quia
167 2485 235 2556 plus
250 2484 343 2540 adhuc
360 2484 567 2540 constrictione
583 2483 755 2538 obedientiae
778 2497 866 2554 quam
886 2480 937 2536 liei
991 2502 1052 2542 non
1066 2485 1166 2558 cupis3
1182 2485 1232 2540 sed
1255 2490 1352 2540 lamen
1373 2484 1528 2557 aliquando
1553 2485 1744 2556 sapientores
1768 2485 1840 2542 dicis

85 2589 188 2630 amore
224 2573 413 2646 perseverari.
452 2573 568 2639 idcirco,
591 2571 613 2626 si
642 2572 790 2637 auderem,
815 2570 937 2625 deloco
992 2591 1057 2647 quse
1071 2574 1193 2645 profers.
1210 2571 1332 2628 Attouda
1347 2588 1416 2644 ergo
1431 2577 1539 2628 attente
1555 2574 1631 2646 quod
1658 2590 1732 2629 onus
1755 2581 1838 2630 tuum

85 2661 247 2736 magisterii
261 2661 386 2718 libenter
404 2661 591 2723 discederem,
607 2659 676 2732 quia
693 2659 766 2714 mihi
788 2659 871 2714 valde
885 2658 937 2712 dc·
991 2669 1099 2737 portes,
1126 2667 1155 2717 et
1179 2660 1280 2733 collige
1303 2660 1412 2716 bonnm
1437 2677 1509 2732 opus
1527 2660 1556 2714 in
1578 2661 1723 2716 sacculum
1744 2662 1840 2717 cordis

84 2768 153 2808 rum
170 2767 234 2807 esse
248 2752 360 2806 videtur
382 2755 414 2806 ut
436 2749 571 2805 omnihus
586 2749 714 2804 moribus
729 2747 851 2803 aliorum
875 2762 939 2802 ser·
992 2751 1047 2822 tui,
1064 2767 1099 2805 ne
1114 2749 1239 2819 delicias,
1255 2749 1393 2820 quoniam
1408 2748 1438 2804 in
1453 2748 1581 2804 solitaria
1595 2749 1662 2816 vita,
1689 2765 1776 2822 quam
1792 2766 1838 2806 re·

84 2843 177 2908 viam,
192 2846 221 2895 et
235 2845 268 2895 ut
281 2840 467 2895 involuntate
483 2839 601 2894 illorum
612 2853 809 2910 permaneam,
827 2843 856 2892 et
873 2836 938 2892 ideo
993 2839 1083 2911 quirit
1105 2854 1192 2893 sonus
1209 2837 1364 2894 verborum
1389 2841 1516 2899 tuorum,
1542 2852 1598 2892 uon
1623 2836 1732 2892 valeres
1753 2838 1839 2910 quic-

86 2930 253 2986 mercedcm
269 2929 397 3002 aliquem
419 2943 466 2983 me
484 2932 663 3000 recepturam
690 2942 750 2981 non
774 2941 866 2997 spero.
886 2924 939 2979 Va·
957 2939 1070 2996 escere
1092 2931 1211 2999 propter
1247 2924 1474 2982 vicissitudinem
1507 2925 1684 2981 diversorum
1714 2942 1838 2994 morum,

86 3021 153 3074 lete.
167 3016 296 3089 Sapienti
313 3017 411 3072 animo
426 3032 519 3087 pauca
534 3015 689 3071 sufficiant.
994 3016 1064 3088 quia
1078 3021 1146 3072 tunc
1160 3014 1312 3070 novissima
1327 3018 1377 3069 tna
1400 3013 1491 3069 multo
1505 3015 1605 3085 pejora
1627 3013 1729 3070 fierent
1752 3030 1840 3088 quam

284 3121 492 3178 RESPONSUM
511 3120 754 3176 fflmmmms,
994 3105 1098 3178 prima
1115 3108 1144 3159 el
1165 3103 1252 3158 etiam
1274 3107 1333 3158 tam
1357 3101 1454 3174 gravia
1477 3107 1510 3158 ut
1534 3103 1646 3174 jactura
1664 3102 1767 3176 lapidis
1786 3108 1840 3159 est.

92 3213 130 3267 m
151 3186 322 3266 mmm
341 3208 485 3264 mutuas
509 3206 675 3278 impositum
693 3206 750 3262 ,spi
765 3221 837 3262 (mm
861 3209 889 3262 ιι
910 3207 941 3259 sn
995 3194 1109 3250 imitare
1121 3197 1216 3248 aulem
1241 3196 1382 3248 turturem
1405 3190 1436 3247 in
1452 3191 1631 3259 castimonia,
1649 3192 1699 3248 sed
1721 3192 1841 3249 electam

393 3279 484 3334 Deum
497 3278 634 3348 confidat.
995 3281 1108 3338 vineam
1130 3281 1283 3352 diligenter
1305 3295 1438 3351 procura,
1454 3284 1487 3335 ut
1509 3281 1598 3335 Deum
1620 3283 1697 3335 recta
1713 3285 1741 3335 et
1768 3295 1843 3352 pura

124 3372 248 3428 llnllum
263 3369 317 3424 iste
339 3369 423 3436 valet,
444 3372 621 3439 etmagnum
636 3366 744 3421 donum
771 3365 821 3421 Dei
846 3368 889 3420 ast
910 3364 942 3420 iu
994 3370 1067 3426 facie
1082 3370 1227 3442 inspicias.

90 3461 209 3516 homine
226 3460 289 3525 illo,
305 3457 356 3529 qui
378 3458 443 3511 talis
457 3462 500 3510 est
522 3456 554 3510 in
568 3454 706 3522 scientia,
735 3455 812 3526 quod
837 3453 942 3509 coelum
1297 3456 1464 3514 EPlSTOth
1483 3457 1534 3512 cx.

89 3549 234 3605 sustinere
255 3549 359 3618 potest.
386 3545 438 3600 llic
466 3549 510 3600 est
534 3559 644 3601 sensus.
668 3544 769 3598 Nullus
790 3541 942 3598 homiuum
1032 3563 1057 3603 n.
1082 3561 1237 3604 sauinssrr
1265 3563 1293 3602 ru
1312 3561 1499 3602 nansvaeacu
1525 3561 1564 3601 sn
1598 3561 1806 3604 sinuessanus.

88 3639 191 3709 lugere
204 3635 301 3702 debet,
322 3632 373 3705 qui
395 3631 433 3687 ad
447 3632 500 3687 hoc
523 3633 609 3699 valet,
628 3635 662 3686 ut
684 3646 737 3702 per
760 3631 871 3701 virgam
892 3628 943 3684 Dei
997 3636 1074 3693 Petit
1091 3635 1127 3691 ub
1150 3651 1184 3691 eu
1207 3637 1243 3692 El
1256 3637 1318 3706 ejus
1339 3637 1477 3690 conuentu
1497 3637 1626 3690 mutuum
1639 3635 1845 3706 fraternitatis

89 3723 347 3798 congregationem
374 3725 538 3777 sanctornm
574 3718 725 3776 sustineat.
755 3718 811 3776 Sed
833 3717 942 3773 donum
1328 3703 1514 3762 consortium.

90 3816 141 3872 Ilei
155 3813 278 3870 tibiboc
293 3809 424 3882 inspiret,
439 3825 457 3864 o
471 3808 542 3876 filia,
560 3814 590 3863 ut
605 3806 805 3878 lumeuipsius
819 3805 942 3877 diligen·
1033 3814 1066 3869 Η,
1082 3810 1211 3868 nominas
1226 3815 1255 3866 el
1269 3811 1355 3867 metri
1367 3809 1496 3879 amabili,
1511 3809 1651 3882 religione
1661 3811 1844 3884 acdignitate

89 3910 133 3960 ter
148 3903 236 3958 forss-
252 3899 388 3965 Quaecnn
411 3901 509 3954 autem
531 3899 636 3951 natura
658 3894 785 3950 hominis
809 3899 863 3963 est.
878 3909 943 3964 que
996 3899 1164 3968 venerabili,
1189 3899 1220 3956 1..
1245 3899 1311 3954 ticet
1343 3899 1462 3970 inatgna
1496 3899 1640 3956 abbatisse
1663 3901 1694 3955 in
1725 3901 1844 3956 unbem-

89 3995 120 4050 iu
135 3990 238 4064 primo
252 3993 317 4044 ortu
333 3988 395 4058 ejus
409 3984 594 4041 sicutfumus
612 3983 752 4051 ascendit,
768 3982 873 4038 ΘΗΜ
891 3980 943 4036 d0·
996 3988 1084 4045 barch
1108 3987 1194 4055 dicta,
1215 4003 1272 4043 una
1300 4003 1365 4043 cum
1396 3988 1533 4044 omnibus
1557 3988 1613 4043 sibi
1646 3989 1846 4047 commissise

89 4084 185 4138 lorem
200 4081 231 4133 et
244 4075 468 4133 amaritudinem
481 4077 584 4146 portaf,
606 4089 640 4129 tc
656 4072 723 4128 huic
745 4072 844 4127 multe
864 4068 943 4142 0θεὶ-
999 4080 1068 4147 Deo,
1090 4077 1231 4150 quidquid
1257 4077 1334 4133 valet
1356 4075 1511 4132 humilium
1532 4077 1635 4134 devota
1657 4081 1686 4133 et
1710 4077 1846 4152 frequens

89 4170 227 4234 tationes,
243 4171 273 4222 et
287 4164 375 4220 timor
387 4167 475 4236 atque
500 4162 632 4218 dubietas
646 4177 676 4217 se
702 4161 861 4233 implicant.
885 4159 943 4213 lloc
998 4166 1101 4224 oratio.

90 4255 269 4329 martyrium
292 4259 335 4322 ²¹¹»
359 4252 430 4320 fllifls
455 4251 557 4319 htbffli
584 4267 618 4306 ὅθ
629 4249 660 4306 in
675 4266 709 4305 ⁰⁰
723 4248 897 4321 ³⁰8⁰⁸2i⁸¹¹²2
915 4251 945 4302 0²
962 4273 987 4330 p
1038 4254 1211 4312 beatitudini
1218 4257 1318 4311 vestras
1333 4254 1363 4310 in
1374 4253 1485 4312 Christo
1499 4254 1742 4327 congaudeamus,
1758 4273 1848 4329 quan·

91 4351 243 4412 timorem,
268 4347 298 4399 ⁰2
332 4342 460 4398 d⁰¹⁰rem
485 4340 516 4397 51¹
548 4340 683 4412 oellflittlt
718 4338 786 4394 liloe
811 4336 944 4393 sustinet·
999 4351 1061 4401 tum
1080 4360 1134 4418 pro
1163 4344 1281 4400 modulo
1306 4349 1402 4400 nostro
1432 4343 1570 4411 valemus,
1596 4344 1675 4416 quod
1698 4345 1847 4414 Dominus,

94 4436 148 4493 Sed
162 4430 311 4490 tamenin
329 4431 384 4485 hac
401 4433 484 4501 parte
510 4428 630 4500 plurimi
652 4426 743 4482 uncti
768 4426 842 4481 sicul
867 4439 944 4480 mtr-
1000 4434 1051 4507 qui
1064 4449 1114 4489 vos
1128 4431 1270 4504 praescivit
1284 4437 1313 4486 st
1327 4431 1381 4488 sibi
1396 4431 1554 4504 praeelegit,
1579 4433 1683 4489 nostris
1707 4435 1849 4506 tempori·

92 4531 173 4597 tyros
195 4521 231 4577 ad
254 4521 344 4576 Deum
365 4517 495 4574 veniunt·
522 4521 563 4572 At
585 4517 651 4572 ideo
675 4521 705 4573 0¹
727 4520 759 4572 tu
783 4512 947 4570 0⁰¹1fid⁰i¹¹
1000 4524 1055 4581 bus
1068 4519 1342 4594 spirituprophetise
1356 4520 1551 4576 illustraritac
1565 4521 1767 4594 replevitllos
1780 4539 1849 4595 ergo

93 4615 201 4680 Ileum,
215 4609 286 4682 quia
299 4624 359 4664 non
373 4606 557 4679 derelinquet
568 4609 608 4673 te,
627 4609 657 4662 et
680 4604 804 4677 Spiritus
833 4606 947 4660 sauctus
1000 4611 1145 4684 pmcjpuo
1168 4611 1199 4665 in
1224 4610 1279 4665 1100
1300 4608 1429 4666 christus
1450 4608 1614 4680 laetificavit,
1640 4610 1717 4682 quod
1733 4626 1849 4666 nomo.

93 4700 228 4757 dolorem
243 4701 327 4753 tuum
341 4696 465 4752 minuet.
1001 4701 1061 4756 lum
1078 4700 1113 4754 ad
1128 4697 1183 4754 hoc
1201 4713 1251 4753 vos
1265 4713 1298 4752 ex
1317 4697 1443 4752 femineo
1458 4713 1527 4752 sexu
1541 4697 1675 4770 previdit
1688 4702 1718 4753 et
1737 4698 1850 4770 prede-

403 4799 571 4858 gprspoffl
582 4799 646 4856 clx,
1002 4787 1128 4856 stinavit,
1144 4801 1246 4843 aarum
1261 4786 1366 4842 multus
1381 4785 1541 4858 gratiacus
1555 4802 1607 4858 par
1633 4785 1793 4841 doctrinam
1814 4785 1850 4841 il-

147 4892 178 4930 n.
200 4889 351 4930 casanata
385 4889 422 4930 ut
451 4885 622 4927 csoucfltat
638 4886 673 4925 Δῠ
692 4883 893 4925 Blwttffltssll·
1002 4875 1165 4933 fuminavit.
1180 4874 1360 4946 Quapropter
1380 4878 1475 4945 grates
1499 4873 1690 4946 permaximas
1717 4871 1774 4944 ipsi
1796 4889 1849 4946 pro

153 4964 196 5020 Ut
213 4961 284 5036 quid
297 4965 329 5018 in
342 4978 372 5018 se
384 4963 561 5017 correctione
580 4957 701 5032 dium
719 4959 758 5014 tt'l
776 4955 894 5012 indict!-
1002 4965 1084 5023 vobis
1099 4964 1262 5028 referimus,
1277 4970 1306 5018 et
1320 4962 1425 5019 humili
1437 4962 1646 5046 supplicatione
1658 4961 1850 5034 deposuimus,

131 5061 325 5129 tlvnuaosauv,
345 5056 453 5112 summi
496 5054 714 5112 patrisfamilias
748 5053 852 5109 domus
880 5067 950 5124 pro·
1003 5059 1037 5110 ut
1050 5069 1115 5127 qum
1128 5053 1160 5110 in
1181 5051 1262 5108 vobis
1275 5051 1360 5125 coepit
1383 5052 1540 5108 clementer
1554 5051 1694 5122 perficiat,
1709 5051 1801 5107 donec
1814 5052 1851 5108 ad

96 5142 171 5206 vide
211 5145 424 5219 dispensatrici,
463 5147 497 5200 ll.
539 5144 576 5199 de
607 5142 768 5200 crouchdal
808 5139 952 5197 abbatissa
1005 5147 1113 5200 veterna
1140 5141 1287 5214 perducat.
1314 5141 1439 5198 Petimus
1468 5139 1557 5212 igitur
1575 5140 1678 5196 obnixe
1702 5145 1735 5196 ut
1756 5155 1808 5196 nos
1822 5139 1853 5196 in

97 5236 222 5296 humilis
240 5242 270 5292 et
295 5236 428 5307 indigna,
456 5237 619 5290 maternam
641 5229 855 5288 venerationem
884 5244 952 5286 cum
1005 5231 1183 5289 consortium
1207 5227 1391 5286 fraternitatis
1405 5233 1509 5284 vestrm
1530 5228 1691 5300 dignemini
1714 5227 1852 5302 recipere,

99 5346 133 5386 ea
143 5343 208 5403 qua
219 5327 253 5383 in
271 5324 386 5383 Christo
399 5324 559 5396 conjunctas
573 5339 673 5380 sumus
684 5321 832 5378 charitate.
1006 5324 1035 5376 et
1048 5334 1101 5376 uos
1114 5324 1213 5375 sancto
1237 5317 1391 5375 conventui
1414 5321 1510 5373 vestro
1538 5316 1677 5374 studeatis
1703 5333 1854 5375 commem
1964 5361 1972 5368 .

134 5421 295 5489 Postquam
306 5414 355 5473 din
371 5413 533 5471 desiderata
553 5410 707 5484 prasentia
729 5415 760 5467 et
783 5409 953 5467 affabilitas
1007 5408 1086 5475 dare,
1115 5411 1145 5464 st
1163 5404 1392 5464 commonitoriis
1416 5403 1520 5462 litteris
1546 5403 1650 5462 vestris
1670 5420 1724 5462 nos
1747 5405 1854 5463 confir·

99 5514 207 5578 sesua,
231 5505 293 5562 lieo
308 5503 482 5576 opitulante,
505 5500 600 5558 merui
622 5497 755 5568 relevari,
770 5497 953 5570 apusillani·
1007 5510 1097 5554 mma.
1113 5496 1210 5552 Valeat
1228 5493 1343 5552 dilectio
1357 5497 1460 5550 vestra.

283 5605 425 5676 Parnon.
450 5600 592 5669 cxcvii.
1660 5598 1698 5659 ll
