3984 6034
162 273 214 330 ldb
886 271 915 326 S.
934 268 1182 326 illbDEGAllDlS.
1858 267 1912 324 436

161 422 227 463 cum
242 406 399 478 apostolica
425 405 555 463 doctrina
569 409 636 476 post
659 410 781 460 mortem
804 403 869 459 Filii
893 403 944 461 liei
971 419 1002 460 se
1019 403 1202 473 Ascindens,
1221 408 1249 458 et
1263 402 1340 458 unde
1353 401 1384 457 in
1398 401 1522 473 peccatis
1544 406 1602 458 tais
1620 403 1741 476 jacens:
1756 401 1811 459 laci
1832 404 1913 477 quod

161 511 215 567 per
234 499 328 550 totum
350 495 451 551 orbem
465 498 609 548 terrarum
630 491 752 548 dilludit.
776 492 828 547 Sed
855 497 884 547 et
911 493 1008 564 imago
1063 489 1191 546 Ezechiel
1216 507 1314 546 servus
1345 507 1425 546 meus
1457 491 1594 562 loquitur,
1618 490 1717 547 dicens
1741 507 1749 547 t
1774 491 1914 565 Expandi

162 585 212 641 illa
224 584 314 640 oculis
329 584 431 640 orbata
444 587 488 638 est
502 599 605 639 manus
619 599 685 637 suas
710 582 764 638 sub
778 582 886 637 axellas
907 586 1009 638 tenens
1062 578 1198 636 amictum
1211 594 1306 635 mecm
1318 595 1406 651 snper
1416 581 1453 646 te,
1467 582 1494 635 et
1506 577 1803 652 aperniipucms'niam
1820 583 1912 648 tuam,

162 651 232 746 guia
254 673 406 745 Synagoga
430 672 459 726 in
483 687 579 726 veram
599 672 693 726 lucem
719 686 777 725 non
801 670 920 741 aspexit,
942 687 1008 726 curn
1061 663 1357 735 etjurans‘tibs'etinii
1373 670 1490 738 poclum
1506 669 1597 722 tecum
1621 668 1810 738 (uzacum).
1829 669 1911 734 Quod

163 761 351 832 Unigenitum
368 761 418 816 liei
442 759 746 830 indespactuhabuit.
772 759 852 815 Unde
873 764 903 814 et
921 775 1010 831 opera
1062 753 1167 810 dicitur
1194 771 1201 810 ι
1227 757 1284 826 Ego
1309 756 1396 810 Filias
1429 756 1567 810 altissimi
1587 757 1617 810 in
1643 757 1792 812 voluntate
1821 757 1913 812 Patris

159 848 280 921 justitie
300 849 330 903 in
354 848 439 903 tedio
462 848 529 902 boni
552 847 647 919 operis
670 851 700 902 et
723 852 837 918 torpore
866 863 928 901 ase
948 863 1009 901 non
1062 845 1120 898 mai
1139 843 1254 899 extendi
1268 844 1494 898 incarnacionem
1512 861 1617 912 meam,
1643 861 1659 898 o
1682 844 1846 918 Synagoge,
1864 863 1913 900 su-

163 937 318 1009 projiciens
345 935 425 1007 tegit,
450 942 480 990 et
503 951 538 990 ea
559 936 639 990 velut
658 951 717 991 non
741 934 798 990 sint
830 935 1011 1007 negligenter
1063 947 1116 1004 per
1137 937 1176 1001 te,
1191 931 1219 987 id
1236 937 1278 987 est
1293 948 1345 1003 pro
1363 933 1453 988 salute
1468 938 1528 1000 tua,
1545 934 1677 988 auterens
1706 940 1819 1006 peccata
1845 940 1911 1002 tua,

164 1024 321 1079 abscondit.
344 1022 405 1078 Stat
426 1023 508 1093 jrrxta
537 1023 627 1078 altere
650 1023 727 1095 qued
751 1028 795 1077 est
819 1027 886 1078 aute
913 1025 1011 1080 oculos
1063 1035 1128 1091 quae
1151 1019 1181 1074 iu
1207 1020 1304 1074 multis
1329 1019 1520 1076 oblivionibus
1544 1025 1662 1092 operata
1685 1038 1725 1087 es,
1748 1027 1777 1076 et
1799 1021 1914 1077 tlrmavi

164 1107 224 1174 liei,
258 1109 307 1163 sed
340 1109 435 1180 ipsum
467 1126 526 1165 nou
557 1111 661 1182 tangit,
679 1111 817 1182 quoniam
841 1112 936 1182 legem
960 1112 1009 1168 liei
1063 1107 1116 1163 tibi
1138 1107 1296 1162 remedium
1317 1107 1492 1177 salvationis,
1516 1109 1556 1164 ita
1575 1109 1650 1181 quod
1674 1109 1777 1164 itinera
1798 1109 1915 1166 loederis

164 1212 251 1269 quam
267 1197 365 1253 divino
378 1202 522 1271 praecepto
538 1204 567 1254 et
589 1199 686 1255 divina
709 1198 885 1270 inspectione
901 1201 1012 1271 accepit
1065 1197 1123 1252 mei
1138 1198 1172 1252 ad
1186 1196 1309 1252 salutem
1323 1200 1403 1252 tuam
1419 1198 1608 1266 manifestavi,
1624 1213 1688 1252 cnm
1713 1215 1807 1254 veram
1823 1200 1914 1254 iidem

163 1282 312 1339 incortice
327 1284 442 1355 quidem
465 1285 552 1351 novit,
572 1285 623 1341 sed
642 1301 706 1342 eam
722 1287 843 1342 interius
857 1303 918 1342 uon
940 1287 1011 1342 teti·
1064 1302 1116 1358 per
1140 1285 1328 1358 apostolicam
1357 1285 1518 1340 doctrinam
1543 1287 1597 1341 tibi
1629 1287 1740 1358 aperui,
1769 1292 1914 1358 quatenus

164 1371 215 1442 git,
233 1371 301 1443 quia
318 1387 381 1426 eam
397 1373 494 1445 potius
514 1375 666 1430 abhorruit
689 1391 776 1447 qnam
802 1375 942 1444 dilexerit,
965 1393 1011 1431 sa·
1064 1379 1206 1445 precepta
1236 1389 1300 1428 mee
1333 1373 1497 1430 observares
1521 1375 1609 1429 veluti
1643 1375 1747 1429 mulier
1777 1375 1914 1447 potestati

164 1457 272 1514 crificia
304 1463 334 1515 et
366 1461 514 1517 incensum
552 1462 719 1518 devotarum
754 1464 918 1519 orationum
953 1467 1010 1522 lteo
1066 1461 1160 1516 mariti
1174 1461 1218 1516 sui
1242 1461 1387 1532 subjacere
1412 1463 1505 1517 debet.
1533 1463 1603 1518 Nam
1625 1464 1808 1534 asperitatem
1833 1470 1914 1518 exte-

164 1546 267 1602 ollarre
293 1549 451 1620 negligens.
469 1550 524 1606 Sed
550 1551 580 1606 in
606 1552 692 1606 corde
714 1551 803 1623 ipsius
835 1556 892 1608 stet
918 1552 1011 1608 Abra·
1064 1549 1150 1604 ricris
1182 1549 1292 1620 legise
1324 1556 1352 1604 te
1379 1549 1495 1616 abstuli,
1517 1555 1546 1604 et
1569 1553 1737 1606 scaevitatem
1756 1552 1916 1624 spiritualis

163 1635 241 1704 bam,
262 1636 402 1708 quoniam
421 1637 538 1693 initium
559 1639 787 1696 circumcisionis
807 1639 839 1695 in
860 1641 1010 1714 synagoga
1066 1637 1204 1694 doctrine
1219 1637 1271 1692 tibi
1286 1638 1350 1694 dedi
1376 1655 1408 1693 ac
1422 1639 1520 1694 omnia
1545 1641 1680 1710 mysteria
1705 1655 1769 1694 urea
1796 1641 1825 1695 in
1850 1641 1915 1712 spi-

164 1723 229 1796 ipse
249 1724 313 1781 tuit.
338 1726 373 1780 Et
394 1725 425 1780 in
446 1732 561 1798 pectore
582 1727 644 1799 ejus
665 1729 765 1796 ldcses,
789 1729 857 1802 quia
879 1729 909 1784 in
932 1747 1011 1802 pre·
1068 1725 1218 1782 ritualibus
1242 1726 1379 1782 doctrinis
1408 1743 1459 1798 per
1487 1729 1687 1799 memetipsum
1711 1728 1763 1784 tibi
1787 1729 1912 1795 ostendi,

164 1810 263 1866 cordia
286 1811 439 1868 bominum
464 1813 591 1869 divinam
618 1814 711 1887 legem
735 1815 783 1871 itte
805 1817 910 1885 attulit,
933 1819 1012 1872 acin
1066 1814 1115 1868 sed
1144 1819 1174 1868 tu
1205 1829 1251 1868 me
1271 1814 1382 1885 Justum
1412 1815 1575 1882 deseruisti,
1600 1821 1628 1870 et
1651 1817 1765 1872 diabolo
1788 1821 1815 1872 te
1839 1834 1912 1874 con·

166 1904 266 1954 ventre
288 1899 393 1972 reliqui
412 1901 572 1973 prophete,
591 1902 622 1957 id
647 1908 689 1958 ast
711 1904 741 1958 in
760 1903 941 1961 institutione
962 1904 1012 1960 ille
1063 1901 1193 1974 junxisti.
1217 1901 1270 1960 Sed
1291 1909 1333 1970 tu,
1354 1919 1371 1957 c
1395 1903 1492 1970 bomo,
1519 1904 1645 1975 intellige
1669 1920 1676 1959 :
1701 1910 1730 1960 ut
1744 1904 1914 1962 samsonem

167 2003 232 2058 quae
246 1987 303 2058 ipsi
325 1988 463 2044 divinitus
486 1989 591 2045 tradita
613 1990 717 2060 luerat,
742 1991 919 2064 inspectores
938 1993 1013 2048 divi-

166 2089 272 2130 uorum
302 2081 522 2147 preceptorum.
556 2078 668 2150 Singuli
695 2079 777 2151 sigua
811 2096 863 2134 sua
892 2081 1012 2137 demeu-

166 2167 290 2220 strentes
311 2168 340 2219 et
363 2163 608 2234 pulchritudinem
629 2183 713 2222 novae
734 2183 845 2240 sponsae
867 2168 1013 2224 admiran-

166 2255 219 2317 tes,
235 2251 373 2323 quouiam
395 2253 451 2324 ipsi
474 2255 619 2326 magnalia
640 2257 800 2328 prophetiae
823 2274 883 2313 suoe
903 2259 933 2314 in
956 2259 1012 2314 mi·

166 2338 307 2395 rabilibus
326 2340 415 2413 siguis
434 2343 630 2413 ostenderunt,
646 2349 675 2400 et
694 2345 904 2416 speciositatem
926 2363 1013 2419 gene-

168 2426 294 2482 rositatis
306 2429 438 2485 Ecclesia
452 2429 482 2484 iu
497 2431 588 2486 multa
606 2432 796 2489 admiratione
817 2436 1010 2490 attenderunt.

1066 2006 1140 2046 uxor
1159 1990 1398 2062 ipsiusdeseruit,
1414 1990 1454 2045 ita
1475 1992 1550 2063 quod
1573 1993 1681 2047 lumine
1706 2009 1758 2048 suo
1782 1994 1915 2064 privatus

1067 2086 1119 2145 est,
1133 2079 1173 2134 sic
1188 2085 1217 2134 et
1239 2079 1388 2150 synagoge
1412 2079 1515 2134 Filium
1532 2079 1580 2134 liei
1604 2081 1741 2148 desernit,
1763 2097 1828 2136 cum
1843 2098 1914 2138 cnm

1067 2167 1208 2222 obdurata
1231 2167 1348 2238 sprevit,
1371 2172 1486 2222 etcum
1513 2168 1672 2224 doctrinam
1704 2169 1782 2224 illias
1797 2170 1913 2241 abjecit.

1066 2255 1120 2311 Sed
1136 2258 1286 2326 postquam
1302 2254 1473 2326 capilliejus
1481 2255 1542 2326 jam
1562 2257 1654 2310 renati
1679 2264 1755 2324 sunt,
1771 2257 1811 2312 ita
1834 2259 1914 2328 quod

1067 2341 1190 2397 Ecclesia
1211 2341 1259 2396 liei
1273 2341 1432 2396 contortata
1446 2346 1499 2408 est,
1524 2341 1612 2396 Filius
1628 2341 1679 2396 uei
1699 2343 1915 2399 infortitudine
1981 2365 1982 2388 t

1067 2446 1119 2484 sua
1133 2429 1314 2501 Syuagogum
1330 2428 1446 2500 dejecit,
1465 2435 1494 2484 et
1517 2434 1598 2484 natos
1622 2429 1700 2485 illius
1723 2431 1913 2488 exheredita-
1981 2419 1982 2458 ³

167 2515 233 2585 ipsa
254 2531 322 2571 varo
343 2521 431 2573 tantae
456 2519 664 2590 magnitudini,
685 2503 805 2594 appafet
827 2523 905 2577 vetut
925 2521 1013 2579 alien:
1066 2517 1117 2583 vit,
1133 2532 1198 2572 cum
1220 2516 1305 2571 etiam
1326 2532 1378 2587 per
1400 2517 1523 2589 gentiles
1545 2518 1635 2572 ileum
1660 2518 1827 2590 ignorantes
1850 2522 1914 2576 zelo

163 2603 213 2674 jus
236 2603 360 2659 civitatis
385 2605 525 2661 altissima
552 2608 649 2677 turris,
685 2609 755 2681 quia
782 2611 1010 2682 magnitudinem
1069 2605 1119 2661 uei
1133 2604 1248 2660 contriti
1264 2608 1345 2671 eunt3
1361 2605 1423 2676 ipsa
1443 2604 1521 2659 enim
1542 2606 1640 2660 multis
1654 2607 1800 2663 erroribus
1824 2609 1916 2663 totius

166 2691 329 2748 divinorum
351 2700 562 2765 preceptorum
582 2697 750 2768 suscipiens,
767 2699 960 2755 munitionem
983 2703 1014 2755 et
1066 2693 1243 2749 confusionis
1262 2697 1290 2746 el
1309 2692 1469 2747 schismald't
1488 2709 1518 2746 se
1534 2691 1710 2764 'subjecerat
1736 2701 1766 2750 et
1787 2695 1818 2751 in
1837 2712 1915 2767 prte-

166 2779 362 2837 defensionem
376 2782 482 2837 nobilis
503 2787 533 2839 et
552 2783 650 2840 electae
671 2785 792 2842 civitatis
815 2788 1014 2858 pronuntiavit
1068 2779 1289 2836 varictlifflibffi
1319 2781 1407 2836 2⁰¹5*ss
1437 2781 1599 2852 inituim
1631 2798 1661 2836 ³⁰
1683 2784 1832 2855 imnum&
1857 2785 1916 2842 Sed

166 2868 276 2925 babens
290 2869 321 2925 iu
332 2871 425 2944 capite
438 2887 490 2926 suc
505 2871 588 2944 quasi
602 2873 742 2929 circulum
751 2873 875 2930 similem
888 2891 1011 2944 aurore,
1068 2871 1154 2924 etiam
1178 2869 1419 2940 quemadmdum
1445 2870 1534 2924 Dsstid
1556 2871 1683 2939 l¹¹¹⁰l⁶³m
1712 2887 1794 2927 ⁵⁰³0}
1824 2888 1915 2944 ‘lum

166 2959 235 3029 grtia
248 2958 374 3014 Ecclesia
396 2957 428 3014 iu
447 2964 512 3015 ortu
536 2975 589 3014 suo
613 2961 784 3016 miraculum
807 2963 1012 3018 incarnationis
1033 2957 1121 3047 csibi
1143 2957 1277 3029 primitus
1295 2956 1516 3028 dt⁵l³⁰¹¹⁸³l0i⁸l
1540 2963 1569 3013 0²
1594 2974 1660 3031 ‘1¹¹2
1683 2976 1748 3016 ⁰¹¹¹ss
1771 2960 1827 3016 8¹¹⁰
1851 2961 1915 3016 Vim

169 3045 313 3118 Unigeniti
349 3046 401 3102 Dei
435 3047 618 3117 monstravit,
653 3054 683 3103 et
715 3049 805 3104 claras
831 3050 952 3106 virtutes
979 3066 1013 3105 ec
1067 3063 1097 3102 se
1112 3047 1266 3118 polluerat,
1288 3045 1404 3102 nudem
1427 3047 1578 3114 revocarit,
1603 3047 1643 3102 ita
1665 3049 1752 3104 etiam
1778 3055 1806 3104 et
1823 3049 1913 3106 Filius

168 3133 388 3205 mysteriaque
409 3140 572 3206 sequuntur
597 3136 736 3203 ostendit;
758 3152 826 3192 nam
849 3138 912 3210 ipsa
935 3138 1014 3194 velut
1068 3133 1119 3189 Del
1140 3134 1322 3206 synagogem
1344 3135 1422 3206 (quse
1444 3133 1498 3190 sibi
1513 3135 1638 3206 primum
1663 3137 1693 3191 in
1715 3138 1916 3194 incarnatione

31 3271 36 3280 ,
99 3258 102 3264 -
167 3221 264 3292 primo
287 3235 372 3276 mane
404 3227 541 3278 coronata
573 3224 635 3293 luit,
659 3239 724 3279 cum
752 3225 849 3281 divina
871 3231 1014 3299 precepta
1068 3224 1294 3294 conconjuncta
1318 3223 1384 3290 tuit,
1408 3222 1458 3278 sed
1481 3223 1603 3294 gratiam
1624 3224 1760 3297 baptismi
1779 3226 1918 3281 deserens

168 3309 288 3380 accepit,
315 3308 470 3381 designans
500 3311 600 3381 Adam,
623 3313 673 3385 qui
704 3313 832 3384 primurn
853 3315 1013 3387 jussionem
1068 3310 1217 3366 diabolum
1233 3315 1330 3366 secuta
1343 3309 1398 3382 est)
1412 3311 1527 3366 tandem
1547 3312 1622 3367 circa
1639 3312 1825 3369 novissimum
1839 3319 1915 3370 tem-

170 3395 221 3450 ltei
245 3398 384 3469 percepit,
410 3396 461 3453 sed
482 3403 583 3469 postea
603 3399 635 3455 in
660 3403 889 3473 transgressione
913 3419 965 3458 sua
983 3403 1014 3458 in
1067 3413 1122 3469 pus
1137 3397 1264 3470 recipiet,
1281 3398 1332 3454 ubi
1357 3398 1420 3470 ipsa
1440 3414 1552 3455 errores
1576 3400 1752 3456 infidelitatis
1775 3417 1834 3457 suae
1859 3402 1915 3457 de-

170 3484 476 3540 mortemcecidit.Sic
497 3490 526 3541 et
546 3486 638 3543 iudei
660 3487 867 3562 lacerantum
886 3491 1014 3546 divinam
1068 3501 1166 3542 terent
1195 3486 1228 3541 ud
1260 3486 1358 3541 lumen
1388 3486 1513 3541 veritalis
1535 3487 1650 3543 redibit.
1682 3489 1752 3544 Num
1782 3489 1916 3545 diabolus

168 3571 263 3644 legem
278 3573 413 3644 primitus
426 3581 623 3646 susceperunt,
639 3577 689 3632 sed
713 3577 817 3634 deinde
840 3579 945 3635 Filium
965 3579 1015 3635 [tei
1069 3579 1252 3650 Synagogem
1266 3578 1296 3632 in
1313 3577 1438 3633 cecitate
1452 3579 1530 3634 illius
1544 3578 1650 3651 rapuit
1670 3584 1699 3634 et
1724 3596 1787 3636 earn
1808 3581 1916 3637 inflde·
1982 3607 1983 3624 κ

169 3660 201 3716 iu
221 3661 421 3718 incredulitate
442 3679 495 3718 sna
508 3663 684 3735 abiecerunt.
707 3666 762 3722 Sed
785 3671 814 3722 ct
831 3667 905 3722 sicut
926 3669 1014 3724 tremo
1067 3664 1141 3721 litati
1163 3666 1194 3721 iu
1229 3665 1326 3720 multis
1350 3665 1496 3720 erroribus
1518 3667 1644 3736 tradidit,
1670 3683 1722 3723 uec
1746 3668 1799 3724 boc
1823 3685 1916 3742 usqne
1982 3655 1983 3676 ¹

169 3765 222 3822 per
235 3755 357 3807 mortem
373 3751 519 3822 Unigeniti
535 3753 586 3807 liei
608 3754 683 3808 circe
697 3754 885 3811 novissimum
900 3761 1015 3830 tempos
1069 3753 1105 3810 ed
1120 3753 1213 3810 illium
1235 3752 1406 3824 perditionis
1435 3753 1526 3809 lacere
1551 3756 1682 3811 cessabit.
1709 3756 1763 3822 Qui
1785 3757 1854 3812 dum
1881 3759 1916 3813 in

169 3839 205 3894 de
234 3838 395 3911 perditione
419 3841 519 3894 mortis
541 3847 658 3912 ereptus
676 3847 728 3912 est,
750 3843 792 3898 its
812 3848 842 3899 et
863 3845 1015 3919 synagoga
1069 3842 1242 3898 exaltatione
1273 3841 1414 3913 superbiae
1434 3857 1493 3897 sne
1522 3843 1656 3900 ceciderit
1683 3845 1756 3900 sicut
1785 3846 1852 3902 Saul
1882 3846 1916 3902 in

117 3953 121 3960 ·
168 3929 235 3981 aute
267 3925 453 3982 ucmmimnm
483 3926 560 3983 diem
589 3944 640 3999 per
667 3929 794 3986 divinam
829 3931 1014 3989 clementiam
1068 3935 1166 3985 monte
1181 3930 1286 3986 Gelbes
1301 3930 1577 4003 interiectusperiit,
1593 3933 1645 4005 qui
1662 3933 1750 3989 David
1774 3934 1809 3989 da
1834 3939 1915 3990 terra

168 4013 288 4070 excitata
309 4014 540 4070 incredulitatem
564 4016 686 4081 deseret,
711 4023 741 4074 et
763 4017 799 4074 ed
820 4020 1014 4092 cognitionem
1070 4033 1121 4074 sua
1130 4018 1288 4091 fugaverat,
1306 4019 1337 4072 ut
1351 4016 1428 4074 filius
1450 4018 1612 4090 iniquitatis
1633 4021 1736 4076 Filium
1764 4039 1861 4078 meum
1884 4023 1918 4080 iu

171 4100 222 4156 liei
245 4099 385 4156 veraciter
409 4103 567 4173 perveniet.
598 4104 672 4169 Quid
692 4105 767 4163 boet
789 4108 889 4163 Nonne
911 4123 1016 4164 aurore
1070 4105 1166 4161 electis
1192 4105 1250 4160 suis
1282 4105 1422 4177 expellere
1448 4107 1579 4175 tentabit,
1607 4114 1676 4164 tunc
1703 4111 1790 4166 Filius
1821 4128 1915 4182 meus,

169 4191 236 4243 aute
251 4189 342 4245 solem
357 4189 504 4246 escendit?
521 4191 576 4246 Sed
600 4207 705 4248 aurore
729 4194 835 4251 recedit
850 4199 880 4250 et
902 4196 1016 4252 claritas
1068 4193 1242 4250 Antichristo
1272 4193 1393 4266 dejecto,
1422 4195 1603 4268 synagogam
1639 4198 1675 4253 ad
1702 4215 1799 4254 veram
1825 4199 1917 4256 fldem

170 4275 411 4348 solispermsnet.
437 4278 511 4345 Ouid
530 4281 604 4337 boc?
628 4281 714 4338 Vetus
737 4283 950 4341 Testamentum
974 4300 1018 4342 re·
1034 4282 1212 4339 ttrevocebit
1227 4281 1472 4354 quemadmodum
1487 4289 1516 4338 et
1539 4284 1627 4339 David
1649 4286 1771 4357 primam
1796 4303 1915 4343 risorem

170 4363 263 4431 cessit,
292 4369 320 4421 et
348 4365 454 4420 venitm
482 4367 629 4441 Evangelii
662 4377 821 4443 permanet,
854 4373 922 4444 quie
948 4389 1014 4446 quaa
1069 4385 1151 4426 suam
1172 4374 1378 4442 postmortem
1401 4369 1494 4426 Saulis
1517 4373 1647 4444 recepit:
1672 4390 1736 4428 cum
1760 4375 1838 4430 enlm
1860 4376 1915 4432 bo·

169 4450 283 4524 antiqui
303 4451 335 4508 in
353 4453 501 4526 {legalibus
520 4456 769 4515 observationibus
788 4460 943 4515 carnaliter
964 4462 1015 4516 cb·
1068 4459 1185 4516 sissimo
1208 4465 1339 4531 tempore
1355 4459 1486 4515 homines
1513 4461 1595 4516 illum
1618 4477 1671 4533 per
1693 4480 1780 4535 quern
1802 4465 1915 4537 decepti

168 4540 332 4611 servabant,
347 4541 409 4598 hec
431 4558 521 4598 novus
539 4547 666 4617 populus
683 4547 715 4603 iu
733 4547 812 4604 Novo
832 4539 1015 4606 Testamenta
1068 4547 1183 4603 linerent
1217 4547 1325 4603 victum
1361 4547 1501 4616 viderint,
1528 4549 1563 4604 ad
1597 4551 1673 4604 viam
1712 4551 1812 4606 salutis
1846 4568 1913 4608 cum

169 4629 359 4702 spiritualiter
388 4637 512 4704 exercet,
541 4636 681 4706 quoniam
709 4637 786 4709 qnod
809 4636 852 4692 itti
874 4636 905 4692 in
928 4653 1014 4694 carne
1068 4635 1160 4690 multa
1180 4634 1361 4690 testinatione
1383 4639 1541 4692 recurrent.
1565 4637 1628 4693 lton
1652 4643 1748 4694 annm
1772 4639 1868 4695 decuit
1884 4646 1916 4696 ut

168 4718 366 4786 ostendemus,
397 4719 452 4776 hcc
478 4721 527 4777 isti
558 4723 590 4778 in
615 4723 721 4796 ,piritu
748 4725 912 4796 perficiunt,
942 4727 1014 4782 Nam
1067 4721 1171 4776 veritas
1190 4721 1337 4793 Evangelii
1351 4722 1485 4778 umbram
1506 4722 1579 4796 legis
1600 4728 1816 4796 praenuntiaret,
1837 4743 1913 4800 quo·

168 4805 347 4862 circumcisio
366 4823 427 4864 non
453 4809 550 4880 periit,
572 4811 642 4884 qnia
664 4813 696 4868 in
718 4813 895 4885 baptismum
917 4819 1015 4870 nans-
1069 4811 1145 4863 niam
1178 4809 1259 4864 decet
1291 4815 1323 4864 ut
1354 4811 1480 4866 carnalia
1501 4818 1679 4884 precurrant
1701 4820 1729 4868 et
1752 4815 1914 4887 spiritualia

169 4895 226 4950 lata
241 4899 294 4962 est,
309 4900 343 4951 ut
356 4896 435 4952 euim
456 4897 500 4953 illi
515 4898 547 4954 in
568 4915 627 4955 uuo
652 4901 783 4958 membro
807 4902 914 4974 signati
935 4905 1013 4971 sunt,
1068 4895 1289 4969 substituuntur,
1309 4897 1378 4970 quit
1415 4897 1503 4954 etism
1533 4916 1631 4956 servus
1655 4901 1913 4960 dominumtuum

167 4979 209 5034 sic
234 4983 263 5036 et
283 4980 331 5036 isti
353 4980 384 5036 in
413 4982 549 5038 omnibus
574 4985 713 5042 membris
746 4986 816 5043 auis.
854 4989 933 5044 Unda
961 5004 1014 5044 sn-
1067 4989 1221 5040 veuturum
1234 4984 1365 5056 praedicit
1380 4991 1409 5041 et
1427 5001 1487 5042 nou
1507 4987 1642 5044 dominus
1664 5005 1776 5046 servum
1799 4989 1830 5045 lu
1852 5007 1914 5047 ser·

167 5067 249 5141 tique
277 5074 421 5141 praecepta
452 5087 510 5127 nou
534 5073 695 5144 perierant,
718 5074 785 5147 quia
808 5075 838 5130 in
862 5075 1013 5132 meliorem
1068 5073 1138 5130 vitio
1159 5073 1324 5145 praecurrit3
1347 5074 1387 5130 ita
1411 5079 1440 5130 et
1458 5074 1608 5147 synagoga
1629 5077 1775 5134 inumbra
1797 5079 1913 5150 signill-

167 5161 275 5213 statum
295 5158 433 5214 translata
454 5164 530 5215 suut
550 5161 642 5216 Etiam
657 5162 689 5218 in
709 5162 865 5219 novissimo
884 5169 1014 5236 tempere
1067 5161 1187 5217 ordonn
1214 5161 1375 5233 praecurrit,
1398 5167 1426 5218 et
1451 5163 1577 5220 Ecclesia
1604 5165 1634 5220 iu
1655 5165 1765 5222 lumine
1787 5167 1913 5223 veritatis

169 5244 322 5317 synagoga
342 5246 378 5302 sd
393 5247 544 5304 Ecclesiam
559 5265 589 5305 se
607 5249 731 5306 ildelitar
744 5251 905 5308 transferet.
929 5254 1013 5324 Nam,
1066 5250 1218 5306 subsecuta
1232 5255 1285 5306 est.
1303 5250 1381 5306 Unde
1396 5251 1561 5323 quicunque
1579 5253 1727 5309 utendam
1749 5255 1779 5310 in
1802 5255 1910 5327 Spiritu

167 5330 361 5406 oSynagoga,
375 5349 441 5390 cum
455 5335 487 5390 in
506 5335 604 5392 multis
626 5336 828 5410 iniquitatibus
847 5354 959 5395 errares
972 5339 1014 5395 lta
1067 5343 1164 5394 sancto
1179 5343 1208 5395 ct
1232 5353 1341 5411 pennas
1361 5338 1391 5393 in
1415 5339 1472 5394 flde
1488 5339 1584 5410 habet,
1607 5339 1662 5396 iate
1683 5341 1912 5398 admonitionem

168 5419 247 5491 quod
259 5435 326 5478 cnm
342 5423 408 5478 Basl
420 5427 450 5478 et
463 5439 530 5480 cum
545 5425 656 5481 ceteris
673 5425 721 5482 his
740 5425 883 5483 similibus
906 5433 933 5483 te
948 5428 1012 5500 pol·
1067 5441 1161 5482 meam
1181 5442 1239 5481 non
1251 5426 1488 5498 transgrediatur,
1504 5429 1632 5484 sedeam
1647 5429 1677 5484 in
1696 5435 1782 5501 gustu
1804 5431 1910 5488 animae

167 5507 274 5577 lomes,
305 5511 542 5567 consuetudinem
570 5513 643 5585 legis
673 5513 847 5587 turpissimis
882 5515 1013 5572 moribus
1066 5531 1124 5571 sure
1139 5515 1340 5587 amplectendo
1353 5514 1502 5587 percipiet.
