3984 6034
102 225 154 276 tot
270 213 279 221 ’
752 221 940 282 ΕΡΙδΤΟιιΕ.
955 253 989 264 -
1003 221 1113 282 erist.
1134 225 1203 280 titt.
1805 229 1853 281 tou

100 359 132 412 et
156 355 291 427 procellis
320 355 445 422 attritus,
474 353 553 412 iuius
583 353 710 424 lictores,
729 355 811 425 sotis
833 371 948 429 pepone
964 354 1033 415 Ain
1047 355 1153 412 lectum
1168 355 1250 412 strati
1271 354 1311 410 tui
1329 370 1375 411 me
1401 370 1504 428 ponas,
1519 355 1734 425 etrudiligsutl
1748 355 1850 414 amici·

101 447 148 516 (ll
160 444 227 502 cor.
256 445 302 514 ιιι)
328 460 439 516 passus,
455 443 561 499 obnixe
588 446 668 498 tuam
690 443 805 515 postulo
821 443 951 500 dilectio·
1005 444 1046 499 tia
1060 459 1107 500 me
1136 443 1252 499 babeas.
1279 443 1352 498 Num
1367 443 1483 515 quando
1509 444 1628 501 vulnera
1652 461 1719 500 cum
1743 445 1856 504 miseri·

99 555 180 606 nem,
194 542 228 594 ut
253 550 306 608 pro
333 548 379 588 me
404 545 502 604 preces
526 530 646 600 tondere
667 529 795 603 digneris
809 536 951 604 quatenus
1005 531 1103 588 cordia
1127 531 1223 604 ungis
1258 536 1288 588 et
1320 533 1419 604 tergis,
1446 532 1479 588 in
1507 534 1579 589 lecto
1617 539 1667 590 tuo
1693 535 1797 605 jaceo;
1826 541 1857 592 et

100 625 201 680 divine
222 619 419 678 misericordia
437 634 497 674 sue
520 618 634 691 pietatis
660 619 767 674 viscera
792 635 879 691 super
905 633 951 675 me
1005 622 1122 694 quando
1136 622 1282 695 simplices
1308 627 1338 678 st
1360 623 1434 680 bene
1456 623 1585 680 viventes
1601 639 1665 681 cum
1685 624 1855 682 benevolen-

99 713 225 787 sperist,
257 716 287 765 et
310 709 345 764 ab
376 705 511 763 omnibus
538 706 771 762 tribulationibus
794 707 952 763 clementer
1006 712 1047 768 tia
1073 711 1105 766 in
1132 712 1190 768 lleo
1213 716 1304 782 tenes,
1333 711 1365 768 in
1389 711 1523 784 diligenti
1554 713 1679 768 amicitie
1706 718 1757 771 tus
1777 729 1852 771 sum.

99 801 219 874 eripiat,
234 797 303 871 quia
319 802 349 852 et
366 795 524 866 imperetur
536 808 590 866 pro
604 795 766 864 schismate,
782 795 858 868 quod
875 811 952 852 nunc
1005 799 1062 856 Sed
1086 805 1115 856 et
1129 800 1294 858 obedientis
1320 801 1356 857 ad
1380 805 1410 857 ie
1423 801 1509 856 dicit:
1529 802 1634 858 Tecum
1659 817 1764 859 maneo
1784 819 1854 875 pro-

98 889 131 946 in
150 886 276 944 Ecclesia
300 889 353 952 est,
375 882 458 940 nobis
481 883 539 938 vim
564 882 672 940 inferre
696 889 826 940 conetur.
853 883 951 940 llemi·
1006 892 1071 959 pter
1084 887 1239 962 ligaturam
1252 889 1325 963 legis
1340 894 1371 946 et
1383 895 1595 963 praeceptorum
1614 890 1675 948 liei.
1693 892 1766 965 Ergo
1781 898 1854 948 stre-

100 979 179 1034 nlsse
193 975 300 1032 etenim
326 974 411 1030 debet
433 971 558 1028 ebaritas
585 976 645 1040 tus,
665 972 748 1046 virgo
777 974 836 1028 lieo
851 972 951 1046 digua,
1006 983 1103 1034 nocet
1115 978 1146 1034 in
1164 978 1232 1035 lorii
1254 978 1284 1033 vi
1307 993 1353 1035 me
1365 983 1443 1048 tene,
1471 993 1530 1034 non
1545 982 1578 1033 ιιι
1604 978 1743 1050 villicum,
1760 982 1808 1038 sed
1821 987 1855 1038 ut

100 1068 184 1140 quie,
197 1081 262 1122 cum
284 1079 375 1119 essem
398 1061 475 1133 apud
491 1060 669 1132 lioguutism
682 1059 951 1138 incurruejusdem
1005 1064 1193 1122 clarissimam
1226 1067 1359 1123 amicam.
1387 1068 1458 1123 Nem
1488 1067 1520 1122 in
1546 1067 1630 1123 initio
1648 1068 1784 1141 baptismi
1807 1086 1853 1126 me

100 1153 294 1229 imperatoris,
319 1151 424 1208 sanctis
453 1149 633 1206 orationibus
662 1150 718 1205 tuis
741 1149 878 1205 attentius
905 1163 951 1206 me
1005 1153 1167 1227 suscepisti,
1190 1159 1220 1210 et
1237 1155 1269 1211 in
1281 1155 1379 1228 aliqua
1393 1156 1595 1228 progressione
1616 1161 1666 1214 tna
1691 1174 1738 1214 me
1760 1158 1854 1214 tenui·

100 1241 317 1310 commendavi,
338 1255 391 1314 pro
415 1255 449 1294 eo
475 1243 507 1294 ut
533 1254 586 1311 per
610 1243 690 1294 tuam
716 1237 951 1294 intercessionem
1005 1241 1053 1310 sti,
1082 1241 1193 1298 scilicet
1217 1243 1249 1298 iu
1275 1242 1426 1315 discipline
1448 1243 1645 1315 subjectionis,
1669 1251 1698 1302 st
1723 1246 1755 1302 in
1777 1261 1853 1318 prse-

101 1337 196 1388 stetus
213 1331 279 1387 vites
308 1344 379 1385 mese
398 1327 560 1400 proiectum
584 1325 704 1382 baberet
729 1326 759 1380 in
776 1325 897 1382 Domino
923 1328 953 1382 et
1005 1330 1111 1386 latione
1125 1330 1175 1386 ubi
1202 1332 1353 1404 praeceptis
1385 1332 1435 1387 liei
1455 1332 1589 1388 obedisti.
1620 1334 1751 1390 Cbaritss
1775 1334 1852 1390 enim

101 1420 216 1476 lelicem
247 1416 536 1474 consummationem.
562 1413 744 1472 Undeetiam
769 1413 896 1485 pelliciis
920 1429 951 1469 es
1005 1417 1205 1474 materiamen
1222 1425 1274 1488 est,
1289 1424 1318 1475 st
1332 1435 1367 1474 ex
1389 1420 1439 1474 illa
1461 1423 1523 1474 orta
1539 1435 1615 1474 sum.
1645 1419 1668 1476 ι]
1696 1422 1791 1489 Pater,
1805 1437 1852 1476 sa·

102 1508 239 1582 parvitati
250 1523 333 1577 meae,
356 1511 389 1562 ut
415 1505 539 1576 acceptis
565 1503 667 1558 litteris
694 1503 776 1569 meis,
793 1503 950 1558 secundum
1004 1506 1115 1578 pientio
1135 1522 1237 1563 verum
1251 1506 1303 1563 tibi
1318 1507 1405 1563 dicit:
1428 1506 1494 1562 Esto
1511 1506 1615 1563 similis
1627 1509 1851 1579 patrisfamilias,

101 1599 181 1670 quod
199 1595 337 1652 Dominus
350 1593 519 1664 dignaretur
532 1592 583 1647 tibi
599 1592 734 1655 revelare,
748 1606 804 1646 non
815 1606 951 1662 gravare·
1005 1595 1057 1667 qui
1070 1595 1222 1652 stultitiam
1237 1595 1363 1652 illiorum
1379 1609 1499 1650 suorum
1525 1593 1614 1650 invite
1638 1596 1737 1664 audit;
1762 1601 1792 1652 et
1813 1602 1853 1653 ta

101 1685 142 1740 ris
157 1684 232 1740 mibi
261 1681 427 1739 rescribere.
455 1682 547 1752 liujus
579 1679 792 1752 pollicitationis
819 1679 949 1736 debitum
970 1661 1075 1738 Bmen
1101 1684 1286 1755 prudentiam
1319 1698 1402 1738 suam
1431 1698 1491 1738 non
1519 1681 1635 1750 deserit,
1660 1685 1739 1740 velot
1764 1686 1852 1742 etiam

102 1771 227 1844 requirit
244 1770 371 1843 parvitas
387 1785 449 1824 mea
474 1786 491 1825 a
513 1773 563 1823 tus
590 1768 748 1824 sanctitate.
773 1767 851 1834 Vale,
869 1767 952 1840 virgo
1006 1786 1060 1842 ago
1088 1773 1214 1828 coelestia
1252 1777 1282 1826 et
1315 1771 1462 1828 terrestria
1488 1771 1518 1827 iu
1543 1772 1666 1828 utilitate
1698 1773 1800 1845 populi
1821 1774 1853 1830 in

103 1861 167 1926 liei,
179 1864 209 1915 et
224 1861 369 1914 memento
384 1856 451 1912 mei.
462 1855 609 1928 Quidquid
623 1862 720 1912 tamen
735 1855 804 1912 illud
818 1860 861 1911 est
875 1856 952 1928 quod
1006 1874 1097 1915 unum
1121 1860 1276 1931 conjungo.
1311 1860 1408 1930 Tange
1445 1873 1516 1930 ergo
1540 1864 1570 1915 et
1587 1860 1668 1933 tinge
1690 1862 1854 1918 vulueraet

101 1947 248 2015 rescribis,
264 1960 342 2019 poue
361 1945 415 2000 sub
430 1943 536 2016 sigillo.
1006 1945 1151 2019 simplices
1165 1952 1194 2005 et
1205 1947 1279 2004 bene
1293 1947 1431 2012 viventes,
1449 1952 1534 2019 atque
1557 1947 1696 2022 gaudium
1717 1950 1748 2005 in
1773 1955 1853 2007 utm-

305 2050 498 2109 REspopslo
517 2049 761 2107 ffltnffifflms,
1006 2050 1063 2108 qne
1088 2040 1169 2108 parte
1203 2034 1288 2106 habe,
1315 2037 1374 2092 lleo
1407 2035 1572 2106 adjuvante.
1599 2037 1688 2103 Nunc,
1715 2053 1733 2094 o
1757 2040 1851 2108 Pater,

101 2140 310 2200 Eberhardam
330 2139 443 2213 possim
463 2137 573 2194 toudut.
596 2137 720 2194 Pulchre
739 2137 820 2194 docet
841 2137 953 2195 labam
1006 2141 1071 2199 ego,
1101 2126 1276 2199 paupercula
1308 2125 1400 2181 torma
1437 2124 1521 2180 rideo
1553 2125 1623 2197 quia
1649 2126 1782 2183 volontas
1802 2134 1853 2184 tos

139 2217 283 2282 externos,
297 2227 332 2267 ec
342 2209 484 2267 cbaritule
506 2211 535 2265 et
547 2207 708 2266 ecmonus
724 2211 882 2281 mespres,
897 2209 951 2266 mi·
1003 2215 1122 2289 januam
1137 2214 1276 2270 virtutum
1295 2216 1377 2286 optat
1394 2229 1461 2286 quse
1474 2212 1528 2270 tibi
1540 2214 1646 2284 reniet,
1660 2214 1701 2272 ita
1725 2217 1803 2289 quod
1820 2216 1853 2272 in

138 2282 218 2340 ”W
231 2283 327 2340 ⁰⁶⁰⁸oe
339 2282 401 2338 ”5²¹⁰
420 2283 509 2338 Dm
526 2280 649 2336 ammi·
1006 2304 1069 2360 istis
1083 2303 1237 2359 uirtutibus
1259 2301 1459 2358 molendinum
1488 2301 1555 2358 linis
1577 2304 1707 2375 corporis
1724 2303 1854 2359 tuicom·

140 2391 210 2447 Otu
234 2403 457 2462 personaque
483 2387 514 2442 in
538 2387 599 2442 vice
628 2384 693 2454 Filii
716 2385 767 2441 Dei
779 2385 899 2442 viventis
911 2401 952 2454 es,
1006 2390 1109 2467 plebis.
1131 2391 1186 2459 Qui
1199 2395 1251 2460 est,
1266 2394 1297 2447 et
1314 2390 1366 2463 qui
1379 2390 1478 2446 omnia
1497 2395 1703 2462 perscrutetur,
1726 2392 1853 2448 animam

102 2485 212 2536 statum
235 2482 320 2534 tuum
338 2491 416 2532 nunc
439 2475 535 2545 video,
557 2474 637 2531 velut
648 2476 720 2530 duos
735 2473 860 2547 parietes
871 2472 953 2546 quasi
1007 2487 1037 2539 et
1050 2496 1155 2554 eorpus
1167 2484 1251 2537 tuum
1264 2480 1297 2536 in
1309 2481 1402 2536 uluis
1415 2495 1468 2536 sua
1480 2484 1588 2536 mussa,

102 2567 238 2640 angulari
254 2565 349 2638 lapide
362 2563 542 2637 conjunctos,
557 2579 681 2636 quorum
696 2563 771 2619 alter
787 2568 818 2618 ut
831 2561 954 2619 candide
1304 2585 1469 2643 gpquffl
1488 2585 1559 2642 xm·

102 2655 198 2712 nub&
219 2660 349 2727 fllltmb
376 2653 449 2709 “²⁰¹
476 2653 688 2725 lli‘lffiffltlllum
713 2650 884 2718 umbl⁰⁵¹¹³3
911 2651 954 2706 ⁸1⁰
1008 2689 1110 2730 ιιιιιιιι
1144 2689 1315 2731 τικιιιοιιιιι
1352 2689 1560 2731 snmssrssconr
1586 2692 1621 2730 so
1653 2691 1852 2733 mnososaoau.

100 2749 213 2812 tamem
225 2743 302 2816 quod
324 2758 378 2844 nec
396 2741 504 2841 condor
527 2741 577 2797 ille
597 2740 664 2842 huic
684 2739 878 2842 umbrositati,
900 2753 954 2796 nec
1008 2763 1104 2836 κομι
1116 2764 1149 2818 „p
1169 2783 1184 2812 «
1202 2761 1238 2818 (10
1255 2762 1331 2818 cena
1348 2761 1424 2835 rsyis
1434 2761 1553 2820 mauric
1568 2765 1669 2846 puttcs
1685 2763 1802 2837 aliquus
1815 2765 1855 2821 od

101 2833 208 2890 eadem
234 2833 408 2888 umbrositas
438 2831 504 2886 burc
525 2829 644 2886 candem
659 2845 690 2886 se
701 2832 889 2885 intermiscet.
903 2829 954 2884 Pa·
1157 2831 1253 2905 ipsum
1270 2832 1385 2889 stitture
1410 2831 1519 2906 scripto
1544 2833 1686 2906 dsprretur.

101 2923 192 2978 rietes
215 2921 263 2977 isti
286 2921 400 2978 labores
428 2919 471 2976 tui
494 2924 572 2989 suut,
598 2918 696 2974 animo
724 2922 775 2974 tuo
795 2917 993 3010 conjunctio
1044 2921 1175 2978 llimiuos
1191 2921 1241 2977 liei
1257 2921 1351 2993 gratia
1369 2921 1551 2978 Treviromm
1582 2922 1701 2978 humilis
1721 2923 1855 2979 minister

99 3012 154 3068 ubi
181 3027 217 3066 ex
239 3011 329 3067 altera
353 3015 436 3082 perte
462 3007 585 3064 intentio
613 3012 641 3064 et
667 3007 792 3079 suspiria
820 3009 870 3062 tua
899 3021 954 3062 en·
1007 3015 1157 3078 etservus,
1172 3025 1205 3066 ac
1227 3009 1396 3066 eommdem
1420 3009 1661 3082 archiepiscopus,
1692 3011 1758 3067 licet
1776 3010 1853 3068 iudi·

100 3105 218 3175 gustam
238 3099 313 3156 riam
337 3098 373 3154 ad
404 3099 494 3154 Deum
522 3096 551 3152 in
571 3095 695 3153 candore
714 3094 953 3162 substentetur
1007 3114 1092 3172 gnus,
1107 3099 1275 3154 llrnoacssor
1289 3098 1455 3154 clarissime
1473 3098 1692 3172 sororibgnum
1707 3105 1737 3155 et
1761 3100 1856 3172 Spon-

100 3193 196 3246 altera
209 3188 344 3244 circuitus
359 3186 466 3242 laboris
490 3185 533 3241 tui
552 3184 763 3257 aliquantulum
782 3184 813 3239 in
838 3183 953 3240 umbro·
1008 3202 1072 3242 snm
1088 3186 1169 3258 sequi
1182 3202 1356 3260 quocunque
1379 3187 1445 3243 ierit
1458 3187 1559 3260 (Aper.
1576 3190 1641 3260 sir).

100 3279 188 3334 silete
213 3277 248 3332 ad
274 3276 415 3349 populum
431 3275 485 3330 tibi
508 3274 669 3347 subjectum
693 3273 838 3346 pertinet3
853 3271 893 3328 ita
906 3276 953 3329 ta·
1043 3274 1185 3340 Quoniam
1209 3275 1261 3330 liei
1282 3274 1424 3347 sapeintia
1438 3290 1504 3347 ques
1516 3273 1635 3346 ιἰιρπιια
1648 3273 1749 3330 mundi
1761 3275 1853 3349 eligii,

101 3383 183 3437 men,
208 3367 284 3439 quod
313 3366 468 3421 candorem
501 3362 670 3420 intentionis
705 3367 763 3418 tuas
791 3363 869 3417 velut
902 3362 953 3417 do·
1006 3361 1143 3432 salsuriis
1155 3362 1319 3432 conscendet
1342 3364 1368 3433 (1
1391 3365 1459 3419 Cor.
1487 3367 1518 3433 ι),
1545 3364 1704 3436 jucundum
1729 3364 1783 3420 tibi
1805 3365 1855 3421 ba·

101 3455 255 3512 mesticnm
280 3453 376 3520 babes,
399 3457 429 3508 et
453 3452 674 3508 umbrositatem
707 3451 887 3506 secularium
910 3451 954 3506 le·
1007 3449 1165 3507 biteculum
1193 3451 1224 3506 in
1256 3455 1307 3507 tus
1335 3450 1502 3524 virginitate
1532 3451 1640 3523 eligere
1669 3452 1854 3525 complacuit,

100 3545 208 3600 borum
229 3542 308 3598 velut
333 3540 477 3614 quoddam
505 3539 557 3595 tibi
588 3540 716 3595 alienum
743 3539 871 3610 inspicis,
900 3553 953 3594 nec
1007 3539 1079 3594 lucis
1101 3554 1160 3595 sue
1188 3539 1309 3611 gretiam
1336 3539 1368 3595 in
1399 3538 1505 3611 spiritu
1533 3539 1647 3596 consilii
1675 3547 1704 3597 et
1728 3540 1855 3596 scientiae

98 3635 162 3690 baec
178 3633 230 3688 tibi
249 3625 441 3687 intermisceri
473 3629 628 3702 permittis,
664 3634 694 3684 et
724 3628 788 3684 ideo
811 3627 953 3699 fatigatio·
1013 3627 1162 3698 amplioris
1183 3628 1213 3683 in
1235 3631 1264 3684 ie
1282 3627 1390 3700 largius
1412 3627 1522 3693 elludit,
1546 3627 1638 3698 cujus,
1666 3633 1699 3683 ut
1719 3627 1854 3696 arbitror,

97 3739 168 3778 nem
183 3719 325 3777 inanimo
349 3725 400 3776 tuo
416 3719 582 3791 frequenter
596 3717 693 3773 habes.
718 3717 789 3772 llam
815 3715 952 3772 intentio·
1007 3717 1079 3772 lucis
1113 3716 1254 3772 ellusione
1280 3717 1367 3772 etism
1408 3716 1531 3772 aliorum
1558 3721 1670 3772 mentes
1696 3717 1731 3772 sd
1760 3717 1856 3773 studia

97 3815 265 3867 nemiuem
291 3808 327 3864 ad
353 3809 454 3875 Deum,
471 3812 500 3864 et
514 3806 645 3863 laborem
659 3811 740 3861 tuum
761 3806 796 3861 ad
810 3805 952 3878 populum
1008 3805 1128 3861 meliore
1152 3809 1181 3860 et
1211 3805 1300 3861 saluii
1324 3804 1460 3860 viciniora
1491 3805 1610 3860 excitari
1634 3805 1725 3860 voluit
1748 3803 1853 3875 (Βοῦν.

98 3916 159 3956 non
174 3898 263 3953 babes
287 3897 367 3952 velut
392 3911 502 3964 unum;
529 3894 577 3950 sed
608 3910 673 3950 cum
695 3894 771 3950 bona
793 3893 952 3949 intentione
1007 3894 1056 3966 vi),
1071 3898 1100 3950 et
1109 3894 1256 3963 illustrari,
1272 3899 1301 3949 te
1323 3893 1479 3961 mediante,
1508 3899 1602 3949 mater
1630 3893 1801 3960 venerande,
1826 3899 1856 3949 et

97 3989 136 4044 ad
156 3987 283 4043 coelestia
307 3986 436 4052 aubelus,
463 3990 493 4041 et
516 3998 581 4040 cum
609 3983 749 4056 populum
766 3982 796 4037 ln
812 3984 868 4039 lieo
884 3998 951 4054 pro·
1006 3981 1350 4038 sincerissimacbaritate
1365 3979 1574 4053 amplectenda.
1599 3979 1735 4051 Superest
1754 3979 1853 4052 igitur,

98 4093 196 4144 curas,
216 4075 248 4131 in
272 4090 332 4130 una
353 4073 486 4129 mercede
512 4071 650 4144 conjungi
678 4075 819 4144 possunt,
835 4069 910 4126 sicut
924 4073 953 4126 et
1006 4069 1088 4142 virgo
1112 4070 1217 4126 Christi
1250 4069 1445 4138 dilectissima,
1475 4085 1550 4126 serae
1578 4069 1644 4124 vitis
1670 4069 1767 4140 (Joun.
1795 4067 1852 4140 xv),

96 4165 229 4222 Christus
254 4162 418 4218 coelestibus
442 4161 567 4228 inhaesit,
592 4164 621 4216 et
646 4163 744 4214 temen
762 4159 798 4215 ad
811 4160 952 4232 populum
1006 4160 1088 4230 cujus
1102 4160 1155 4215 snb
1183 4160 1285 4216 umbre
1310 4158 1444 4232 quiescis,
1459 4159 1542 4230 cujus
1555 4157 1665 4212 fructus
1678 4156 1790 4224 genituri
1803 4160 1854 4212 tuo

96 4271 127 4310 se
144 4251 303 4320 inclinavit,
324 4257 355 4306 ot
369 4250 507 4324 scriptum
523 4254 585 4305 est:
599 4247 663 4323 Epo
687 4246 770 4304 dici:
795 4245 846 4303 Dii
871 4247 950 4317 erlis,
970 4247 1099 4309 edulcis
1117 4252 1146 4304 et
1166 4247 1367 4320 amplexabilis
1395 4247 1495 4318 (Ceut.
1530 4247 1578 4317 n);
1608 4261 1693 4314 verse,
1723 4246 1854 4319 inquom,

95 4336 322 4415 etfiiii·blccelsi
335 4353 433 4395 ornnes
447 4335 539 4411 (Psoi,
555 4352 655 4404 nxxx13
670 4337 763 4392 doun.
779 4335 817 4405 x).
834 4335 879 4390 llii
894 4333 951 4389 sci-
1005 4335 1072 4391 vitis
1100 4335 1274 4408 propagines
1301 4335 1333 4390 in
1364 4335 1418 4390 boc
1440 4350 1520 4392 mare
1546 4335 1738 4406 procellosum
1769 4333 1856 4389 latins

97 4429 165 4484 licet
180 4428 212 4482 ln
239 4427 413 4489 coelestibus,
439 4431 469 4482 et
492 4425 545 4482 lilii
571 4424 679 4481 Excelsi
695 4423 726 4479 in
749 4422 951 4496 procuratione
1003 4423 1167 4494 extendere,
1202 4423 1325 4481 coelestis
1356 4423 1463 4496 poculi,
1484 4423 1563 4496 quod
1592 4422 1744 4479 inebriaris
1760 4421 1853 4495 (conl.

96 4517 212 4590 populi.
228 4516 271 4572 Tu
295 4531 376 4588 ergo,
406 4531 424 4570 o
452 4515 545 4578 Pater,
573 4514 687 4569 lebores
715 4518 779 4568 tuos
803 4511 883 4568 tonte
903 4527 952 4567 sa-
1004 4515 1046 4585 ι),
1060 4512 1258 4570 dulcissimum
1284 4527 1417 4585 saporem
1441 4512 1478 4569 ad
1504 4511 1585 4568 lucra
1609 4510 1774 4567 animarum
1787 4526 1856 4584 qus·

96 4605 218 4680 pientiae
231 4603 385 4677 perfunde,
401 4618 488 4676 quem
511 4603 577 4658 due
604 4601 672 4657 filie
697 4600 866 4668 beusemnt,
885 4615 950 4673 quse
1005 4617 1178 4677 quasersum
1190 4601 1362 4674 propensius
1373 4600 1513 4668 derivare,
1530 4615 1594 4673 que
1607 4599 1703 4674 pratis
1718 4599 1856 4673 accepisti

97 4694 245 4766 regalibus
261 4693 444 4749 circumdetis
475 4697 543 4748 suut
570 4690 706 4759 restibus,
735 4689 869 4745 videlicet
883 4689 951 4744 cha·
1003 4689 1098 4763 protis
1110 4689 1182 4746 dure
1195 4690 1311 4761 (Morsu.
1332 4689 1369 4761 n),
1397 4705 1434 4744 ne
1451 4690 1525 4745 forte
1550 4689 1680 4762 arguaris
1695 4688 1853 4758 lucernam,

96 4785 170 4839 ritus
186 4787 215 4838 et
229 4781 404 4848 obedientia,
433 4780 571 4854 quoniam
595 4778 742 4851 Sapientia
766 4794 831 4834 cum
858 4778 950 4834 chari·
1005 4779 1039 4834 ad
1065 4777 1220 4834 utilitatem
1250 4777 1450 4850 proximorum
1486 4792 1645 4847 accensam,
1672 4776 1725 4831 sub
1756 4777 1854 4832 modio

95 4877 157 4928 tete
186 4870 286 4926 omnia
312 4869 463 4936 ordinavit,
487 4869 629 4940 plurimos
653 4867 761 4922 rivulos
790 4866 948 4933 educendo,
1006 4866 1179 4922 abscondere
1221 4864 1346 4921 voluisse
1365 4863 1483 4936 (Metti.
1522 4881 1562 4933 v;
1603 4865 1671 4918 Luc.
1711 4878 1773 4932 vm,
1802 4862 1853 4934 ιι).

96 4965 130 5014 ut
148 4957 237 5014 dicit:
255 4955 353 5014 dimin
368 4955 431 5013 celi
445 4953 563 5012 circuivi
590 4954 655 5012 sole
679 4953 783 5027 (Eruli.
810 4955 906 5025 xxrvl;
921 4959 951 5010 et
1005 4955 1087 5026 llogo
1109 4968 1191 5025 ergo,
1206 4958 1300 5010 mater
1319 4958 1425 5021 sancta,
1454 4967 1521 5008 cum
1541 4953 1653 5009 caeteris
1676 4951 1712 5008 ad
1736 4956 1854 5023 portum

95 5047 169 5120 quia
198 5045 273 5101 Deus
300 5045 413 5101 homini
428 5061 481 5117 per
494 5043 688 5100 obedientium
703 5045 880 5115 praeceptum
900 5042 950 5096 de·
1005 5041 1209 5097 consolationis
1251 5043 1309 5096 tuse
1346 5039 1591 5112 confugientibus,
1632 5056 1683 5113 spe
1719 5039 1855 5096 desiderii

93 5135 150 5202 dit,
169 5133 375 5189 vestimentum
395 5132 513 5206 quidem
526 5131 675 5188 charitatis
701 5137 753 5198 est,
782 5130 858 5203 quod
885 5130 949 5185 vnl-
1004 5131 1062 5187 mei
1089 5129 1236 5186 uberrima
1263 5130 1365 5197 fretus,
1390 5144 1472 5201 rogo,
1503 5129 1635 5202 inquam,
1657 5133 1688 5184 et
1709 5132 1856 5184 contestor

92 5229 160 5279 tum
177 5221 230 5278 liei
248 5221 279 5278 in
306 5221 435 5293 angelico
461 5221 563 5278 ordine
585 5220 698 5293 aspicit,
723 5219 773 5275 sod
793 5219 950 5274 aestimen—
1003 5220 1113 5275 viscera
1125 5223 1176 5275 tua
1191 5223 1332 5288 matema,
1348 5232 1401 5290 per
1424 5220 1551 5272 mncmm
1575 5217 1753 5286 charitatem,
1782 5233 1853 5290 qua·

92 5320 159 5368 tum
176 5309 363 5376 obedientie,
386 5309 611 5367 circumamictio
632 5307 820 5369 humanitatis
833 5306 951 5363 Domini
1004 5313 1090 5364 teum
1106 5306 1142 5363 de
1170 5307 1242 5364 cella
1266 5307 1316 5364 illa
1340 5305 1418 5379 regis
1442 5305 1554 5362 sineris
1579 5305 1671 5376 (cont.
1691 5307 1735 5378 ιι),
1759 5306 1854 5378 (cujus

93 5405 149 5457 est.
165 5401 232 5456 istm
248 5400 353 5471 puellm
376 5399 411 5455 sd
423 5400 544 5471 januam
564 5403 644 5454 tuam
663 5398 789 5469 pulsant,
810 5400 838 5451 et
857 5395 950 5452 cbari·
1003 5397 1159 5468 voluptatis
1176 5397 1354 5454 abundantia
1377 5396 1466 5452 etium
1488 5395 1520 5451 in
1542 5394 1596 5451 bac
1610 5396 1668 5452 vite
1682 5395 1855 5454 mirabiliter

92 5489 190 5546 used
205 5491 235 5544 te
261 5488 342 5544 dicit:
361 5489 465 5544 Tecum
487 5503 603 5543 manere
631 5485 772 5554 desidero,
796 5491 825 5541 et
840 5485 904 5541 roto
921 5491 950 5541 ut
1005 5485 1180 5553 inebrieris),
1193 5491 1290 5558 guttas
1319 5486 1432 5558 aliquas
1455 5485 1491 5540 ed
1514 5500 1560 5540 me
1586 5489 1777 5558 peccatorem,
1802 5501 1855 5557 per
