3984 6034
183 151 251 205 loll
905 146 934 202 S.
955 142 1203 203 uttuuouttuts.
1876 138 1945 193 toll

177 280 274 332 autem
300 275 435 332 effuderit
462 274 634 347 sanguinem
662 275 831 342 humanum,
864 275 919 331 hoc
944 274 1027 347 quasi
1045 276 1067 330 Α
1082 273 1237 347 figuratum
1251 273 1319 346 quia
1334 272 1407 329 sicut
1422 271 1519 329 anima
1540 270 1571 327 in
1587 286 1717 344 corpore,
1733 270 1775 326 sic
1797 285 1881 325 nova
1906 268 1946 326 lex

178 380 232 435 pro
245 380 318 421 rano
340 364 458 431 ducens,
474 362 535 419 sine
563 362 661 419 labore
675 361 774 418 amissi
795 362 918 433 sudoris,
942 379 1029 435 super
1081 363 1111 418 in
1127 362 1215 419 veteri
1228 362 1342 430 latebat,
1359 366 1387 416 et
1409 360 1441 417 iu
1466 361 1511 417 his
1534 360 1645 416 duabus
1672 375 1761 425 mors,
1788 375 1862 431 quaa
1891 374 1942 430 per

178 452 409 526 huuejudicium
424 452 486 517 Dei,
506 456 550 506 vet
574 468 627 523 per
651 451 772 521 terrum,
798 453 844 507 vel
873 457 1028 525 pauperia·
1083 450 1233 506 mulierem
1260 450 1433 506 subintravit
1461 450 1491 505 in
1518 450 1671 517 mundum,
1698 448 1814 521 sepulta
1853 452 1903 501 est
1934 465 1940 501 :

178 546 249 609 tem,
266 542 310 596 sel
330 540 496 599 diuitiarum
522 556 639 596 suarum
665 540 861 609 amissionem,
878 547 906 595 et
928 541 953 596 si
969 557 1028 597 uon
1082 540 1171 595 sancti
1199 555 1266 594 vero
1292 540 1462 611 patrissatis·
1487 538 1516 593 iu
1534 538 1637 595 eodem
1661 538 1798 610 spelunca
1820 535 1939 607 sepeliri

179 645 267 701 super
285 644 364 697 eum,
380 629 432 702 qui
446 644 513 683 reus
529 627 678 699 sanguinis
698 628 789 684 iactus
811 633 864 699 est,
886 644 973 702 super
993 628 1027 684 ll·
1082 628 1296 696 desiderabant3
1313 628 1381 701 quia
1404 630 1505 701 spiritu
1530 626 1691 700 prophetiae
1713 625 1826 691 attacti,
1851 640 1942 679 sacra

179 719 233 775 lios
245 722 343 773 tamen
359 718 421 789 ejus
436 722 465 773 et
479 721 598 788 nepotes
607 715 762 787 judicetur.
1083 726 1212 774 mentum
1227 734 1306 773 noum
1321 717 1393 789 legis
1408 717 1440 772 in
1455 716 1545 771 reteri
1558 720 1766 787 coguoverunt,
1789 718 1826 769 ut
1852 713 1940 768 etiam

502 821 629 869 uuusrro
645 821 708 881 ιιιι.
1082 807 1113 862 in
1127 807 1208 877 virga
1223 806 1326 871 Aaron,
1345 820 1410 877 ques
1430 803 1530 859 lloruit
1550 805 1641 871 (Num.
1668 802 1744 872 xvir),
1770 817 1939 856 sacramen·
1975 784 1976 873 )

217 895 318 963 Qualia
338 909 452 965 corpora
472 894 625 950 tabuerunt
647 896 748 963 augeli,
772 899 821 964 uui
840 899 1030 965 apparuerunt
1083 898 1143 951 tum
1158 894 1222 949 Filii
1236 892 1285 948 liei
1305 893 1334 947 iu
1354 890 1551 963 redemptione
1567 890 1694 946 hominis
1717 890 1840 959 latebat,
1870 906 1940 961 quo-
1975 912 1976 953 3

180 983 311 1049 Abrahae,
326 982 569 1051 quibusstmllum,
585 984 713 1050 uitulum,
728 984 896 1053 demumst
917 984 959 1039 lac
981 998 1030 1053 up·
1083 983 1160 1039 niam
1178 983 1207 1038 in
1222 986 1351 1037 creatura
1372 982 1536 1037 Creatorem
1561 984 1768 1050 cognorerunt,
1791 983 1827 1033 ut
1854 978 1937 1033 etism

178 1076 283 1142 posuit,
299 1071 737 1143 etcomeduuut‘lllleu.xv1u.)
1084 1073 1113 1128 in
1140 1070 1280 1128 sacrificio
1302 1086 1444 1143 agnorum
1474 1074 1503 1125 et
1530 1070 1654 1125 arietum
1682 1068 1813 1126 Christus
1836 1082 1937 1140 passa-

544 1175 666 1215 soauuo.
1085 1178 1135 1217 rus
1152 1160 1377 1233 significabatur.
1975 1174 1976 1269 p

217 1248 286 1302 Tres
300 1248 408 1320 angeli,
423 1247 474 1320 qui
498 1251 695 1319 apparuerunt
716 1247 839 1303 Abrahae
857 1246 968 1302 sedenti
994 1248 1029 1302 ad
1417 1262 1544 1312 ouusrro
1563 1262 1601 1301 ιι.

182 1333 288 1390 ostium
305 1334 491 1401 tabernaculi,
511 1336 541 1390 in
560 1336 688 1391 humana
706 1335 799 1390 forma
823 1340 1028 1407 apparuerunt,
1120 1340 1217 1393 Fuitne
1229 1351 1309 1392 uerus
1328 1338 1411 1405 ipuis,
1427 1340 1476 1407 qui
1497 1336 1585 1405 llousl
1608 1336 1637 1389 ln
1652 1333 1719 1389 rulo
1740 1334 1896 1405 opposuit,
1917 1340 1940 1387 st
1975 1368 1976 1379 ι

182 1422 250 1493 qiria
269 1423 340 1479 sicut
367 1424 404 1479 ab
428 1424 556 1492 homine,
586 1423 665 1478 nullo
681 1423 767 1480 modo
783 1423 875 1479 videri
899 1426 1029 1494 possunt.
1085 1423 1522 1497 rulumuouoorudusslllliuod.
1541 1423 1600 1493 ιιι),
1622 1423 1663 1478 uel
1679 1422 1938 1492 quitumonteSi-
1975 1380 1976 1465 l

182 1512 395 1569 immutabilem
417 1511 534 1585 quidem
555 1512 694 1585 Spiritum
715 1512 862 1568 mutabilis
877 1513 966 1569 homo
984 1512 1030 1567 ri·
1084 1520 1133 1571 uot
1151 1514 1321 1585 resplenduit
1336 1512 1436 1585 (Euod.
1453 1511 1522 1583 ιιι),
1541 1512 1687 1581 oelqutiu
1707 1510 1752 1565 die
1770 1511 1939 1565 Peumata
1975 1572 1976 1577 η

182 1600 249 1655 dere
265 1616 323 1655 nou
339 1606 443 1671 potest,
459 1606 489 1656 et
502 1600 555 1656 hoc
568 1607 611 1657 est
625 1600 867 1657 exinobedientia
881 1601 960 1671 Adae,
980 1599 1031 1673 qui
1049 1566 1168 1675 Bsuper
1192 1603 1341 1673 discipulos
1366 1604 1396 1657 tu
1419 1603 1578 1670 linguarum
1596 1598 1706 1655 modum
1734 1599 1837 1654 eccidit
1863 1600 1936 1667 (su.
1975 1578 1976 1631 ἶ

181 1689 358 1759 spiritalibus
386 1689 477 1745 oculis
499 1689 530 1744 iu
558 1689 693 1761 paradiso
715 1690 856 1761 privatus,
886 1690 917 1745 in
945 1705 1032 1745 omne
1086 1692 1183 1765 11),uel
1198 1693 1247 1763 qut
1261 1694 1439 1761 supereopul
1454 1689 1570 1744 llorliui
1583 1690 1756 1743 sumomonte
1772 1686 1935 1742 erumnam

182 1792 274 1847 genus
288 1778 451 1833 humanum
467 1777 625 1833 cecitatem
642 1793 723 1832 suam
738 1777 909 1833 transduxit.
932 1777 1033 1835 Omnis
1086 1779 1242 1853 apperuit?

182 1871 312 1921 creatura
342 1866 433 1938 (quod
460 1866 548 1921 homo
575 1866 627 1936 est)
656 1866 789 1936 umbram
818 1882 900 1921 suam
934 1866 1031 1931 habet,
1450 1880 1571 1920 munero.

183 1969 250 2025 qua
264 1954 414 2010 hominem
433 1954 462 2009 in
487 1953 699 2009 indeficientem
723 1953 812 2009 ritem
833 1954 1033 2011 renouandum
1123 1956 1200 2029 lgnis
1221 1954 1273 2028 qui
1283 1952 1376 2025 lloysi
1386 1952 1422 2008 de
1437 1951 1533 2007 medio
1552 1950 1617 2007 rubi
1631 1950 1823 2018 flammantis,
1838 1956 1869 2007 et
1884 1966 1932 2005 non
1975 1974 1976 2021 i

184 2057 246 2096 esse
261 2042 414 2113 signifieat.
439 2043 472 2098 lit
495 2042 569 2097 sicut
593 2042 695 2097 umbra
722 2041 849 2097 hominis
876 2042 1031 2114 imaginem
1086 2042 1223 2113 ardentis,
1240 2042 1316 2099 visus
1337 2047 1390 2110 est,
1410 2040 1534 2114 Spiritus
1558 2044 1672 2095 sauctus
1688 2040 1855 2095 credendus
1879 2043 1932 2103 est;

186 2145 267 2185 saram
285 2130 424 2198 ostendit;
450 2130 491 2184 sic
512 2135 540 2185 et
560 2130 665 2201 augeli,
691 2130 742 2201 qui
768 2130 937 2186 naturaliter
961 2131 1033 2186 invi·
1086 2132 1306 2189 scintillarem
1329 2132 1522 2204 prosilientes,
1546 2128 1724 2186 diversarum
1747 2128 1829 2184 dona
1852 2128 1933 2183 virtu·

185 2214 283 2271 sibiles
296 2221 373 2284 suut,
394 2233 448 2289 per
470 2232 592 2289 corpora
606 2232 671 2290 quae
695 2218 731 2273 de
753 2234 818 2274 aare
841 2224 970 2289 sumunt,
992 2220 1033 2274 eis
1086 2227 1161 2279 tum.
1183 2221 1267 2277 Varia
1295 2220 1412 2293 quidem
1440 2218 1527 2291 hujus
1548 2217 1625 2290 ignis
1649 2216 1801 2289 apparitio,
1829 2232 1934 2288 neque·

185 2305 220 2360 ad
235 2321 308 2378 quos
322 2306 487 2373 mittuntur,
503 2307 533 2362 iu
551 2308 677 2362 humana
692 2306 786 2363 forma
800 2308 927 2364 risibiles
941 2323 1027 2381 eppa·
1086 2327 1173 2383 quam
1189 2309 1225 2365 de
1241 2310 1424 2383 superiorum
1437 2308 1647 2364 elementorum
1662 2304 1866 2361 coruscatione
1884 2305 1935 2359 des

184 2397 261 2458 rent,
275 2393 403 2450 moribus
418 2395 534 2450 illorum
544 2412 575 2449 se
588 2395 801 2468 aliquantulum
816 2400 1033 2469 contemperatu-
1086 2398 1192 2455 cendit.
1202 2398 1258 2454 Sed
1269 2398 1305 2453 de
1315 2398 1382 2470 igne
1392 2396 1442 2469 qui
1457 2397 1514 2452 uita
1525 2402 1577 2463 est,
1593 2398 1621 2450 et
1630 2394 1681 2466 qui
1691 2393 1746 2449 sibi
1757 2392 1936 2449 adhaerentia

183 2483 1032 2559 tes,uonangelicisloquelis,sedtalibusverbis,quaepos·
1087 2502 1146 2543 non
1165 2485 1312 2542 exurendo
1339 2485 1469 2557 dissipat,
1496 2486 1545 2539 sed
1573 2482 1743 2539 ririllcando
1772 2484 1935 2538 confirmat

185 2582 252 2626 suut
265 2572 439 2645 intelligere,
456 2573 497 2628 eis
522 2574 692 2645 loquuntur,
708 2573 822 2647 ipsique
847 2579 879 2629 ut
900 2574 1034 2631 homines
1411 2588 1541 2636 oumsrro
1559 2589 1609 2627 ιιι.

184 2661 378 2728 comedentes,
394 2662 443 2717 sed
458 2677 559 2717 eorum
573 2661 652 2716 cibus
667 2661 811 2717 evanescit
826 2668 963 2734 tauquam
975 2678 1032 2731 ros,
1123 2664 1196 2731 Quid
1218 2668 1257 2720 est
1284 2662 1359 2733 quod
1389 2664 1419 2717 lu
1449 2661 1518 2719 libro
1546 2660 1653 2731 Rapum
1681 2659 1714 2715 de
1736 2674 1804 2715 areu
1834 2661 1935 2716 dieitur
1975 2648 1976 2719 ἶ

183 2748 466 2821 quisempersuper
488 2765 611 2821 granum
628 2749 883 2819 cadens,acalore
905 2751 975 2807 solis
1003 2750 1033 2806 iu
1088 2752 1140 2824 (lll
1162 2754 1225 2823 Rep.
1255 2768 1333 2819 ιιιι;
1356 2752 1389 2808 ll
1412 2753 1475 2808 Pur.
1493 2752 1521 2821 ι)
1546 2767 1555 2805 ;
1581 2770 1595 2801 a
1626 2750 1659 2805 lu
1689 2764 1754 2805 area
1779 2765 1837 2804 nors
1863 2748 1937 2805 uliud

184 2842 330 2894 momento
361 2837 532 2893 dissolvitur.
555 2838 671 2910 ilaligni
689 2853 756 2893 vero
781 2839 908 2909 spiritus,
938 2840 1033 2911 speeie
1052 2846 1137 2921 Cast,
1163 2844 1220 2897 nisi
1247 2841 1347 2897 tedulae
1379 2842 1558 2905 Testammti3
1585 2858 1600 2889 u
1624 2841 1650 2893 ct
1676 2840 1707 2892 iu
1734 2837 1868 2908 Epistola
1902 2836 1935 2891 od

183 2926 336 2999 cujuslibet
350 2931 462 2982 naturae
487 2927 522 2982 ad
543 2926 719 2982 seducendos
742 2927 874 2982 homines
898 2932 1031 2995 utuntur,
1086 2930 1211 2986 Hebraeos
1237 2930 1337 2997 lepitur
1366 2944 1372 2983 :
1402 2947 1417 2979 u
1443 2930 1507 2983 Post
1532 2928 1712 2982 oalomerttum
1739 2925 1821 2980 uliud
1852 2926 1937 2979 tuder·

183 3012 395 3085 ejuscreaturae
417 3020 552 3070 naturam
573 3013 798 3082 considerantes,
816 3030 879 3087 quae
903 3015 972 3071 vitio
989 3015 1032 3071 illi
1085 3020 1225 3086 naculum,
1255 3016 1328 3084 quod
1356 3014 1459 3072 dieitur
1493 3016 1594 3071 Sancto
1621 3018 1788 3079 sauctorum,
1824 3030 1936 3069 aureum

182 3107 377 3173 comparetur,
394 3118 446 3174 per
465 3103 542 3174 quod
569 3102 717 3157 homiuem
742 3118 829 3175 quem
846 3104 1031 3176 impugnant,
1087 3106 1187 3161 ludens
1203 3106 1382 3173 tlauridulum,
1401 3110 1426 3159 et
1446 3118 1537 3159 ereum
1555 3106 1720 3159 l'cslomeutt
1734 3104 1934 3157 circumtectum

184 3205 320 3260 superare
333 3190 453 3262 possint,
476 3190 722 3263 quemadmodum
738 3195 866 3247 tentator
878 3193 965 3249 ctiam
980 3211 1034 3266 per
1085 3196 1203 3250 auomua‘
1216 3196 1296 3264 porte
1309 3207 1388 3256 auro,
1402 3194 1433 3247 iu
1447 3206 1503 3261 quo
1516 3206 1590 3246 urna
1608 3205 1693 3246 aureo
1707 3189 1809 3245 meaa
1819 3206 1932 3255 marra,

185 3283 348 3349 serpentem
361 3278 484 3334 seduxit.
1086 3286 1113 3338 et
1138 3284 1218 3351 sirpo
1247 3282 1352 3350 Aaron,
1381 3296 1441 3351 quae
1455 3278 1630 3349 fronduerat,
1661 3283 1686 3334 et
1719 3278 1821 3333 tabula
1844 3278 1930 3333 Tau

512 3383 641 3431 ouasno
667 3384 702 3424 rx.
1086 3372 1192 3426 menti?
1207 3370 1299 3440 (Num.
1320 3384 1405 3434 xvir:
1422 3388 1436 3417 u
1452 3368 1535 3423 uror.
1552 3367 1601 3437 ιι.)

220 3456 275 3513 cur
296 3455 439 3511 Abrohom
463 3461 488 3511 et
514 3457 606 3528 luced,
629 3460 676 3515 ille
699 3473 785 3526 seruo,
805 3461 857 3515 iste
875 3459 944 3530 lilio,
961 3476 1034 3531 pra·
1446 3470 1572 3511 susurro.

184 3548 320 3615 ceperum,
336 3549 367 3599 ut
388 3545 526 3614 iuraturi,
539 3561 637 3603 monus
658 3561 724 3602 suos
746 3547 796 3603 sub
819 3549 968 3615 {muudus
986 3564 1033 3605 eo-
1122 3541 1176 3610 Qui
1189 3543 1271 3611 dixit,
1286 3559 1346 3599 non
1362 3542 1439 3599 aliud
1461 3542 1491 3597 iu
1506 3558 1572 3598 arca
1594 3542 1702 3615 populo
1727 3540 1883 3596 israelitico
1907 3540 1932 3593 in

183 3634 732 3707 rumponereut‘lllieu.xx1v,rarus.)
1087 3648 1193 3705 magna
1217 3631 1403 3687 veneratione
1428 3630 1526 3687 habita
1553 3630 1707 3696 contineri,
1737 3644 1826 3702 quem
1852 3628 1934 3683 tabu-
1975 3640 1976 3643 ’

543 3739 671 3780 soaurso.
1087 3721 1129 3777 las
1143 3720 1334 3787 Testamenti;
1352 3718 1400 3774 ille
1420 3735 1472 3775 neu
1486 3718 1552 3791 plus
1565 3720 1596 3774 in
1612 3736 1646 3774 ea
1660 3734 1720 3774 esse
1735 3718 1932 3789 cognoscebat,

219 3810 373 3878 Abraham,
398 3811 448 3883 qui
472 3811 509 3867 ad
534 3816 713 3884 praeceptum
727 3812 842 3868 Domini
857 3812 980 3883 patriam
1005 3818 1035 3869 et
1087 3824 1140 3863 uec
1166 3806 1253 3863 etism
1275 3808 1340 3878 plus
1363 3808 1430 3862 inde
1449 3808 1521 3863 scire
1542 3807 1706 3880 quaerehat3
1732 3808 1837 3861 Paulus
1855 3823 1933 3875 vero,
1975 3860 1976 3865 ,

185 3898 390 3969 cogitationem
406 3915 488 3954 susm
510 3899 639 3972 reliquit,
656 3915 709 3973 per
734 3903 838 3956 vuinus
860 3901 953 3956 carnis
973 3918 1033 3957 suae
1087 3896 1138 3970 qui
1153 3896 1190 3951 ob
1205 3895 1323 3968 spiritus
1338 3895 1382 3951 sui
1397 3895 1570 3967 prolundaus
1586 3895 1747 3963 scientiam,
1762 3894 1861 3950 divina
1876 3911 1934 3967 gra·

185 3988 273 4059 (quod
288 3987 468 4059 signaculum
490 3987 560 4043 fidei
583 3988 648 4060 tuit)
671 3995 809 4062 tauquam
833 3989 975 4062 gloriosus
998 3991 1033 4045 si·
1088 3986 1128 4041 tia
1143 3984 1299 4055 reuelante,
1321 3985 1387 4055 plus
1411 3984 1476 4039 aliis
1495 3984 1634 4057 sapiebat,
1658 3983 1727 4057 quid
1754 3983 1880 4056 amplius
1903 3984 1929 4039 iu

185 4074 291 4147 guiler,
307 4076 343 4131 ad
357 4077 491 4148 praelium
510 4082 610 4133 contra
629 4076 698 4133 sitia
716 4082 897 4151 pugnaturus
916 4093 1033 4149 proces·
1089 4090 1154 4130 arca
1169 4072 1271 4130 secreti
1281 4077 1453 4141 servaretur,
1469 4073 1583 4145 plenius
1598 4072 1720 4127 edocuit.

186 4164 232 4217 sit.
252 4164 315 4234 lpse
336 4163 414 4219 enim
427 4180 481 4236 per
499 4166 622 4236 gratiam
645 4165 768 4238 Spiritus
783 4165 871 4221 sancti
892 4166 1031 4222 uexillum
1051 4182 1073 4236 ι)
1408 4176 1537 4225 ouusrso
1552 4178 1613 4216 ιιιι.

186 4250 343 4306 sanctitatis
357 4266 418 4323 prae
444 4252 554 4307 catoris
576 4254 720 4325 portabat,
740 4260 768 4309 et
797 4269 851 4325 per
864 4252 952 4310 duem
967 4270 1033 4328 ope·
1122 4250 1254 4321 Nunquld
1277 4266 1338 4306 uere
1361 4250 1510 4306 credendus
1523 4255 1563 4305 est
1586 4250 1695 4306 Samuel
1719 4248 1756 4303 od
1784 4250 1929 4304 inuocatio-
1975 4254 1976 4257 ’

186 4354 251 4394 rum
276 4353 405 4408 snorum,
428 4339 612 4413 privilegium
633 4357 755 4397 summa
778 4341 935 4397 sanctitatis
959 4341 1034 4397 oleti·
1086 4356 1147 4397 uem
1160 4340 1326 4411 pythonissa
1337 4340 1484 4395 euocatus?
1498 4339 1527 4409 (l
1547 4341 1610 4409 Rap.
1624 4342 1743 4408 xxviia.)

188 4425 261 4483 nuit.
277 4427 357 4483 Unde
372 4427 402 4483 iu
423 4428 589 4499 juramento
613 4430 666 4485 sub
689 4430 807 4498 femore,
829 4432 956 4485 sanctam
979 4429 1033 4485 hu·
1448 4443 1576 4485 susurro.

186 4516 354 4572 manitatem
378 4516 485 4573 Christi
510 4517 706 4590 presignavit,
730 4518 781 4591 qui
801 4517 920 4590 antiquo
944 4518 1035 4574 consi·
1123 4518 1190 4573 Saul
1213 4516 1264 4589 qui
1293 4520 1412 4589 propter
1429 4523 1545 4589 peccata
1571 4532 1623 4571 sua
1647 4532 1665 4571 a
1691 4518 1747 4573 ileo
1767 4518 1931 4588 reprobatus

188 4606 226 4661 lio
247 4606 454 4679 omnipotentis
471 4607 533 4678 nei,
557 4606 592 4663 de
613 4608 724 4663 semine
745 4608 835 4680 ipsius
849 4607 1036 4664 descenderet
1089 4608 1118 4661 et
1132 4604 1283 4661 derelictus
1296 4604 1361 4673 luit,
1380 4609 1514 4660 eventum
1530 4604 1620 4660 luituri
1643 4606 1738 4677 praelii
1756 4622 1809 4677 per
1829 4606 1929 4678 pytho-

187 4710 239 4767 per
252 4695 461 4752 humanitatem
480 4712 572 4765 suam,
594 4697 748 4752 consilium
774 4697 887 4769 antiqui
914 4712 1035 4768 serpen·
1090 4692 1197 4748 nissam
1216 4694 1289 4748 scire
1316 4693 1447 4761 volebat;
1476 4693 1552 4749 unde
1574 4694 1737 4750 Samuelem
1765 4709 1784 4748 a
1817 4694 1930 4749 mortuis

188 4784 234 4853 tis,
249 4784 398 4842 homiuem
412 4783 560 4841 liberando
574 4786 724 4841 destruxit.
1089 4781 1142 4837 sihi
1157 4782 1270 4838 avocari
1286 4782 1432 4855 praecepit,
1447 4783 1496 4855 qui
1523 4782 1550 4838 ei
1574 4782 1717 4839 indicaret
1738 4783 1816 4854 quod
1832 4798 1930 4856 quaere

523 4888 648 4938 oonsrro
666 4892 694 4930 1.
1089 4871 1148 4927 bat.
1161 4870 1216 4927 Sed
1232 4872 1288 4927 hoo
1299 4872 1380 4927 nullo
1393 4871 1479 4927 modo
1502 4870 1567 4927 fieri
1582 4872 1692 4944 potuit;
1712 4872 1780 4944 quia
1801 4871 1929 4943 impossi-

223 4964 312 5031 Quure
332 4965 362 5019 iu
383 4965 512 5034 spelaeum
526 4963 641 5034 duplici,
659 4980 742 5034 quom
764 4968 829 5021 emit
850 4965 993 5021 Abrohom
1018 4982 1036 5021 o
1089 4958 1244 5026 hileesset,
1266 4964 1298 5015 ut
1321 4964 1436 5016 sauctus
1461 4964 1489 5017 et
1506 4959 1601 5031 justus
1626 4961 1712 5016 homo
1735 4964 1930 5031 postmortem

187 5052 253 5121 pillis
277 5052 359 5120 Hella,
389 5054 480 5108 suncti
500 5051 669 5123 patriarcha
692 5058 767 5109 teuto
794 5053 930 5109 desim
964 5068 1036 5124 sepc-
1090 5048 1272 5105 mendacium
1289 5050 1468 5122 loqueretur,
1483 5066 1547 5105 cum
1571 5050 1651 5105 nulls
1665 5048 1756 5105 tidelis
1770 5052 1800 5103 et
1814 5046 1931 5103 infidelis

188 5134 410 5197 ltriuolu'eruut?
426 5142 504 5213 (Gen.
521 5142 621 5213 xxiii.)
1090 5136 1188 5193 anima
1209 5154 1226 5193 a
1257 5153 1379 5209 corpore
1405 5139 1507 5207 soluta,
1527 5137 1711 5194 mendacium
1740 5136 1819 5209 loqui
1837 5136 1929 5209 possit

552 5244 671 5287 susurro.
1090 5225 1202 5281 Anime
1217 5241 1342 5301 namque
1355 5226 1498 5283 Samuelis
1509 5232 1538 5283 et
1552 5226 1644 5283 Saulis
1659 5226 1799 5300 aequalem
1817 5224 1930 5281 mansio

224 5313 278 5368 Per
301 5313 466 5387 speluncam
493 5314 649 5387 duplicem,
674 5330 761 5388 quam
790 5314 822 5370 in
858 5316 1036 5388 sepulturam
1090 5330 1158 5371 uem
1175 5314 1281 5372 habere
1305 5331 1363 5371 non
1383 5320 1513 5389 possunt,
1529 5316 1597 5388 quia
1613 5314 1727 5371 Samuel
1748 5314 1843 5370 tidelis
1862 5316 1930 5369 erni·

188 5399 309 5458 Abrahae
333 5401 386 5459 sibi
410 5403 503 5476 pretio
530 5404 715 5475 compararit,
743 5407 823 5458 retus
850 5403 894 5458 lex
919 5409 949 5459 et
964 5419 1037 5459 nora
1091 5419 1141 5460 cus
1170 5406 1219 5460 liei
1247 5404 1312 5471 luit,
1341 5409 1369 5459 et
1403 5405 1469 5460 Saul
1499 5408 1711 5477 praceptorum
1732 5402 1795 5474 eius
1821 5402 1930 5459 rebellis
