3984 6034
81 249 137 302 357
727 247 915 305 EPlSTOLAE.
927 247 1080 304 -ttPtsr.
1096 241 1209 302 'extet
1781 250 1834 306 tte

79 388 183 439 umen
197 383 344 440 vinculum
364 381 572 438 benedictionis
586 381 779 438 insolubiliter
799 399 853 438 nos
865 399 933 438 con·
951 387 975 440 A
989 383 1106 455 praelsrs
1119 381 1246 438 hominis
1268 381 1423 438 interioris.
1444 382 1505 438 l'ali
1519 381 1631 439 virtutis
1645 384 1746 440 dacore
1761 385 1838 441 ima-

78 472 249 543 glntlnavit.
265 471 356 544 ipsios
374 487 500 542 nemque
523 470 686 526 dilectionis
709 470 936 527 vicissitudinem
990 473 1107 544 ginatur
1124 471 1282 528 similitudo
1302 469 1449 542 genitricis
1467 475 1544 526 tua:
1573 489 1639 528 cum
1661 475 1793 546 exemplo
1806 475 1839 530 il·

78 577 97 615 a
121 560 207 616 robis
229 576 360 631 exposco,
399 564 432 614 ut
463 559 520 614 mai
548 559 718 616 memeriem
752 560 881 615 habeatis
905 558 937 614 in
990 560 1196 615 liuslenamet
1211 559 1301 614 liutem
1324 557 1461 630 quaesisti,
1477 565 1506 614 et
1527 562 1712 632 stragulatam
1730 568 1837 619 restem

79 649 267 704 emtionibus
289 648 390 704 restris
413 652 442 704 et
455 653 553 702 sancto
572 648 727 704 conventui
754 655 847 704 vestm
862 665 938 704 com·
990 649 1203 720 operimentum
1226 648 1330 704 animae
1355 653 1412 703 tute
1432 647 1557 704 texuisti.
1571 650 1734 722 stragulata
1749 653 1838 725 quip-

80 739 238 794 mendetis.
260 738 333 803 Quid
361 738 463 808 plural
486 737 518 793 ln
546 735 632 792 iidem
662 742 783 792 vestram
809 739 936 794 enimam
990 755 1026 811 pe
1041 739 1127 794 vestis
1151 737 1292 808 induitur,
1308 753 1373 793 curn
1397 738 1501 792 virtute
1525 737 1672 794 charitatis
1696 740 1838 813 multipli-

80 842 179 882 mcam
194 833 224 881 at
237 842 342 896 corpus
353 841 462 894 meum,
474 831 665 899 cunctamque
680 825 936 898 congregationem
990 825 1071 882 cibus
1093 825 1202 882 intexta
1229 825 1329 897 liguris
1351 825 1444 881 tidelis
1459 841 1581 898 quaqua
1604 826 1700 882 anima
1721 827 1839 884 investi·

79 919 214 969 nostram
236 914 417 969 commendo.
443 913 541 968 Veleet
562 912 593 968 in
621 919 763 969 aeternum
788 914 937 970 beatitudo
990 918 1047 969 tur.
1064 915 1240 987 Resplendet
1268 913 1364 969 inbec
1382 918 1458 969 reste
1481 912 1561 984 regia
1576 913 1723 970 humilitas
1741 921 1770 971 et
1792 915 1839 972 ob·

80 1008 189 1057 restra.
989 999 1125 1068 odientia,
1159 1001 1250 1071 pietas
1278 1005 1306 1056 et
1333 1000 1517 1061 continentia,
1546 1001 1638 1055 carnis
1671 1001 1839 1058 castimonie

271 1072 487 1171 RffiPONSUfl·
501 1071 747 1171 fflLQGfflfflS·
812 1158 817 1171 ι
990 1094 1019 1144 et
1035 1087 1140 1143 mentis
1154 1088 1355 1156 sanctimonia,
1376 1088 1500 1160 denique
1515 1088 1593 1144 mille
1617 1089 1707 1144 millia
1732 1105 1840 1146 mamo-

158 1160 442 1234 1725'120111'9‘1‘9'1a
459 1164 519 1216 Μ’
536 1160 863 1232 ΜῊΗΙΜΜΜ·
988 1175 1059 1231 retis
1078 1175 1195 1231 similia.
1226 1177 1281 1231 llac
1305 1177 1444 1232 virtutum
1469 1177 1605 1232 verietate
1625 1177 1840 1234 circumamicta

116 1269 199 1324 flens
223 1274 275 1322 tae
301 1272 345 1321 ast
370 1266 451 1339 quasi
480 1268 572 1335 vallis,
597 1268 715 1339 qnando
744 1283 829 1322 mons
859 1268 890 1322 in
904 1271 933 1322 ta
989 1265 1129 1320 adextris
1143 1265 1251 1320 summi
1265 1265 1351 1337 Regis
1366 1265 1482 1331 assistis,
1503 1265 1581 1321 velut
1603 1266 1652 1320 illa
1672 1268 1840 1339 prophetica

81 1357 189 1427 surgit,
207 1356 356 1410 etiterum
377 1355 521 1410 civitatem
537 1363 566 1411 te
586 1361 672 1426 putas
691 1355 844 1424 adificare,
869 1371 935 1410 cum
989 1351 1102 1423 regine,
1121 1353 1171 1408 ubi
1186 1351 1417 1410 inestimabilem
1441 1353 1590 1426 sapientire
1613 1355 1780 1412 thesaurum
1798 1353 1840 1412 in·

83 1447 213 1516 aliquam
243 1460 360 1499 cansam
392 1459 458 1498 cum
496 1443 678 1499 contumacia
706 1443 835 1500 damnas.
863 1444 935 1498 Nam
989 1440 1101 1496 venisti.
1119 1441 1412 1498 Undalucisaeternae
1429 1442 1585 1498 candorem
1608 1444 1691 1514 qnasi
1708 1445 1742 1499 de
1758 1443 1839 1516 abys-

82 1536 134 1606 qni
148 1534 223 1589 eder
237 1533 342 1588 vulnus
357 1533 435 1604 qnod
447 1533 477 1587 in
498 1532 651 1602 putredine
667 1532 801 1597 tradetur,
822 1531 853 1587 in
876 1547 937 1587 rer·
988 1545 1020 1584 ao
1038 1529 1207 1586 mortalibus
1229 1530 1386 1586 ostendisti.
1409 1531 1485 1586 Audi
1508 1531 1598 1602 igitur
1617 1532 1686 1602 lilia,
1707 1539 1735 1588 et
1759 1533 1837 1597 vide,

82 1623 203 1677 beribus
224 1623 365 1687 vulneret,
394 1636 538 1678 venenum
562 1621 681 1675 mistum
708 1619 848 1692 sanguine
869 1621 936 1675 edu·
990 1617 1253 1674 etinclinaaurenr
1270 1625 1360 1682 tuam,
1385 1624 1418 1674 ut
1441 1619 1510 1692 quie
1532 1619 1655 1676 charitas
1671 1622 1699 1674 in
1716 1621 1838 1692 proximi

80 1714 130 1767 cit
148 1712 184 1766 lit
196 1712 253 1767 boc
266 1725 325 1765 non
338 1709 464 1781 prodest.
483 1707 531 1764 Sic
550 1715 594 1763 ast
609 1725 689 1763 mens
711 1708 790 1763 illius
811 1709 937 1764 bominis
954 1679 975 1732 B
991 1704 1145 1761 dilectione
1164 1708 1303 1774 consistit,
1330 1723 1383 1779 per
1405 1714 1462 1763 tua
1482 1709 1621 1764 orationis
1640 1709 1778 1764 euxiliam
1790 1726 1838 1765 ra·

81 1801 180 1872 quiin
194 1799 276 1855 nulle
299 1813 462 1868 reparcera
484 1800 553 1852 rull.
582 1798 677 1852 Bonus
696 1801 792 1851 antam
808 1797 936 1852 medicus
990 1794 1067 1849 niele
1084 1795 1206 1851 sentiam
1224 1795 1364 1868 quidquid
1389 1797 1417 1850 in
1434 1811 1480 1850 me
1505 1797 1838 1870 minusinrenioperle-

81 1891 206 1944 vulnera
230 1887 322 1959 ungit.
348 1887 404 1943 Sed
434 1886 613 1958 negligentia
636 1886 764 1941 bominis
789 1891 832 1941 est
859 1887 937 1941 velut
989 1888 1079 1938 ctum.
1097 1883 1297 1940 Indubitenter
1320 1885 1399 1940 enim
1425 1901 1568 1955 cognosco
1582 1889 1610 1940 tc
1626 1886 1661 1941 ab
1677 1902 1711 1941 ao
1734 1888 1840 1958 specie-

80 1986 188 2032 rentus
203 1976 340 2045 turbinis,
356 1982 385 2030 et
403 1975 486 2032 turoi·
504 1977 566 2046 ejus
589 1980 621 2030 ut
640 1990 746 2045 magne
769 1979 935 2045 tempestes.
991 1970 1046 2027 lius
1066 1972 1170 2039 audiri,
1188 1972 1216 2026 in
1238 1973 1320 2044 cnjus
1342 1973 1584 2046 contemplatione
1598 1974 1704 2045 saepius
1725 1981 1753 2030 te
1768 1993 1839 2033 con-

82 2068 168 2122 Nuuc
192 2081 262 2137 argo
286 2064 417 2135 intellige
441 2079 507 2135 quta
529 2063 587 2118 sint
600 2062 683 2118 utilia
698 2068 727 2117 at
743 2078 808 2133 ques
824 2062 934 2129 nociva,
990 2060 1080 2132 tingit
1093 2061 1255 2117 immorari.
1272 2062 1350 2133 lingo
1366 2063 1463 2126 etiem,
1479 2064 1557 2118 satra
1572 2069 1664 2134 grette
1680 2069 1738 2132 tua,
1758 2082 1840 2121 soror

80 2153 223 2227 qnoniam
243 2155 376 2226 qutedam
398 2159 518 2208 terrente
547 2158 686 2207 creature
706 2151 815 2206 babent
837 2149 936 2207 simili·
990 2155 1020 2204 et
1039 2149 1165 2218 domina,
1183 2156 1215 2204 ut
1236 2150 1343 2223 aliquid
1367 2151 1403 2206 de
1419 2151 1526 2207 coelesti
1546 2153 1743 2209 admonitione
1764 2155 1838 2210 mibi

81 2245 218 2298 tudinem
233 2257 354 2314 opernm
376 2239 538 2296 hominum.
562 2240 633 2296 Nem
654 2238 783 2295 volatilia
807 2243 875 2296 sunt
901 2240 936 2295 ed
989 2237 1178 2298 transmittas,
1200 2243 1233 2294 nt
1260 2254 1310 2310 per
1338 2239 1392 2294 hoc
1414 2244 1472 2295 tute
1493 2241 1649 2296 sanctitatis
1671 2243 1839 2300 memoriam

83 2332 214 2388 leominis
241 2330 480 2397 benevolentiam,
504 2343 609 2401 pecore
630 2329 665 2383 ad
685 2328 749 2399 ejus
773 2328 937 2399 intelligen-
989 2327 1082 2383 cordis
1103 2327 1160 2382 mai
1184 2326 1275 2382 oculis
1297 2333 1467 2399 anteponas.
1491 2329 1565 2394 Quid
1594 2330 1698 2401 plere?
1713 2332 1839 2404 Corpora

81 2423 165 2486 uam,
191 2420 290 2475 bastire
325 2420 359 2475 ad
395 2417 458 2489 ejus
484 2418 666 2490 sapientiam.
694 2418 811 2472 vermes
838 2422 936 2473 anum
989 2414 1103 2482 absens,
1119 2415 1221 2486 spiritu
1238 2431 1363 2488 presens
1396 2419 1425 2470 ta
1449 2417 1554 2484 saluto,
1579 2417 1684 2473 obnixe
1706 2434 1791 2474 orans
1809 2425 1841 2476 ut

81 2525 157 2581 qnos
172 2509 262 2564 sudor
272 2513 357 2562 terrae
372 2507 460 2578 ejicit,
483 2507 641 2578 respiciunt
671 2506 707 2561 ad
735 2506 840 2561 multes
861 2505 937 2576 cogi·
990 2501 1045 2558 mei
1062 2503 1220 2574 peccatoris
1236 2505 1401 2559 memineris
1425 2520 1491 2577 quae
1510 2521 1640 2576 gressum
1656 2509 1760 2563 mentis
1773 2525 1839 2566 cum

81 2599 210 2652 mtiones
223 2596 393 2662 bominum
414 2595 565 2666 incongrui
585 2610 653 2649 raro
673 2609 786 2649 termas
806 2596 841 2650 ed
857 2593 937 2650 mali·
989 2592 1126 2663 Apostolo
1140 2607 1255 2664 semper
1272 2591 1301 2646 in
1312 2593 1456 2648 anteriore
1471 2594 1609 2650 extendis.
1628 2596 1706 2651 Vale.

81 2688 229 2758 gnitatem
256 2700 367 2750 eorum,
396 2685 534 2739 venenosi
555 2689 651 2738 antem
685 2683 720 2739 ed
746 2682 935 2752 iracundiam,
1185 2679 1389 2737 RESPONSUM
1408 2681 1653 2737 tlltttEGtttuts.

82 2773 153 2827 tera
173 2777 270 2827 autem
285 2772 320 2827 ad
336 2771 544 2842 negligentiam
559 2787 681 2843 operum
703 2771 830 2826 illorum.
860 2771 937 2843 ttspi·
988 2769 1048 2824 Sub
1061 2769 1203 2841 parabole
1222 2769 1302 2824 occet
1319 2768 1351 2824 in
1368 2769 1421 2824 ltoc
1436 2769 1539 2826 seculo
1558 2769 1752 2825 laborandum
1766 2785 1837 2825 erre.

81 2877 114 2916 ce
128 2875 201 2931 argo
222 2860 259 2916 ed
280 2859 464 2930 Aquilonem,
480 2864 509 2914 et
523 2859 587 2914 ride
614 2858 760 2930 quomodo
781 2863 936 2929 tempestas
1028 2858 1133 2912 Umbra
1148 2859 1350 2929 mysteriorum
1365 2857 1416 2913 ilci
1426 2858 1512 2913 dicit:
1527 2859 1630 2913 Ventus
1646 2861 1696 2913 tlat
1710 2865 1739 2913 et
1751 2858 1839 2912 aerin

82 2955 116 3004 nt
129 2948 229 3003 fumus
243 2948 273 3002 in
289 2947 380 3002 nubes
398 2947 536 3002 ascendit.
555 2947 601 3003 Sic
616 2952 682 3003 sunt
700 2962 788 3018 opera
810 2946 936 3002 hominis
954 2945 1216 3031 evicissitndinem
1231 2945 1317 3012 radit,
1336 2951 1423 3019 etqua
1446 2947 1537 3002 nubes
1559 2947 1778 3018 complicantur,
1799 2947 1840 3002 ite

83 3036 240 3108 aliqnando
259 3036 382 3091 inutilia.
398 3035 453 3091 Sed
479 3036 568 3090 bomo
592 3035 642 3108 qni
666 3037 794 3107 undique
814 3035 936 3091 circum·
992 3034 1070 3104 qood
1080 3033 1235 3104 aliquando
1244 3034 1372 3102 turbide,
1385 3032 1486 3106 nigre,
1496 3035 1625 3090 candide
1637 3041 1752 3106 etpurre
1762 3040 1838 3092 sunt.

83 3126 234 3197 spiciendo
260 3126 334 3181 bene
348 3125 458 3194 vigilat,
480 3123 610 3179 tonitrua
629 3125 769 3180 abstrahit
792 3123 821 3178 in
848 3123 936 3179 bene·
991 3122 1036 3176 Sic
1051 3127 1082 3177 lu
1100 3121 1178 3190 lacis,
1195 3138 1212 3176 o
1228 3121 1309 3177 miles
1334 3123 1399 3192 Ilei;
1430 3139 1497 3178 nam
1522 3124 1551 3179 in
1573 3124 1703 3179 saeculori
1724 3124 1840 3179 tristitia

82 3213 213 3268 colentis
227 3220 258 3266 at
276 3213 307 3267 in
322 3213 386 3266 miti
410 3211 528 3266 scientia
542 3227 603 3266 sua.
629 3213 662 3266 lit
680 3212 732 3266 iste
752 3227 811 3266 non
826 3213 865 3267 sit
880 3212 938 3267 bel·
991 3210 1148 3280 aliquando
1164 3225 1205 3275 aa,
1221 3216 1253 3264 nt
1266 3209 1386 3264 inflante
1401 3216 1494 3278 rente,
1511 3215 1540 3267 et
1553 3209 1583 3266 in
1602 3213 1747 3282 voluptate
1764 3213 1839 3267 mul·

84 3302 161 3356 lator
176 3301 208 3355 in
218 3301 299 3372 Jactn
322 3300 436 3372 lepidis,
450 3316 503 3356 uec
517 3299 667 3372 negligens
688 3300 718 3355 in
737 3305 821 3355 vento
840 3301 938 3356 turbi-
990 3302 1087 3352 tarum
1110 3298 1279 3353 insidiarum
1304 3298 1421 3364 diaboli,
1436 3301 1518 3370 quasi
1533 3300 1563 3356 in
1582 3299 1776 3355 vicissitudine
1795 3316 1841 3356 ae·

84 3389 139 3445 nis.
159 3391 208 3446 Sol
222 3391 310 3458 lucet,
331 3390 408 3445 unde
421 3390 509 3445 homo
534 3404 770 3460 unamquemque
794 3405 855 3444 rem
870 3405 938 3444 cum
991 3385 1030 3440 ris
1042 3391 1129 3456 atqua
1146 3385 1175 3440 in
1188 3385 1323 3457 inquietis
1348 3386 1475 3442 moribus
1488 3387 1555 3457 tuis,
1573 3387 1650 3443 velut
1669 3388 1697 3443 in
1717 3387 1841 3444 nubibus

85 3478 285 3533 misericordie
308 3483 408 3550 ungat,
434 3477 503 3549 quie
524 3477 675 3532 fabricator
696 3476 746 3548 qni
771 3477 940 3533 lrrndamen·
992 3489 1022 3528 se
1042 3473 1291 3545 complicantibus,
1308 3475 1347 3528 ite
1361 3474 1438 3546 quod
1454 3491 1547 3530 moras
1561 3475 1601 3531 tui
1617 3477 1761 3533 interdum
1774 3483 1841 3532 sunt

84 3575 112 3622 ta
132 3584 187 3622 sna
212 3583 269 3621 nen
299 3573 377 3623 recte
403 3567 497 3638 ponit,
529 3565 722 3621 instrumenta
749 3581 802 3620 aua
829 3565 937 3636 dejicit.
991 3561 1116 3635 squalidi
1129 3563 1160 3617 in
1171 3562 1328 3630 turbidine,
1338 3563 1469 3619 exterriti
1479 3564 1510 3618 in
1522 3565 1681 3635 nigredine,
1698 3581 1798 3620 suaves
1810 3565 1841 3621 in

84 3639 246 3712 Praesident
265 3672 334 3726 ergo
348 3655 436 3710 bomo
464 3655 530 3728 quis
553 3654 590 3709 sit
601 3670 693 3710 casus.
715 3653 769 3719 Qui
782 3653 939 3724 suspirium
992 3651 1128 3720 candore,
1139 3657 1227 3722 atque
1238 3651 1324 3706 utiles
1337 3653 1366 3706 in
1383 3651 1518 3722 puritate.
1529 3653 1609 3710 Unde
1624 3652 1701 3707 andi.
1717 3652 1841 3718 Quidem

84 3746 182 3812 babet,
199 3743 248 3799 ille
271 3744 436 3800 tolerandus
459 3756 511 3798 ast.
536 3743 592 3808 Oui
605 3759 673 3798 vero
695 3744 786 3798 ileum
809 3747 937 3798 contem·
992 3739 1128 3794 dominus
1154 3738 1189 3793 dc
1204 3743 1302 3794 monte
1317 3755 1423 3810 magno
1438 3739 1540 3806 stabat,
1557 3745 1586 3794 et
1599 3755 1695 3794 servos
1710 3757 1777 3796 snos
1791 3757 1841 3796 vo-

85 3835 140 3902 nit,
165 3833 367 3905 corripiendus
394 3837 447 3902 ast,
476 3833 501 3887 si
524 3837 634 3904 potest,
664 3831 687 3887 si
721 3847 781 3886 nou
809 3831 937 3902 prodest,
991 3827 1065 3884 cavit
1081 3827 1202 3882 dicans:
1224 3847 1239 3877 «
1256 3827 1389 3883 Debitum
1402 3829 1780 3886 vestrumretldite.»alter
1793 3847 1841 3886 au-

85 3924 119 3978 ad
140 3923 197 3978 boc
217 3927 416 3994 opportunum
439 3926 555 3993 tempus
584 3924 740 3993 quaeretur,
758 3935 794 3975 ne
810 3919 858 3975 ille
873 3936 936 3976 mo·
992 3916 1228 3972 temeorumdem
1242 3932 1390 3971 servorum
1404 3931 1499 3971 coram
1512 3933 1546 3972 ao
1562 3917 1664 3987 stabat,
1680 3919 1753 3974 alter
1772 3934 1840 3974 vero

86 4014 190 4068 rietur.
215 4013 306 4066 Homo
328 4015 425 4065 annm
451 4025 505 4081 per
530 4009 717 4081 semetipsum
742 4012 888 4080 operatur,
910 4011 940 4064 et
992 4005 1120 4062 sedabat.
1138 4004 1172 4060 tat
1190 4005 1240 4076 qul
1253 4004 1346 4060 stabat
1360 4004 1509 4075 respondit
1528 4021 1535 4060 :
1553 4027 1567 4056 a
1584 4005 1703 4062 [lemine
1721 4006 1757 4062 dc
1780 4007 1842 4064 lon-

86 4100 215 4155 animam
244 4113 326 4154 suam
358 4096 513 4152 illuminet.
535 4098 613 4152 llans
640 4111 707 4151 vero
729 4111 795 4168 quea
815 4094 938 4151 homici-
991 4093 1099 4166 ginque
1113 4093 1231 4165 regione
1246 4093 1339 4148 exsilii
1350 4092 1425 4160 reni,
1445 4093 1496 4150 ubi
1510 4093 1651 4148 diversam
1672 4094 1843 4151 vicissitudi-

86 4189 169 4244 dinm
187 4203 246 4242 non
260 4187 392 4256 aedificet,
406 4186 552 4242 homicida
571 4201 630 4241 non
646 4189 707 4252 est3
732 4185 781 4241 sed
804 4185 828 4240 si
853 4200 939 4240 cause
991 4198 1059 4238 nem
1075 4182 1235 4238 morantia
1252 4181 1350 4238 multis
1368 4181 1537 4237 criminibus
1552 4186 1581 4237 et
1604 4182 1728 4254 peccetis
1742 4183 1839 4240 didici.

86 4278 136 4333 ille
151 4276 281 4333 evenerit
302 4291 369 4330 cunr
388 4289 485 4347 opere,
501 4289 615 4346 semper
630 4274 736 4344 lugeat,
751 4278 781 4329 et
794 4273 830 4328 ad
848 4273 938 4328 licam
955 4271 1013 4328 tto
1029 4287 1071 4326 vas
1096 4271 1175 4344 quod
1191 4275 1335 4342 prteeepte
1360 4275 1410 4326 toa
1436 4269 1476 4325 sic
1501 4271 1661 4342 preterivit
1690 4272 1769 4328 Unde
1789 4287 1842 4343 per

87 4365 216 4431 anhelet,
239 4364 377 4436 quoniam
405 4364 460 4418 boc
487 4363 666 4418 destructum
693 4362 835 4434 estquod
863 4362 937 4417 Deus
990 4361 1127 4415 timorem
1150 4359 1258 4415 amoris
1277 4359 1319 4414 tui
1339 4359 1407 4431 juro
1423 4360 1500 4431 quod
1526 4360 1652 4416 inomni
1669 4361 1754 4416 corda
1775 4376 1841 4417 meo

86 4451 252 4508 aedificarit.
993 4449 1133 4521 poenitere
1157 4449 1230 4504 volo.
1249 4446 1305 4504 Sed
1329 4453 1428 4503 teman
1456 4448 1547 4504 solam
1571 4454 1666 4518 tuum,
1691 4450 1791 4504 lunam
1813 4456 1842 4506 et

362 4520 530 4577 ΕΡΒΤΟΜ
554 4519 663 4576 CfflL
991 4538 1088 4593 stellas
1109 4537 1140 4592 iu
1161 4537 1276 4608 magnis
1304 4535 1462 4591 honoribus
1492 4553 1607 4610 semper
1633 4537 1738 4593 amavi.
1771 4557 1785 4590 a
1810 4539 1843 4593 Et

141 4627 169 4664 tl.
191 4626 312 4665 ΙΟΝΔΕΕΙ
331 4625 603 4666 UUOENBRUNNUNSIS
620 4625 656 4664 ΑΒ
676 4623 882 4663 ntmsotttuttt.
993 4625 1130 4681 Dominug
1145 4625 1206 4696 ejus
1218 4625 1274 4697 jpgi
1289 4625 1457 4695 respondit:
1476 4645 1491 4678 g
1510 4625 1595 4682 sgpqg
1614 4625 1700 4695 bone,
1723 4642 1841 4698 respon.

89 4697 256 4770 ΠΜῙῘΜ
278 4697 432 4754 &mii
455 4695 652 4753 &mnium
672 4696 729 4752 ’ἕω
745 4695 935 4752 mmm·
990 4729 1055 4768 sum
1080 4719 1174 4782 tuom,
1202 4729 1248 4770 me
1275 4714 1472 4771 circumeunte
1502 4719 1574 4783 rota,
1603 4715 1643 4770 sic
1667 4715 1777 4786 accipio
1797 4713 1840 4768 di·

120 4807 294 4861 llrtneoeem
309 4803 392 4860 olives
405 4805 542 4876 speciose
556 4809 586 4859 et
600 4803 764 4874 margaritae
791 4804 935 4873 pretioete,
990 4815 1059 4856 cens
1077 4816 1083 4855 :
1101 4802 1159 4872 Ego
1181 4800 1306 4872 quisine
1330 4801 1413 4858 initio
1441 4807 1469 4858 at
1487 4802 1549 4858 sine
1569 4803 1626 4858 line
1653 4803 1727 4870 viva,
1758 4809 1786 4857 te
1809 4803 1841 4857 in

85 4897 117 4951 ll.
134 4896 198 4950 solo
219 4894 338 4949 nomine
360 4893 519 4948 monachus
539 4893 569 4947 in
594 4891 847 4959 ltutenbrunnurn‚
869 4906 935 4946 cum
991 4889 1105 4962 magnis
1131 4890 1289 4946 honoribus
1314 4907 1402 4962 snpra
1419 4891 1517 4947 omnia
1532 4907 1597 4964 qure
1611 4891 1712 4947 amasti
1731 4906 1840 4965 ponere

84 4985 206 5040 ardente
229 4982 363 5053 lampade
381 4982 489 5037 celasti
502 4982 615 5052 Sponso
634 4980 747 5035 ebriam
763 4980 816 5034 ire.
990 4979 1064 5048 volo,
1081 4994 1134 5034 nec
1148 4994 1213 5034 mea
1236 4979 1411 5051 possibilitas
1423 4984 1452 5035 ta
1465 4979 1678 5048 condemnabit,
1695 4980 1765 5052 quia
1788 4995 1841 5051 per

118 5070 527 5143 uquampctclrceatccstc
550 5065 935 5142 generalioremclnrs'tole3
989 5067 1188 5138 poenitentiam
1213 5069 1319 5124 receati
1342 5084 1431 5124 me.»
1456 5067 1560 5124 Servus
1582 5073 1678 5124 autem
1693 5067 1743 5141 qni
1757 5068 1839 5124 seda·

82 5158 262 5216 irnmormlie
282 5157 360 5214 enim
386 5162 429 5216 cel
445 5157 586 5214 memoria
605 5156 696 5225 illiue
715 5155 786 5229 quio
806 5159 834 5211 ct
856 5157 937 5229 apud
988 5157 1048 5224 bat,
1078 5155 1118 5212 sic
1143 5156 1327 5229 dedignando
1342 5157 1490 5229 respondit
1506 5173 1513 5212 :
1528 5180 1539 5208 ι
1557 5156 1606 5212 Sol
1621 5162 1687 5213 tuns
1702 5171 1748 5213 me
1763 5172 1840 5212 com·

85 5252 177 5305 Man
190 5253 260 5303 note
272 5250 317 5303 cst
329 5251 358 5303 el
371 5247 450 5319 apud
463 5247 593 5302 bominac
607 5247 685 5318 (Sap.
703 5243 937 5316 retrahentem
972 5244 1091 5315 ,bussit
1107 5245 1176 5302 luna
1194 5252 1244 5302 tua
1259 5263 1306 5302 rna
1320 5245 1425 5317 tetigit,
1442 5246 1532 5301 stallae
1546 5251 1603 5301 tuse
1625 5261 1670 5302 me
1694 5261 1839 5318 compres-

84 5337 209 5410 pulchra
229 5340 317 5408 etque
339 5335 423 5392 beata
445 5334 633 5407 generatione
659 5338 696 5401 ta,
719 5332 825 5388 summi
851 5332 937 5404 Regis
990 5338 1099 5402 serunt,
1115 5335 1210 5407 capilli
1232 5335 1318 5391 etiem
1333 5334 1433 5405 capitis
1455 5334 1513 5390 mei
1531 5335 1566 5390 de
1592 5349 1656 5391 rore
1669 5340 1721 5391 tuo
1742 5321 1840 5391 inlecti

84 5427 189 5496 titiam,
209 5424 430 5481 clarescentibus
454 5424 594 5480 virtutum
619 5422 734 5480 indiciis
753 5426 832 5495 patet
854 5437 936 5477 eror·
990 5427 1075 5492 sunt,
1096 5427 1126 5480 et
1147 5422 1252 5496 pluvie
1274 5427 1332 5478 tue
1362 5438 1448 5493 super
1479 5437 1525 5478 me
1556 5423 1788 5492 inundevernnt;
1812 5429 1840 5480 et

85 5522 155 5587 um,
179 5516 289 5588 quippe
310 5531 376 5588 quse
397 5515 429 5570 in
447 5514 519 5570 facia
544 5513 673 5585 preclari
699 5510 795 5583 operis
811 5512 936 5568 formam
989 5511 1056 5569 ideo
1069 5511 1105 5569 ab
1123 5512 1168 5568 hie
1183 5510 1316 5568 omnibus
1334 5510 1489 5584 impeditas
1503 5516 1532 5567 la
1546 5511 1688 5585 inspicere
1702 5528 1761 5568 non
1787 5529 1840 5586 po-
