3984 6034
99 285 149 340 ott
402 280 505 339 tinuit
525 280 678 339 civilior.
699 281 801 338 OPER.
824 280 992 341 siurtlels
1012 280 1170 339 uotiuis
1186 312 1221 323 -
1240 280 1330 339 PARS
1348 280 1370 350 l,
1390 281 1483 340 VISIO
1502 282 1547 338 it.
1796 286 1849 341 8l8

99 416 162 487 ipse
175 418 359 471 conmmator
372 418 401 471 et
411 412 574 469 animarum
586 416 778 486 etcorporum
793 419 846 471 ost.
862 414 943 481 Quod
962 414 1105 473 Adollam
1119 416 1238 488 repleat.
1255 416 1288 471 lit
1301 415 1341 471 sic
1354 430 1458 487 corpus
1470 416 1508 474 ad
1534 416 1715 489 vigilandum
1727 417 1843 485 excitat,

99 504 188 560 eliam
204 503 241 559 ab
259 518 328 559 aura
352 502 388 558 ad
404 502 523 559 alteram
537 518 648 569 aorem,
672 507 701 557 et
723 502 758 558 ab
779 502 897 559 auribus
911 503 946 559 ed
1001 509 1031 559 et
1043 503 1079 559 ad
1091 504 1221 561 laborem
1242 510 1361 573 recreat,
1376 504 1445 573 quia
1469 506 1539 560 duni
1558 505 1714 578 aliquando
1728 508 1848 563 carnali·

99 594 243 657 humeros,
261 596 347 665 atque
362 592 399 648 ab
420 591 550 647 humeris
571 591 607 647 ad
628 592 716 647 linem
739 590 873 663 gutturis,
888 606 946 647 iiiia
1001 592 1054 649 biis
1067 592 1303 664 concupiscentiis
1328 592 1446 660 insistit,
1464 591 1583 649 taedium
1603 594 1717 649 illarum
1741 596 1848 667 sepius

99 696 245 749 mensura,
262 684 294 736 iit
307 680 476 752 predictum
496 684 548 747 est,
563 680 696 749 existens,
714 680 856 751 significat
869 680 946 752 quod
1001 679 1132 748 incurrit,
1146 680 1197 736 sed
1219 680 1287 736 duro
1310 677 1413 735 exinde
1428 679 1503 734 sires
1523 694 1589 735 suas
1612 683 1797 752 reparaverit,
1812 682 1847 738 ad

98 771 187 826 liomo
203 772 346 841 precepta
363 766 414 823 liei
429 766 547 823 auribus
570 768 740 840 percipiens,
761 767 947 839 humerisque
1001 768 1148 824 seruitium
1165 769 1215 825 liei
1229 784 1259 825 se
1277 772 1366 823 totam
1390 768 1521 826 reflectit.
1546 769 1619 825 Cum
1634 775 1730 826 autem
1744 787 1846 827 secun·

98 859 161 914 suis
175 858 225 913 illa
240 856 364 914 fideliter
377 856 543 927 imponeris,
563 863 591 912 et
610 856 692 929 quisi
707 860 822 927 gulture
837 870 889 910 erio
913 871 947 911 ea
1000 856 1070 912 dum
1095 858 1235 914 desideria
1258 874 1310 912 sua
1331 862 1477 928 operatur,
1504 856 1539 911 ad
1571 858 1661 913 ileum
1683 876 1713 914 se
1735 859 1844 929 tainus,

98 946 131 1002 in
152 962 182 1002 se
203 946 329 1013 treberis,
356 944 386 999 iu
411 944 545 999 omuibus
573 946 713 1023 equalem
736 949 766 1001 et
791 944 945 1000 discretum
1000 946 1086 1001 verba
1101 946 1188 1002 David
1198 946 1339 1018 sequitur,
1350 945 1401 1018 qui
1417 961 1463 1000 me
1475 945 1634 1017 inspirante
1644 946 1730 1002 dicit:

99 1035 217 1090 modurn
234 1033 338 1089 habere
353 1033 446 1097 dubet,
473 1037 614 1105 quatenus
630 1034 664 1088 ad
685 1033 850 1105 equitatem
866 1033 945 1089 illam
1007 1050 1101 1108 Vespa
1113 1050 1204 1105 David
1214 1055 1239 1106 02
1250 1066 1351 1105 mm
1363 1067 1421 1121 qua
1432 1048 1527 1121 accipi
1547 1050 1649 1105 deneng
1666 1051 1705 1106 aa
1718 1051 1846 1108 (firm,

97 1122 258 1195 pervoniat,
286 1121 335 1177 irbi
361 1122 442 1178 nulla
471 1122 610 1177 tortitudo
632 1127 684 1177 est.
716 1122 787 1177 Nam
817 1122 945 1195 quaudiu
1070 1120 1773 1195 animaretcorporisexercitationespertinenlic.

97 1228 203 1284 corpus
219 1216 326 1283 peccat,
347 1209 448 1266 tandiu
462 1211 559 1265 anima
580 1211 610 1266 in
624 1226 742 1283 corpore
762 1210 883 1284 peccatis
898 1210 945 1266 dc·
1034 1212 1117 1267 xit«
1142 1210 1198 1266 Sub
1229 1210 1332 1265 umbra
1355 1209 1599 1265 alaioiutuarum
1628 1217 1847 1282 prolegomen

97 1300 158 1355 dila
173 1298 370 1367 conturbetur,
395 1303 424 1354 at
445 1304 586 1371 quantiam
604 1314 708 1371 corpus
721 1314 772 1370 per
796 1298 945 1353 abstineri-
998 1299 1070 1356 tocie
1082 1298 1237 1371 impiorum
1253 1298 1717 1370 quimouillixeruutll’aol.1ri).
1734 1319 1748 1351 e
1763 1299 1845 1365 Quod

97 1388 168 1444 ham
189 1388 220 1443 in
234 1388 406 1459 paenitentia
421 1388 569 1459 affligitur,
586 1392 697 1443 tautum
715 1388 810 1443 eriima
826 1388 861 1443 de
874 1404 945 1459 prm·
999 1386 1039 1442 sic
1053 1386 1212 1443 intellectui
1232 1390 1329 1458 patet:
1345 1386 1387 1442 Tit
1405 1385 1457 1458 qui
1478 1385 1611 1441 defensor
1629 1385 1759 1442 omnium
1774 1388 1847 1443 tide·
1939 1439 1941 1442 .

96 1477 156 1535 mio
176 1482 291 1533 mierum
317 1476 417 1548 gloriae
449 1477 566 1549 gaudet,
599 1478 738 1549 quoniam
762 1478 837 1532 sicut
858 1476 945 1531 lioiiio
999 1475 1070 1531 hom
1094 1492 1136 1545 es,
1160 1475 1212 1530 sub
1237 1475 1334 1547 quiete
1357 1475 1580 1530 fortissimarum
1601 1475 1710 1533 virium
1728 1482 1844 1532 tuarum

96 1566 213 1622 initium
244 1582 365 1639 operum
389 1580 508 1620 suorum
533 1565 659 1637 inspicit,
679 1566 718 1621 ita
741 1566 828 1621 etiam
856 1564 943 1621 finem
1000 1564 1120 1620 deiende
1135 1581 1191 1631 rue,
1207 1563 1258 1635 qui
1285 1563 1338 1619 suh
1354 1563 1482 1635 potentia
1505 1579 1558 1618 sua
1578 1580 1642 1619 sum
1659 1568 1687 1619 te
1710 1564 1845 1634 adorans,

96 1670 198 1710 eorum
218 1659 247 1710 ct
270 1654 373 1709 merite
392 1654 547 1725 diligenter
566 1654 737 1710 consideret.
760 1654 864 1711 Anima
887 1652 945 1708 ita-
999 1656 1028 1707 te
1054 1654 1161 1716 colens,
1187 1656 1216 1706 et
1238 1667 1296 1706 uon
1330 1652 1368 1707 ad
1396 1650 1521 1707 alienum
1537 1656 1567 1707 et
1587 1652 1734 1707 illusorem
1759 1653 1846 1707 deum

97 1759 154 1817 que
184 1744 256 1799 adeo
288 1743 318 1798 in
341 1742 464 1798 lerinam
490 1742 618 1799 hominis
644 1742 777 1810 mittitur,
802 1746 945 1815 quatenus
963 1712 984 1768 B
1000 1741 1174 1812 respiciens,
1197 1744 1227 1795 et
1247 1740 1336 1795 libera
1362 1754 1408 1793 ma
1428 1756 1444 1793 a
1467 1740 1599 1810 pessimis
1623 1744 1653 1795 et
1673 1740 1846 1812 turpissimis

96 1834 197 1888 eadem
213 1832 307 1887 lorino
326 1848 378 1904 per
395 1831 486 1905 ipsam
503 1830 672 1902 vivificetur,
687 1837 716 1888 et
729 1831 798 1904 quia
817 1847 835 1886 a
857 1832 943 1887 Crea—
998 1828 1235 1901 concupiscentiis
1249 1826 1441 1899 malignorum
1455 1826 1621 1899 spirituum,
1637 1844 1702 1900 quie
1721 1829 1753 1883 in
1766 1829 1846 1889 dele·
1891 1896 1896 1907 ,

96 1926 159 1977 tore
173 1936 226 1977 suo
249 1938 278 1977 ee
309 1922 420 1977 venisse
440 1920 591 1988 consentit,
614 1918 719 1976 idcirco
743 1920 830 1976 eliam
856 1920 944 1975 homo
998 1916 1122 1974 clatione
1135 1916 1228 1973 caruis
1252 1931 1298 1971 me
1312 1915 1454 1987 affligunt.
1482 1915 1561 1971 Unde
1584 1916 1769 1972 etauimain
1784 1933 1848 1989 per·

96 2014 156 2065 tani
176 2010 207 2065 in
236 2016 312 2067 secta
332 2010 441 2082 aliqua,
463 2024 550 2082 quam
580 2007 611 2065 iu
643 2009 699 2066 lide
723 2014 800 2065 recta
822 2007 943 2082 positus,
998 2004 1122 2061 lectione
1138 2004 1226 2076 bujue
1250 2003 1375 2059 uictoriae
1393 2002 1479 2059 dicit:
1499 2021 1514 2055 a
1534 2005 1556 2060 0
1578 2020 1654 2072 caro,
1671 2010 1700 2061 ct
1722 2020 1845 2061 omem·

97 2102 188 2156 ileum
211 2098 352 2165 nominat,
375 2099 512 2171 quioniam
534 2098 589 2155 hoe
601 2114 635 2154 ex
650 2098 733 2155 bouis
750 2098 861 2154 viribus
882 2097 943 2153 ani·
998 2094 1061 2163 bra,
1080 2092 1111 2149 iii
1126 2092 1231 2165 quibos
1244 2092 1352 2160 habito,
1368 2092 1616 2164 quamplurimum
1631 2094 1755 2166 gaudeo,
1770 2108 1844 2166 qno·

96 2204 153 2244 mie
177 2186 231 2243 sibi
254 2185 373 2243 insitum
394 2187 491 2244 habet.
515 2174 697 2259 Quapropter
719 2186 818 2259 etipse
835 2200 941 2242 nomen
998 2182 1120 2239 uiamio
1135 2197 1185 2237 ios
1208 2181 1294 2237 missa
1312 2196 1389 2249 sum,
1411 2181 1480 2251 quia
1501 2196 1569 2235 cuin
1585 2180 1656 2235 mibi
1669 2182 1844 2249 consentitis,

98 2276 148 2333 llei
163 2274 320 2348 querendo
344 2276 376 2331 iu
402 2275 584 2331 altitudinem
608 2275 748 2339 ascendit,
776 2280 862 2348 atque
892 2290 945 2346 per
998 2273 1035 2329 ad
1049 2276 1157 2328 aeterua
1175 2270 1295 2342 premia
1310 2284 1355 2326 me
1375 2268 1499 2326 millitis.
1516 2290 1531 2319 ρ
1551 2269 1655 2325 Anima
1669 2275 1766 2326 autem
1780 2286 1845 2343 qnae

97 2365 253 2438 quemdem
285 2365 379 2436 legem
404 2363 582 2435 disciplinam
611 2364 763 2429 excribrat,
788 2379 846 2437 qua
864 2363 946 2419 illurn
999 2360 1086 2416 scutit
1115 2360 1191 2431 quod
1216 2373 1303 2431 praru
1325 2374 1414 2429 opera
1442 2358 1535 2427 ipsam
1555 2362 1686 2430 tangant,
1711 2357 1752 2413 sic
1771 2358 1843 2415 dicit

96 2466 185 2524 quem
206 2450 339 2506 nominat
357 2456 517 2507 veneretur.
544 2452 598 2509 Sed
623 2457 653 2508 et
679 2452 776 2508 anime
803 2450 944 2520 judicium
999 2449 1193 2505 moereudo:«
1209 2446 1287 2503 rich!
1310 2446 1380 2517 quia
1407 2446 1438 2501 iu
1462 2445 1627 2518 hujusmodi
1650 2446 1848 2504 babitaculum

99 2541 150 2596 liei
164 2554 251 2610 supra
265 2539 531 2611 prevaricationem
545 2542 616 2613 legis
635 2555 769 2597 casarum
787 2538 943 2609 cognoscit,
999 2538 1087 2593 missa
1102 2551 1178 2603 sum,
1193 2535 1271 2607 quod
1286 2535 1316 2591 in
1337 2535 1469 2591 umbram
1484 2534 1585 2591 mortis
1600 2551 1647 2591 me
1665 2535 1760 2601 trabit,
1773 2551 1846 2608 quo·

96 2630 174 2685 undo
189 2634 285 2701 etpro
307 2627 477 2684 criminibus
496 2630 556 2685 suis
578 2646 642 2703 qum
658 2628 863 2685 thesaurizavit
878 2643 943 2683 cum
999 2628 1079 2681 uiam
1106 2622 1257 2681 delectatio
1280 2622 1342 2694 ejus
1374 2622 1621 2695 quomadmodum
1648 2622 1846 2678 molendinum

97 2719 209 2784 dolore,
238 2722 354 2789 tegmen
379 2732 462 2773 suum
487 2718 641 2791 aliquando
664 2719 804 2789 lacrymas
824 2717 945 2773 educere
999 2730 1047 2769 me
1058 2727 1173 2768 currere
1191 2711 1267 2781 lacit,
1279 2716 1309 2766 et
1321 2726 1409 2783 opera
1424 2710 1525 2765 mortis
1537 2709 1691 2781 operari.»

96 2807 175 2873 tacit,
201 2806 274 2861 sicot
300 2806 387 2861 etiam
412 2808 518 2879 tlegma
545 2824 598 2879 per
617 2806 693 2863 labia
716 2806 838 2878 ejicitur,
859 2812 945 2877 atque
1000 2817 1078 2887 Quod
1090 2815 1165 2873 ,ient
1185 2833 1240 2897 per
1261 2816 1478 2886 firmamentum
1495 2817 1523 2869 et
1547 2814 1845 2871 „eriminatorum

96 2911 162 2949 cuni
186 2894 284 2949 dolore
306 2894 360 2949 isto
384 2910 488 2965 corpus
511 2894 541 2949 iii
566 2910 623 2967 quo
648 2895 717 2950 latet
738 2894 779 2949 ita
802 2894 889 2965 capit,
913 2898 946 2947 ut
1034 2885 1471 2967 ejocqiinlrtntesterrnofficic
1489 2884 1679 2954 complentur,
1697 2884 1739 2939 ita
1753 2889 1781 2941 et
1795 2902 1848 2957 per

97 2982 169 3039 illud
203 2984 238 3038 de
262 2982 375 3055 injustis
404 2982 538 3055 operibus
571 2982 629 3037 suis
656 2982 823 3037 erubescere
850 2979 984 3065 lacinto
1034 2954 1847 3102 {ggi’ffisssqz‘ffrmeffffleffamgfflffifflawn

1270 3069 1280 3094 2

97 3076 229 3173 Attamen
244 3088 347 3172 corpus
368 3076 484 3171 gustum
508 3072 602 3171 curuis
617 3070 757 3171 sequitur,
783 3068 945 3141 animaeque
1034 3100 1129 3173 apale
1142 3099 1293 3171 qut-Mam·
1306 3097 1337 3152 id
1350 3101 1393 3153 m
1406 3099 1491 3166 rau-⁰,
1532 3112 1567 3150 uo
1583 3096 1713 3151 mem-a
1725 3100 1846 3168 appetat

99 3160 245 3216 multoties
256 3166 373 3228 resistit,
387 3176 422 3216 uc
443 3176 473 3215 iii
494 3160 674 3216 altitudinem
697 3160 777 3215 illam
798 3158 943 3225 ascendat,
1033 3174 1062 3226 (ρ
1074 3171 1149 3226 „pm
1162 3169 1228 3226 012·ae
1241 3169 1346 3242 quipus
1367 3184 1471 3240 corpu,
1523 3165 1666 3222 ministret
1684 3166 1789 3225 anim
1800 3171 1844 3225 aa.

97 3249 129 3303 iu
145 3264 203 3321 qua
216 3250 309 3305 ileum
324 3249 419 3317 sentit,
444 3253 474 3304 et
500 3264 562 3304 earu
580 3248 621 3303 sic
636 3253 767 3314 excecat,
783 3247 832 3302 sed
849 3252 944 3301 lamen
1035 3241 1232 3297 trihalecuiit.

96 3337 138 3393 ila
160 3338 324 3410 opprimere
350 3354 409 3393 non
424 3337 509 3403 valet,
538 3335 609 3409 quio
622 3352 679 3409 ‚pro
702 3335 824 3409 peccatis
837 3336 943 3402 doleat,
1032 3330 1098 3386 xxi.
1114 3330 1147 3385 Et
1173 3332 1267 3385 totuin
1285 3342 1389 3399 corpus
1418 3323 1545 3382 hominis
1570 3322 1657 3397 capiti
1679 3325 1846 3397 suoadjuu·

98 3428 228 3499 quamvis
243 3428 330 3483 bomo
344 3425 457 3500 idipsis
470 3426 637 3495 delectetur,
663 3430 692 3481 at
706 3424 873 3497 huiusmodi
887 3440 945 3495 poc-
998 3422 1076 3473 ctum
1100 3422 1154 3485 est,
1174 3417 1246 3473 sicut
1267 3420 1296 3471 et
1319 3421 1396 3470 terra
1418 3430 1485 3470 cum
1504 3413 1639 3470 omnihus
1664 3414 1846 3484 appendiciis

97 3515 249 3571 nitentium
282 3514 403 3586 maligui
437 3512 555 3586 spiritus
583 3528 732 3585 uunquam
769 3512 941 3567 babuerunt.
999 3506 1060 3561 suis
1084 3505 1268 3560 firmamento
1285 3504 1430 3570 scherem
1447 3507 1533 3575 atque
1547 3503 1634 3559 lioiuo
1654 3517 1707 3575 per
1727 3518 1845 3557 sensua-

97 3602 175 3659 uude
188 3609 217 3660 et
230 3602 311 3659 ratde
334 3602 508 3659 erubescunt
528 3602 597 3675 quia
611 3617 675 3657 caui
700 3600 813 3657 bomini
833 3601 944 3657 abstra·
997 3594 1107 3652 litatem
1121 3592 1222 3664 capide
1236 3596 1312 3647 totus
1335 3591 1457 3663 regitur,
1479 3591 1725 3663 quemadmodum
1750 3595 1779 3647 et
1791 3608 1844 3662 per

95 3692 166 3749 bere
181 3708 240 3748 uon
254 3695 383 3764 possunt.
998 3682 1214 3737 firmamentum
1224 3695 1348 3753 quiequc
1358 3677 1452 3735 olilcia
1475 3682 1561 3733 terrie
1590 3679 1780 3748 complentur.
1803 3678 1846 3731 lla

95 3803 137 3856 p,
150 3797 378 3855 dmbmvgribm
393 3796 495 3853 anim,
519 3812 643 3869 ,Imm
662 3796 758 3852 auem
771 3794 801 3851 ρ,
820 3794 863 3850 qq,
880 3810 944 3866 w„
998 3770 1086 3827 etiam
1109 3769 1213 3825 eodem
1234 3767 1319 3823 modo
1333 3765 1511 3836 experientia
1536 3764 1695 3820 coelesliiim
1710 3768 1740 3819 et
1754 3768 1844 3819 terre-

131 3868 171 3925 cd
191 3870 281 3924 Deum
302 3871 436 3941 spectarit
460 3838 587 3939 jubetur,
604 3867 700 3925 allero
720 3866 752 3923 in
770 3865 944 3939 oioi'ficoiido
997 3859 1101 3917 stilum
1115 3858 1219 3913 animae
1233 3856 1325 3925 adest,
1341 3861 1371 3911 et
1392 3854 1578 3921 rationalitas,
1595 3867 1654 3925 qua
1674 3851 1802 3907 celestia
1817 3856 1845 3907 et

131 3938 306 4013 ”elfelm
325 3954 443 4011 c‘illim
459 3954 511 3995 ΜΘ
526 3938 666 4013 funditur·
997 3946 1144 4006 terrestria
1158 3946 1254 4013 sentit,
1278 3944 1334 4016 ipsi
1356 3943 1445 3999 iuliae
1465 3946 1517 3998 cst.
1545 3942 1618 3998 Nam
1642 3944 1672 3996 et
1693 3939 1768 3994 sicut
1785 3956 1845 3995 ier·

129 4044 198 4101 xlx.
215 4044 248 4101 Et
261 4044 359 4099 aalma
379 4044 450 4099 duas
467 4043 543 4100 vires
568 4043 665 4111 habet,
688 4042 793 4116 quibus
815 4043 943 4099 laborem
996 4038 1067 4094 boni
1084 4037 1134 4094 liei
1150 4036 1248 4091 oninia
1272 4032 1457 4106 pertransivit
1474 4031 1611 4097 creando,
1632 4028 1674 4085 ita
1696 4032 1725 4085 ct
1746 4029 1845 4086 anima

97 4140 126 4189 et
152 4133 280 4207 quietem
308 4132 469 4189 studiorum
495 4148 614 4189 snorum
644 4133 749 4205 aequali
775 4132 942 4188 fortitudine
998 4132 1207 4198 totumeorpus
1221 4123 1376 4195 pertransit
1393 4138 1460 4177 cum
1480 4120 1543 4193 ipso
1565 4118 1723 4193 operando.
1739 4118 1845 4174 Anima

96 4225 250 4291 temperat,
269 4220 309 4276 ila
330 4223 362 4277 ut
384 4237 451 4278 cum
474 4223 565 4277 altera
595 4220 626 4276 iii
645 4221 827 4277 altitudinem
850 4222 942 4277 Deum
998 4231 1115 4288 quoque
1126 4213 1253 4269 viriditas
1275 4210 1370 4267 caruis
1387 4215 1440 4278 est,
1465 4208 1603 4281 quoniam
1629 4222 1733 4280 corpus
1751 4206 1844 4262 homi-

94 4309 247 4367 seutieiido
263 4310 407 4377 ascendat,
436 4314 463 4365 el
478 4324 543 4365 cum
557 4310 648 4365 altera
665 4314 757 4365 totum
779 4324 883 4381 corpus
911 4308 942 4363 in
963 4297 1044 4361 Deis
1062 4320 1114 4376 per
1122 4302 1202 4359 illam
1215 4300 1316 4358 crescit
1329 4305 1359 4355 et
1372 4295 1493 4371 prolicit,
1509 4295 1753 4369 quemadmodum
1767 4300 1845 4351 terra

97 4402 213 4471 quoest
232 4398 374 4470 possideat
394 4398 489 4454 iuillo
512 4400 668 4471 operando,
687 4398 755 4471 quia
777 4397 945 4469 incorpore
1001 4409 1052 4465 per
1080 4392 1282 4448 humiditatem
1314 4386 1461 4445 fructifera
1487 4391 1549 4453 est;
1574 4391 1603 4441 et
1624 4384 1712 4440 ctiam
1742 4384 1844 4440 eadem

97 4484 213 4554 operari
229 4485 398 4553 delectetur,
422 4484 560 4555 quoniam
578 4485 652 4540 illrid
671 4500 688 4540 a
710 4484 767 4540 ilco
786 4484 943 4539 formatum
1000 4482 1097 4539 anima
1119 4480 1275 4537 humiditas
1296 4476 1424 4550 corporis
1441 4478 1492 4540 ast,
1517 4474 1584 4547 quia
1605 4473 1678 4529 illud
1697 4472 1845 4528 humectat

95 4578 151 4640 est,
166 4577 196 4628 et
212 4573 274 4644 ipsa
285 4589 357 4645 opus
371 4574 499 4645 corporis
520 4574 555 4629 ad
571 4570 779 4646 perficiendum
795 4573 875 4627 iolor
889 4574 942 4626 est.
999 4588 1036 4626 ne
1056 4574 1174 4636 arescat,
1198 4569 1272 4623 sicut
1296 4567 1389 4623 imber
1420 4568 1528 4619 terram
1551 4559 1687 4617 iufundit.
1712 4558 1742 4614 Si
1764 4558 1843 4613 enim

97 4663 163 4733 lpea
176 4660 265 4717 ctiam
278 4661 479 4731 iucercbriim,
493 4666 523 4718 at
535 4661 566 4717 iii
580 4676 640 4730 cor,
660 4676 693 4716 ac
717 4658 748 4715 iii
760 4659 942 4730 sauguinem,
999 4655 1156 4713 humiditas
1170 4655 1397 4711 imbrium-recte
1417 4655 1447 4706 et
1469 4648 1602 4706 ordinate
1618 4650 1646 4702 et
1660 4662 1718 4701 nou
1741 4661 1842 4717 super·

95 4750 165 4807 etin
183 4748 350 4816 medullam,
368 4754 398 4806 et
413 4749 443 4804 in
467 4754 560 4807 totum
576 4764 680 4821 corpus
707 4747 776 4803 illud
795 4746 943 4819 implendo
998 4747 1056 4802 tlue
1069 4743 1230 4810 descendat,
1247 4757 1309 4797 eam
1330 4739 1492 4812 germinare
1506 4737 1589 4793 tacit:
1605 4735 1629 4791 ei
1641 4739 1738 4791 autem
1759 4734 1841 4790 inor·

95 4836 242 4905 ascendit;
258 4838 394 4894 necillod
413 4838 490 4894 ultra
508 4854 561 4895 uec
583 4840 749 4911 plusquam
770 4836 942 4907 possibilitas
998 4836 1095 4891 dinato
1115 4832 1234 4902 defluat,
1252 4830 1331 4886 illam
1353 4826 1519 4885 suffocando
1544 4841 1610 4881 cum
1632 4823 1763 4896 germine
1790 4839 1842 4879 siio

94 4927 187 4999 ipsius
201 4926 329 4997 corporis
343 4926 428 4993 valet,
454 4926 538 4995 leret,
562 4926 630 4998 quia
649 4923 779 4998 quemvis
797 4922 893 4979 anima
911 4924 943 4979 iii
997 4921 1128 4983 destruit.
1151 4920 1194 4977 Ab
1223 4917 1320 4973 anima
1354 4916 1462 4989 quippe
1485 4915 1559 4971 circs
1582 4912 1716 4987 quiedam
1738 4926 1843 4983 corpus

96 5030 218 5086 corpore
229 5030 347 5071 maneus
368 5014 494 5087 plurima
513 5015 590 5071 bona
608 5014 721 5087 operari
740 5013 862 5081 studeat,
877 5011 943 5085 pliie
997 5010 1124 5067 bominis
1138 5005 1307 5063 vivificando
1334 5004 1504 5076 procedunt,
1533 4999 1842 5076 quemadmodumbu

94 5110 195 5161 tameu
219 5104 374 5175 procedere
395 5118 454 5159 uon
475 5108 571 5174 polest
591 5118 678 5175 quain
698 5101 795 5157 diviua
810 5101 943 5173 gratiaci
998 5098 1159 5177 miditasab
1171 5112 1258 5169 aqua,
1277 5099 1453 5167 quapropter
1478 5096 1508 5149 et
1531 5091 1629 5148 anima
1642 5107 1709 5147 cum
1723 5104 1842 5161 corpore

94 5192 235 5251 concedit.
254 5194 447 5266 ipsaquoque
478 5192 622 5249 multoties
646 5190 805 5247 secundom
827 5195 941 5262 gustum
997 5190 1153 5245 delectatur
1175 5184 1300 5257 operari.
1323 5183 1406 5249 Quod
1431 5182 1455 5237 si
1480 5182 1568 5237 bomo
1593 5177 1753 5236 secundum
1768 5175 1842 5232 desi·

93 5282 189 5337 carnis
203 5282 302 5337 tandiu
316 5288 461 5353 operatur,
478 5296 627 5354 quousque
650 5279 766 5351 sanguis
780 5278 943 5351 perfatiga-
996 5278 1109 5333 derium
1128 5276 1234 5332 animae
1262 5277 1409 5345 operator,
1437 5270 1535 5325 omnia
1567 5285 1655 5340 opera
1680 5269 1742 5338 ejus
1765 5266 1840 5319 bona

93 5370 203 5425 tionem
217 5370 248 5425 iii
263 5371 343 5425 ienis
357 5370 537 5441 aliquantum
556 5369 722 5437 exsiccetur,
739 5372 767 5423 et
790 5366 877 5423 sudor
890 5384 942 5439 per
995 5366 1079 5436 hant,
1102 5365 1127 5420 si
1150 5380 1217 5420 raro
1231 5361 1388 5447 secuudum
1411 5373 1539 5425 caruem,
1561 5357 1637 5411 mala
1650 5360 1745 5410 crunt.
1767 5354 1839 5409 Caro

90 5457 249 5515 medullam
259 5458 417 5529 emittatur,
430 5464 459 5515 et
473 5464 542 5515 tunc
555 5475 608 5531 per
627 5457 753 5531 quietem
776 5472 805 5513 se
828 5456 940 5513 subtra·
996 5468 1121 5527 namque
1135 5452 1338 5509 humiditatem
1351 5463 1404 5522 per
1419 5446 1546 5503 animam
1561 5443 1690 5512 exsudat,
1706 5442 1843 5515 quoniam

93 5548 148 5614 bit,
164 5563 255 5619 usque
271 5548 340 5604 ilum
364 5546 534 5619 sauguinem
560 5546 653 5602 caruis
675 5545 821 5601 calalaciat
844 5548 941 5599 elme·
996 5543 1142 5615 spiramen
1169 5542 1272 5597 animae
1302 5552 1417 5595 caruem
1441 5539 1546 5604 moret,
1581 5532 1741 5589 secuudum
1764 5529 1843 5614 quod
