3984 6034
109 232 162 286 ιιι
851 222 1060 282 ιιι-ιιι.
1081 223 1130 278 ιιι.
1817 221 1867 299 ιιι

108 369 143 416 ut
158 379 224 418 cani
236 377 349 416 ιιιιιιιιιο
363 377 451 432 opere
468 377 526 414 nou
549 359 692 431 amplecti,
709 357 791 412 omui
810 356 961 412 conamine
982 355 1061 412 ttsui
1087 359 1180 410 motus
1205 353 1375 424 composuit,
1404 359 1435 408 ut
1449 370 1547 410 amore
1571 353 1676 408 divinae
1692 352 1864 424 speculatio·

106 467 170 506 non
198 449 340 514 venerari,
361 450 463 522 ingens
490 449 527 503 sit
552 447 701 502 obstinatae
729 445 832 500 mentis
852 444 964 500 temeri·
1016 442 1060 498 nis
1073 442 1243 499 rationabili.
1252 458 1407 514 progressu
1429 441 1465 496 ad
1484 458 1609 514 superna
1626 442 1863 513 proveherentur,

104 545 163 594 tas.
194 539 265 604 Quis
305 537 382 593 enim
419 537 477 594 nisi
499 536 623 608 Spiritus
650 534 774 600 divinus,
803 534 961 606 gratiarum
1015 531 1350 603 ubitaetocordisjubilo
1376 546 1544 601 sponsosuo
1560 530 1864 603 Christoproclemars

104 628 233 698 largitor
251 627 387 698 optimus,
414 633 473 682 tam
498 625 610 698 profluo
626 625 705 680 toute
721 623 869 695 sapientie
886 622 960 678 salu·
1016 620 1221 675 delectaretur:
1239 619 1332 674 Trade
1343 635 1388 674 mc
1397 622 1463 692 post
1483 623 1518 684 te,
1542 637 1692 676 curremus
1720 620 1752 675 in
1777 619 1863 676 odore

104 717 260 770 tatiscam
291 714 410 786 potavit,
441 714 519 788 quod
548 712 696 769 allluentia
723 711 882 783 spiritualis
909 710 960 766 do·
1012 710 1221 782 unquentorum
1234 712 1346 764 tuorum
1366 711 1459 777 (Cant.
1477 709 1517 779 r):
1547 710 1597 764 ubi
1624 710 1699 765 inter
1725 708 1863 764 habentes

105 805 223 872 ctrina,
250 803 456 876 quasillumen
483 819 565 876 aquae
592 802 671 868 ιιιι,
698 807 756 856 ιιιιι
784 799 903 866 largiter
925 799 960 854 de
1014 797 1210 853 trescitharas
1230 802 1346 852 caueret
1368 798 1510 852 cenucum
1538 797 1640 870 Moysis
1669 797 1742 852 servi
1758 797 1818 862 tici,
1835 802 1864 852 et

104 895 171 964 ejus
187 893 275 948 corde
299 893 466 948 emanavit?
487 893 585 947 Penne
603 889 744 961 siquidem
761 888 880 944 interum
895 904 961 943 con·
1015 885 1157 940 canticum
1185 885 1270 957 signi,
1295 885 1377 956 Legis
1401 885 1507 941 scilicet
1529 890 1557 940 et
1583 886 1740 958 Evangelii.
1764 887 1798 940 Et
1811 901 1863 940 nos

108 982 312 1054 temptationis
326 981 357 1035 in
372 980 433 1052 ipsa
449 979 545 1034 abdita
558 979 664 1034 volavit
678 992 811 1048 supernae
830 977 958 1046 visionis,
1014 973 1104 1047 igitur
1126 973 1244 1028 secundi
1260 974 1325 1028 libri
1347 973 1472 1028 termino
1498 974 1544 1030 bic
1570 975 1639 1042 lixo,
1669 975 1756 1029 etiam
1771 973 1864 1029 canti-

105 1071 159 1126 ubi
188 1069 289 1126 didicit
321 1067 508 1142 Evangelium
538 1066 666 1121 loannis.
694 1065 726 1120 ιιι
754 1063 818 1137 quis
846 1065 960 1136 sapiens
1015 1079 1081 1118 cum
1096 1063 1188 1118 laudis
1203 1062 1326 1118 Domino
1353 1079 1500 1131 canamus,
1523 1063 1593 1118 dum
1616 1070 1675 1118 tam
1692 1066 1864 1134 vastumpc·

103 1158 239 1228 ambigat
274 1157 348 1212 harrc
374 1161 500 1210 sanctam
528 1154 625 1209 sedem
658 1153 743 1208 luisse
770 1159 886 1208 aeternae
913 1153 961 1208 Se·
1014 1151 1097 1223 tagus
1111 1151 1253 1206 visionum
1269 1157 1373 1208 sauctae
1389 1152 1507 1224 virginis
1529 1153 1727 1223 enavigamus.
1744 1151 1863 1207 Interim

103 1244 301 1317 pientiae‚cui
323 1245 460 1299 revelavit
495 1244 568 1298 Deus
593 1247 704 1298 tantum
732 1241 898 1296 thesaurum
915 1241 959 1296 in·
1014 1245 1110 1295 autem
1126 1241 1311 1312 respiremus,
1333 1246 1361 1296 et
1381 1242 1415 1295 ad
1433 1241 1637 1295 miraculorum
1655 1240 1718 1312 rjus
1733 1239 1864 1295 libellum

104 1341 199 1389 ternae
237 1332 391 1388 scientiae?
416 1333 498 1387 Certe
530 1330 646 1386 moralis
673 1329 832 1400 discipline
870 1329 959 1384 bone·
1014 1329 1233 1384 describendum
1271 1331 1331 1384 vela
1370 1328 1476 1402 navigii
1500 1329 1601 1396 nostri,
1629 1328 1736 1400 Spiritu
1765 1335 1864 1386 sancto

103 1428 175 1488 stas,
208 1421 348 1493 quesibi
371 1419 522 1476 familiaris
550 1419 616 1489 luit,
642 1421 684 1476 ita
706 1419 850 1473 naturales
870 1417 960 1474 animi
1013 1417 1136 1486 favente,
1152 1434 1329 1489 reparemus.

787 1791 930 1866 LIBER
958 1791 1175 1866 TERTIUS.

645 1986 649 1998 '
682 1987 936 2045 coniunctius
955 1988 1001 2044 ΕΤ
1018 1987 1138 2044 uotiua
1157 1989 1288 2046 BEATAE.

436 2291 629 2349 PROLOGUS.
975 2289 1042 2346 Bex
1053 2288 1188 2360 subjectis
1202 2293 1270 2345 satis
1293 2290 1403 2362 patebit
1429 2291 1578 2362 exemplis.
1604 2290 1704 2346 Puella
1727 2289 1860 2361 quiedam

138 2387 186 2439 37.
205 2383 337 2439 Decursis
352 2382 413 2453 J'am
439 2381 554 2436 duobus
586 2380 667 2436 libris
697 2378 893 2450 superioribus
921 2377 956 2432 de
1011 2378 1117 2434 nobilis
1151 2379 1330 2450 tlildegardis
1359 2383 1502 2452 parentes,
1527 2380 1646 2434 domum
1671 2383 1700 2434 et
1721 2379 1859 2434 saecnlum

100 2473 198 2528 beatae
214 2469 397 2541 Hildegardis
411 2469 529 2540 virginis
544 2467 601 2523 vita
616 2473 645 2522 et
663 2466 833 2536 visionibus,
859 2465 956 2521 subse·
1010 2467 1179 2540 reliquerat,
1196 2473 1224 2523 et
1247 2474 1352 2524 sanctie
1373 2468 1619 2540 Hildegardispioe
1641 2467 1741 2525 matris
1767 2467 1859 2539 magi·

100 2567 230 2633 quenter
245 2560 280 2614 de
293 2558 440 2614 miraculis
460 2559 522 2630 ejus
551 2562 580 2611 et
601 2556 756 2613 virtutibus
770 2557 895 2610 scribere
912 2555 955 2608 ul·
1011 2558 1100 2612 sterio
1117 2557 1152 2612 ad
1173 2562 1271 2613 votum
1287 2557 1454 2613 adhaeserat.
1480 2559 1546 2614 llaec
1571 2557 1696 2629 quodam
1718 2560 1860 2629 tempore,

101 2650 196 2704 terius
212 2647 283 2702 mihi
309 2646 430 2720 quidem
458 2662 516 2701 non
542 2650 585 2700 est
608 2645 736 2718 pigrum,
764 2644 956 2700 vobisautem
1010 2663 1076 2701 cum
1092 2647 1220 2701 tertianis
1234 2647 1362 2702 febribus
1382 2652 1545 2714 vexaretur,
1572 2663 1625 2701 nec
1653 2646 1711 2701 ullo
1732 2647 1859 2702 remedio

99 2737 342 2803 necessarium,o
367 2734 506 2791 ludovice
534 2740 563 2790 et
587 2734 738 2790 Godefride
766 2734 881 2788 abbates
904 2733 957 2787 cla·
1010 2740 1171 2803 curaretur,
1187 2735 1302 2790 tunicum
1322 2735 1377 2790 sibi
1391 2734 1491 2790 incidit
1515 2735 1730 2804 consilium,ut
1752 2742 1858 2790 sanctae

99 2825 223 2880 tissimi.
254 2826 354 2895 ltaque
377 2824 454 2879 hunc
490 2822 606 2878 tertium
639 2821 791 2894 aggredior
822 2822 955 2876 ordinare
1009 2823 1129 2895 virginis
1153 2824 1321 2896 imploraret
1351 2823 1500 2878 auxilium.
1530 2823 1599 2888 Ouae
1633 2823 1714 2895 juxta
1738 2824 1857 2879 verbum

99 2915 222 2979 librum,
268 2929 326 2968 nou
354 2911 506 2967 securitate
535 2910 708 2976 emeterium,
738 2912 788 2964 sed
816 2925 954 2982 praesum·
1012 2911 1668 2985 bomini,superaprosmunusimponent,et
1686 2911 1756 2986 buce
1770 2911 1855 2966 tube-

98 3003 204 3073 ptione
219 3005 383 3073 susceptum
409 2998 594 3054 obedientis.
612 2999 664 3054 Sed
688 3015 778 3071 quare
803 2999 881 3054 vobis
905 3015 954 3052 ne·
1010 3001 1079 3056 bunt
1090 3001 1194 3062 [Marc.
1207 3000 1285 3073 xrrr),
1302 3016 1421 3057 manum
1432 3001 1487 3056 sibi
1498 3000 1651 3072 imponens
1665 3016 1729 3056 cum
1741 2999 1858 3055 benedi·

99 3089 415 3161 cessariumlUtique,
432 3087 499 3160 quia
515 3087 611 3142 valida
638 3093 780 3142 causaest
797 3103 957 3142 amorsau·
1009 3090 1103 3145 ctione
1140 3095 1169 3144 et
1201 3090 1343 3162 precibus,
1373 3089 1481 3144 sanavit
1512 3104 1586 3157 cnm,
1609 3087 1785 3160 propulsatis
1812 3088 1857 3142 le-

100 3185 176 3247 ctus,
194 3195 253 3250 quo
269 3178 343 3233 sicut
356 3194 419 3232 eam
435 3177 466 3231 in
482 3177 538 3231 vita
553 3176 705 3242 dilexistis,
720 3177 760 3231 ita
773 3181 803 3232 ct
816 3176 845 3230 ιι
864 3182 955 3231 morta
1010 3179 1119 3235 bribus.

98 3269 137 3322 ab
154 3284 190 3324 ea
206 3284 265 3322 uon
281 3265 584 3339 separaripioatlectu
600 3264 797 3336 proposuistis.
823 3266 882 3320 lloc
905 3263 956 3318 ita·
1044 3268 1234 3340 subsequenti
1271 3273 1400 3339 tempore
1446 3267 1564 3340 quidam
1602 3267 1689 3323 trater
1725 3265 1855 3332 lloricus,

98 3373 158 3428 qne
175 3361 275 3412 sancto
294 3371 392 3410 amore
421 3353 529 3409 allectis
557 3352 637 3408 vobis
665 3353 718 3408 tuit
750 3353 953 3420 necessarium,
1009 3357 1060 3426 qui
1092 3356 1122 3411 in
1153 3357 1277 3427 quadam
1309 3357 1380 3411 cella
1412 3355 1465 3411 sub
1495 3355 1665 3411 monachico
1698 3354 1799 3411 babitu
1828 3357 1856 3408 et

99 3445 181 3517 quod
196 3460 251 3516 per
263 3459 308 3499 me
333 3448 460 3498 vestrum
482 3440 619 3496 vicarium
635 3446 715 3512 gesta
737 3443 799 3512 ejus
827 3441 863 3496 ad
884 3441 954 3495 noti·
1009 3445 1155 3518 proposito
1181 3444 1315 3517 religiose
1341 3445 1577 3512 conversabatur,
1592 3443 1680 3499 simili
1695 3444 1781 3499 modo
1801 3447 1857 3497 ter-

97 3535 171 3588 tiam
189 3532 373 3604 pervenirent
387 3531 549 3586 futurorum
579 3529 742 3596 bominum,
772 3533 804 3582 ut
828 3545 881 3600 pro
908 3529 953 3584 bis
1008 3531 1094 3587 tiauis
1108 3533 1211 3587 acriter
1225 3531 1423 3604 torquebatur.
1446 3532 1501 3598 Qui
1526 3531 1692 3586 audiansin
1717 3531 1855 3602 praedicta

97 3622 299 3694 gloriticarent
325 3619 490 3686 Dominum,
506 3619 556 3691 qui
573 3617 718 3673 insenctis
730 3617 788 3672 suis
801 3617 951 3685 mirabilis,
1006 3638 1104 3678 sorore
1143 3622 1247 3677 factum
1294 3622 1479 3688 miraculum,
1512 3620 1613 3677 devote
1650 3625 1679 3676 et
1705 3620 1856 3676 humiliter

96 3710 274 3765 mirabiliter
289 3709 319 3763 in
340 3725 374 3762 ee
392 3712 527 3778 operatus
541 3711 594 3774 est,
610 3712 643 3760 ιιι
658 3705 686 3760 ιιι
706 3705 841 3760 omnibus
869 3705 952 3761 bonis
1005 3711 1068 3782 ejus
1096 3710 1179 3782 petiit
1206 3714 1235 3764 et
1262 3709 1389 3765 obtinuit
1416 3709 1623 3766 benedictionis
1656 3708 1853 3781 signaculum:

95 3804 176 3853 esset
193 3796 393 3852 immutabilis.
410 3794 555 3867 Quidquid
582 3793 659 3849 enim
675 3793 710 3850 de
726 3811 759 3849 ea
774 3791 830 3849 dici
845 3799 950 3864 potest,
1006 3815 1041 3853 ex
1066 3815 1124 3871 quo
1147 3798 1243 3854 statim
1271 3797 1360 3854 febris
1386 3798 1485 3868 iugata
1509 3802 1563 3866 est,
1583 3802 1710 3868 aegrotus
1737 3801 1854 3852 curatus

93 3892 192 3944 totum
208 3891 252 3941 ιιι
270 3886 432 3957 jucundum
460 3889 488 3938 et
522 3883 655 3952 amabile,
687 3887 779 3937 totum
803 3882 950 3952 decorum,
1006 3892 1057 3942 est.

93 3977 170 4032 utile
185 3980 215 4029 at
229 3974 410 4040 honorabile,
441 3971 511 4045 quie
540 3987 597 4026 non
622 3973 715 4026 solum
739 3970 818 4027 omni
837 3987 951 4026 morum
1040 3976 1072 4031 ln
1100 3975 1202 4031 eodem
1231 3975 1361 4032 coenobio
1390 3975 1493 4030 Bertba
1517 3974 1649 4046 quaedam
1679 3973 1781 4029 ancille
1807 3989 1854 4028 so-

95 4065 265 4132 sanctitate,
290 4063 333 4116 vel
361 4061 562 4132 mysteriorum
579 4059 950 4130 Detinternacontempla-
1005 4063 1117 4119 roribus
1156 4065 1254 4120 sedule
1290 4063 1443 4134 serviebat,
1478 4079 1564 4136 qnam
1604 4066 1703 4118 tumor
1730 4062 1796 4118 oolli
1825 4069 1852 4116 et

94 4153 190 4218 tione,
234 4165 333 4205 verum
371 4150 459 4204 etiam
488 4147 652 4220 spectabilis
688 4148 742 4204 tuit
771 4153 800 4203 et
826 4153 868 4202 est
896 4147 949 4202 mi·
1004 4155 1128 4226 pectoris
1153 4152 1337 4208 vehementer
1368 4152 1502 4223 augebat.
1543 4150 1693 4224 Siquidem
1726 4151 1761 4207 ad
1798 4150 1853 4205 hoc

94 4242 266 4296 racutornm
295 4239 451 4309 insignium
485 4237 663 4308 operatione,
697 4253 820 4308 quorum
851 4251 951 4292 nume·
1004 4242 1087 4297 dolor
1110 4245 1298 4312 processerat,
1335 4241 1414 4312 quod
1453 4257 1507 4296 nec
1531 4241 1637 4308 cibum,
1671 4256 1723 4295 nec
1751 4245 1852 4312 potum

94 4345 163 4384 rum
195 4325 336 4383 excedens
372 4331 451 4381 tanta
486 4325 608 4380 hebetur
642 4325 733 4397 copiti,
772 4325 848 4397 quod
886 4340 949 4379 eam
1004 4346 1117 4401 capere,
1155 4346 1207 4385 nec
1238 4330 1357 4385 salivam
1398 4329 1540 4401 deglutire
1575 4334 1698 4401 poterat.
1730 4329 1794 4384 llaec
1816 4328 1852 4383 ad

92 4417 194 4474 verbis
211 4417 256 4472 vix
286 4421 405 4488 possunt
432 4415 567 4470 extollere
596 4413 683 4468 etiam
712 4414 848 4486 preclara
873 4413 950 4484 inge·
1003 4420 1140 4475 famulam
1169 4420 1219 4475 Dei
1246 4419 1378 4486 adducta,
1407 4418 1496 4490 signis
1531 4418 1631 4489 potius
1665 4433 1752 4489 quam
1788 4433 1850 4472 ver·

94 4508 156 4562 nia.
174 4505 231 4562 Sed
260 4510 356 4560 tamen
381 4502 416 4559 ad
440 4501 599 4558 enarranda
625 4518 717 4573 pauca
744 4503 780 4557 de
805 4502 948 4574 pluribus,
1002 4507 1056 4577 bis,
1093 4508 1196 4576 morbi,
1227 4507 1313 4563 morti
1351 4509 1413 4578 jam
1438 4507 1587 4578 proximae,
1629 4506 1770 4579 flagitavit
1807 4523 1851 4562 re·

92 4597 118 4650 si
135 4591 784 4662 rubisorantibusllomiuusdigneturnobis
808 4591 837 4645 in
859 4591 948 4646 altum
1003 4597 1108 4653 media,
1136 4597 1187 4653 Cui
1213 4596 1264 4652 itta
1294 4596 1485 4668 compatiens,
1514 4596 1602 4650 stiam
1637 4600 1758 4667 propter
1784 4593 1853 4650 boni

92 4683 192 4739 ductis
225 4681 350 4753 Spiritus
384 4681 428 4736 sui
458 4697 556 4735 auram
595 4695 760 4753 prosperam
793 4680 871 4742 dara,
908 4695 949 4734 se·
1003 4686 1114 4742 servitii
1147 4686 1191 4741 sai
1210 4685 1447 4757 ,assiduitatem
1486 4684 1569 4758 signo
1613 4689 1718 4740 sancta
1761 4683 1852 4738 crucis

91 4772 194 4828 cundo
209 4771 288 4826 verbi
301 4787 387 4826 eursu
402 4775 517 4842 portum
543 4767 642 4824 saluus
657 4784 807 4842 speremus
828 4769 946 4824 intrare.
1002 4775 1072 4830 locis
1085 4774 1250 4832 dolentibus
1265 4773 1458 4842 contrectatis,
1475 4778 1603 4847 optatam
1631 4771 1757 4829 reddidit
1774 4771 1851 4826 sani-

90 4862 204 4916 Valete.
965 4881 989 4936 D
1002 4868 1101 4919 tatem.

384 4945 496 5004 CAPUT
515 4945 661 5002 PllllllUlt.
1038 4953 1081 5006 39.
1097 4951 1206 5008 Suevus
1226 4952 1345 5024 quidam
1362 4951 1398 5020 de
1426 4951 1487 5007 vico
1511 4951 1690 5022 Italevingun
1706 4954 1766 5005 toto
1787 4963 1850 5006 cor-

91 5055 207 5111 sancta
228 5050 325 5107 uarios
347 5050 509 5124 patrocinio
530 5067 583 5108 stro
598 5055 685 5108 suant
707 5056 836 5122 aprotoa,
859 5053 947 5109 etiam
1002 5056 1072 5111 pore
1087 5039 1244 5095 intumuit:
1272 5044 1301 5095 et
1321 5039 1419 5095 erudita
1433 5039 1511 5094 tama
1524 5039 1596 5110 ejus,
1610 5052 1727 5093 emenso
1742 5051 1849 5108 magno

130 5123 539 5195 aliquosubsentesrexponit
560 5122 674 5178 litteras
687 5123 824 5180 divinitus
842 5125 948 5198 produ·
1005 5129 1117 5195 itinere,
1138 5128 1175 5183 ad
1203 5144 1268 5184 eam
1294 5128 1422 5192 ueniens,
1449 5143 1500 5200 spe
1530 5142 1581 5182 sua
1609 5127 1764 5182 frustratus
1791 5141 1851 5180 non

128 5199 212 5250 ⁶1⁰⁸
228 5194 291 5250 “dil
304 5194 398 5250 mulla
410 5193 643 5267 ι(ιιιιιιιιιιθιιῑιιι
655 5195 761 5251 mule·
1002 5217 1066 5272 fuit.
1086 5217 1213 5289 Denique
1228 5234 1280 5288 per
1293 5217 1402 5289 aliquot
1417 5216 1478 5270 dics
1492 5215 1659 5271 charitative
1671 5230 1739 5270 eum
1754 5229 1852 5270 secum

129 5307 175 5358 38.
196 5301 287 5374 Igitur
310 5299 488 5357 curationum
513 5305 570 5357 tam
592 5307 693 5373 potens
715 5305 807 5373 gratia
835 5304 866 5358 in
891 5305 948 5359 Vir·
1003 5305 1137 5374 detinuit,
1153 5311 1182 5361 ιι
1196 5307 1328 5361 manibus
1353 5304 1413 5360 suis
1439 5306 1608 5378 languidum
1624 5308 1802 5360 contrectans
1823 5308 1853 5357 et

94 5395 163 5466 gine
177 5390 285 5446 enituit
299 5390 393 5458 beata,
414 5396 445 5446 ut
465 5391 560 5446 nullus
588 5391 648 5446 fere
673 5395 799 5462 aegrotus
826 5392 861 5447 ad
883 5409 947 5448 eam
1002 5393 1184 5462 benedicens,
1214 5410 1267 5467 per
1290 5394 1411 5467 gratiam
1432 5393 1483 5449 Dei
1506 5393 1637 5465 pristina
1661 5391 1851 5448 incolumitati

97 5479 266 5548 accesserit,
282 5479 352 5552 quin
367 5479 503 5535 continuo
525 5479 678 5536 sanitatem
700 5481 849 5551 receperit.
866 5483 948 5547 Quod
1002 5483 1137 5538 restituit.
