3984 6034
98 183 152 237 953
401 173 505 231 alneti
524 174 681 231 uitiauit.
701 174 804 231 OPER.
825 172 1314 257 siltrilulsn0lllrtls.-Pa138
1333 174 1369 241 ll,
1390 173 1480 229 VISIO
1500 173 1532 229 V.
1794 174 1847 231 954

96 311 154 380 sui,
173 315 207 367 ut
229 310 261 367 in
276 306 439 380 semetipsis
465 310 544 362 recto
557 305 700 363 desiderio
714 306 823 362 bonum
845 320 945 362 semen
961 304 1125 363 utiliorum
1139 304 1397 375 bominumhabet,
1407 309 1437 362 et
1451 304 1585 363 itaomiia
1599 304 1672 365 illud
1686 308 1847 379 perlectum

95 399 213 473 generis
227 397 273 455 sui
295 395 498 453 inverbomeo
516 394 665 464 habentes,
682 394 739 451 sint
754 394 780 450 ei
801 395 833 450 in
847 394 945 450 cibum
998 394 1086 451 decas
1109 394 1267 451 caelestium
1292 410 1413 467 operum
1441 396 1471 450 iii
1500 396 1625 453 Ecclesia
1656 396 1846 453 coustitutum

95 487 262 546 reiectionis
284 486 406 553 animae3
432 485 517 540 itaut
530 483 619 539 etiam
633 499 734 539 omnes
749 481 868 539 virtutes
893 499 945 556 per
999 487 1080 539 est·
1111 482 1326 557 complevitque
1347 484 1423 539 Deus
1449 483 1496 539 die
1517 484 1638 556 septimo
1664 500 1737 556 opus
1755 500 1846 555 ‚annin

94 577 291 633 humilitatem
321 576 379 631 lieo
398 574 542 645 subjectu,
559 573 631 627 etin
646 571 754 629 coelaati
773 572 878 628 militia
891 588 943 629 vo·
998 569 1075 643 qaod
1085 569 1200 638 lecerat,
1216 573 1245 627 et
1255 568 1394 642 requievit
1408 568 1454 624 die
1473 570 1597 641 septimo
1611 570 1647 626 ab
1668 570 1748 626 omni
1758 586 1845 641 opere

94 667 200 733 lantes,
224 669 254 720 et
276 680 342 736 quie
360 663 509 718 hominem
531 660 682 717 aterrenis
704 660 836 717 rebusad
859 661 943 716 coele·
998 656 1075 731 quod
1088 663 1217 731 patrarat
1242 658 1354 731 (itui,
1379 658 1527 729 Completa
1556 663 1600 715 est
1621 658 1715 715 omnia
1739 658 1845 715 cousti-

94 753 151 807 stia
176 755 335 815 removent,
352 753 380 805 et
401 750 433 804 in
449 748 554 822 quibus
568 748 696 803 viventes
714 748 788 804 vires
807 748 843 805 de
857 750 944 821 plau·
996 746 1072 803 tutio
1086 748 1148 803 baec
1160 748 1191 801 in
1212 747 1347 803 omnibus
1374 746 1433 813 his;
1451 751 1481 801 et
1503 746 1558 801 hoc
1578 746 1619 801 ita
1642 746 1751 802 scilicet
1768 746 1846 819 quod

94 840 207 897 tatione
222 838 346 911 Spiritus
356 836 448 893 sancti
462 842 539 906 sunt,
554 852 621 893 cnm
637 852 671 893 eo
685 836 716 892 iii
732 837 830 893 anima
852 838 945 910 ipsios
998 850 1052 906 ego
1067 834 1098 890 iii
1117 834 1190 891 Filio
1204 850 1270 890 meo
1294 834 1341 890 die
1357 833 1491 906 septimo,
1506 834 1535 889 id
1552 832 1639 889 estin
1665 834 1845 905 plenitudine

93 934 259 1000 pascantur,
276 934 306 983 et
327 925 388 999 ipse
414 926 500 982 etiam
529 942 595 981 cum
620 925 679 981 illis
698 925 731 981 in
744 926 789 981 bis
808 926 943 982 omnibus
998 923 1083 979 totius
1097 923 1177 993 boni,
1194 938 1312 979 omnem
1335 922 1532 995 operationem
1551 922 1697 977 meamsic
1716 922 1843 991 delinivi,

93 1018 199 1073 alatur.
223 1018 257 1073 lit
279 1016 341 1071 haec
359 1013 457 1070 omnia
474 1015 506 1069 in
532 1013 650 1070 homine
664 1013 715 1069 illo
730 1013 771 1069 ita
784 1014 867 1084 liunt,
892 1014 943 1087 qui
997 1011 1132 1066 utomnia
1155 1010 1361 1067 ecclesiasticus
1380 1010 1503 1083 populus
1516 1005 1666 1097 videndo,
1690 1008 1843 1078 audiendo,

93 1105 190 1161 sicin
219 1106 277 1161 Deo
311 1102 476 1176 proticitzs
504 1100 637 1175 Viditque
654 1104 730 1158 Deus
751 1108 856 1158 cuncta
877 1119 942 1175 quea
996 1103 1026 1154 et
1039 1114 1092 1170 per
1106 1098 1266 1154 doctrinam
1286 1098 1451 1165 scrutando,
1467 1098 1541 1152 bene
1562 1097 1676 1153 noverit
1690 1096 1761 1168 qiiid
1788 1097 1844 1154 sibi

91 1194 211 1261 iecerat,
228 1198 257 1247 et
283 1196 364 1249 erant
386 1190 468 1247 valde
481 1190 556 1246 bona
569 1189 675 1263 (ibid).
693 1211 705 1240 i
724 1190 805 1246 videt
814 1196 843 1247 et
866 1207 943 1248 nunc
995 1184 1027 1240 in
1050 1187 1203 1259 preceptis
1226 1186 1298 1242 nieis
1323 1186 1487 1241 iaciendum
1503 1185 1549 1241 sit.
1570 1187 1604 1241 Et
1627 1184 1723 1241 omnis
1736 1186 1843 1241 consti·

91 1283 170 1339 Deus
207 1281 286 1353 quod
319 1279 417 1335 omnia
447 1294 513 1351 quer
537 1278 660 1350 Spiritus
691 1283 806 1334 sanctus
828 1278 940 1349 tribuit,
994 1274 1069 1331 tutio
1091 1292 1156 1332 mea
1174 1276 1216 1332 ita
1239 1276 1338 1332 lestiva
1361 1275 1425 1339 init,
1441 1279 1473 1330 ut
1489 1290 1553 1330 eam
1567 1273 1596 1330 in
1612 1275 1691 1329 nullo
1705 1274 1762 1331 alio
1786 1273 1842 1331 nisi

91 1370 176 1424 valde
193 1367 356 1435 bonasunt,
373 1367 442 1439 quia
454 1366 486 1421 iii
501 1366 683 1438 plenitudine
703 1366 834 1422 omnium
850 1367 940 1423 virtu·
994 1363 1026 1419 iii
1054 1364 1125 1420 Filio
1149 1381 1245 1421 ineoa
1273 1380 1320 1421 me
1347 1364 1435 1420 misso
1450 1364 1642 1431 ostenderem,
1669 1364 1719 1435 qui
1741 1380 1843 1419 omnes

92 1460 157 1512 tum
182 1456 308 1529 perfecta
323 1459 400 1525 suut,
424 1471 490 1510 rum
503 1454 584 1526 prius
608 1471 789 1528 unaquaeque
805 1456 896 1511 virtus
909 1458 940 1512 iii
994 1452 1189 1509 ordinationes
1204 1468 1282 1509 meas
1292 1469 1343 1525 per
1357 1452 1516 1508 doctrinam
1532 1468 1625 1522 suam,
1641 1457 1670 1507 et
1690 1466 1743 1523 per
1769 1468 1840 1523 apo·

91 1546 248 1617 semetipsa
277 1548 390 1600 tantum
412 1558 504 1599 unum
531 1542 643 1599 bonum
666 1548 750 1608 esset,
769 1543 823 1599 ‘hic
844 1548 940 1601 autem
993 1540 1082 1595 stolus
1109 1556 1264 1597 scoacum
1293 1540 1444 1597 manifesto
1470 1556 1556 1612 opere
1579 1540 1744 1611 complevit,
1770 1556 1842 1612 quas

91 1633 191 1689 omnia
213 1632 323 1704 pariter
344 1631 421 1687 bona
448 1636 526 1698 sunt,
555 1631 624 1703 quia
644 1632 676 1687 in
701 1633 821 1689 homine
854 1632 940 1690 simul
958 1600 1143 1701 Bprophetin
1158 1628 1240 1702 prius
1255 1630 1284 1685 iii
1297 1628 1477 1685 umbratione
1492 1629 1635 1685 viderunt.
1652 1630 1731 1685 Tunc
1755 1628 1841 1685 etiam

91 1721 260 1794 apparendo
274 1719 395 1792 impleta
408 1723 485 1774 sunt.
502 1739 514 1769 a
531 1720 565 1774 lit
578 1720 685 1775 tactum
701 1723 745 1775 est
766 1736 896 1793 vespere,
912 1725 942 1777 at
994 1717 1206 1788 septimuadias
1226 1717 1337 1791 requiei
1365 1733 1437 1773 meai
1458 1716 1489 1772 iii
1517 1717 1642 1773 Ecclesia
1652 1716 1773 1783 refulsit,
1801 1716 1841 1772 ita

90 1826 178 1865 inane
191 1809 252 1864 dies
265 1813 360 1863 sextus
374 1806 480 1879 (ibid).
494 1826 509 1860 i
525 1808 560 1862 lit
577 1824 654 1864 nunc
669 1825 687 1863 a
703 1809 761 1864 lle'o
776 1809 807 1864 iii
821 1809 940 1865 homine
993 1808 1027 1859 ut
1039 1809 1141 1876 postea
1154 1804 1185 1860 iii
1199 1810 1300 1877 aperto
1311 1821 1397 1877 opere
1409 1804 1480 1861 nihil
1494 1805 1573 1860 aliud
1585 1820 1637 1860 nec
1651 1805 1680 1861 in
1699 1804 1839 1878 praedica·

89 1898 137 1967 tit,
165 1901 199 1953 ut
222 1896 317 1953 bonus
330 1895 398 1951 linis
411 1909 477 1950 cum
502 1895 579 1950 bono
600 1895 685 1951 initio
710 1902 798 1953 sextu
813 1896 939 1965 virtutis,
994 1891 1084 1958 tione,
1102 1908 1229 1948 naccum
1242 1892 1331 1965 signis
1347 1892 1564 1957 miraculorum,
1579 1907 1708 1949 neccum
1732 1892 1841 1947 visione

90 2003 158 2059 quae
184 1984 348 2042 obedientia
371 1988 425 2052 est,
452 1988 591 2056 tauquam
618 1984 680 2040 dies
693 1989 788 2040 sextus
809 1987 939 2058 resplen·
992 1980 1181 2053 antiquorum
1210 1985 1374 2035 sanctorum
1398 1995 1544 2052 operarer,
1575 1980 1631 2034 nisi
1654 1984 1687 2035 ut
1713 1979 1743 2035 iu
1769 1980 1840 2035 lilio

90 2076 168 2131 deat.
993 2084 1058 2125 meo
1070 2084 1157 2141 opera
1170 2067 1247 2137 vitae,
1263 2070 1292 2123 et
1315 2067 1532 2141 quamplurima
1559 2072 1676 2137 secreta,
1710 2073 1770 2123 tam
1795 2067 1839 2124 iu·

92 2180 137 2234 pe
157 2176 334 2250 mmm
346 2176 410 2234 mg
422 2182 451 2234 οε
467 2182 559 2241 pm,
575 2180 604 2233 ,g
626 2176 820 2234 mimam
832 2194 938 2247 mm,
992 2166 1058 2214 tura
1083 2173 1172 2230 quam
1199 2158 1345 2229 praeterita
1368 2162 1397 2213 et
1421 2156 1582 2229 presentia,
1609 2156 1839 2225 manifestarem

125 2252 154 2303 et
164 2247 353 2321 completione
366 2263 485 2320 opernm
500 2247 564 2317 Dei,
577 2264 639 2332 qao
646 2248 768 2321 septimo
780 2249 840 2305 diei
849 2250 940 2307 orm'-
992 2246 1138 2302 etelectus
1165 2261 1246 2302 meos
1272 2250 1331 2301 tam
1347 2246 1470 2317 benigne
1485 2261 1644 2315 monerem,
1662 2250 1695 2302 ut
1706 2247 1839 2303 lucarna-

127 2318 220 2403 bitur,
232 2322 265 2401 οἱ,
280 2319 316 2374 de
329 2318 560 2401 fflmiificait'w
568 2318 695 2399 ‘il-idem
716 2318 824 2404 diffie!
840 2320 886 2402 ,αθ
896 2338 940 2377 70·
991 2335 1102 2390 tionem
1117 2335 1245 2405 ejusdam
1261 2334 1326 2390 Filii
1340 2334 1408 2399 mei,
1424 2348 1489 2406 quaa
1500 2334 1530 2388 iii
1543 2334 1773 2406 primogermine
1788 2334 1839 2390 tlo-

124 2407 195 2517 ssgg
207 2406 299 2463 'W‘
322 2389 527 2461 ΝΜΟ
541 2389 722 2448 “dium
750 2390 940 2464 ‘'iiim‘'
992 2423 1063 2491 ruit,
1091 2423 1283 2479 imitarentur.
1302 2443 1317 2474 «
1348 2424 1380 2479 si
1398 2422 1544 2478 uenerint
1571 2422 1629 2479 diei
1657 2424 1792 2495 septimo,
1810 2428 1840 2481 at

127 2566 231 2622 XLVII·
257 2581 271 2617 α
299 2564 391 2636 Igitur
412 2564 533 2636 perfecti
556 2568 625 2619 sunt
655 2564 719 2620 ΜΠ
747 2568 776 2619 et
801 2568 889 2634 tem,
911 2570 940 2623 et
992 2510 1275 2611 sanctificavitillum
1299 2510 1432 2583 (ibidis
1452 2511 1522 2583 quia
1544 2510 1650 2583 inipso
1679 2517 1839 2567 cessaverat

993 2600 1028 2655 ab
1044 2616 1123 2655 omni
1139 2615 1225 2673 opere

90 2654 187 2711 omnis
208 2658 326 2709 ornatus
346 2668 446 2709 eorum
472 2652 607 2725 (Genii).
624 2673 639 2703 a
673 2654 731 2708 lloc
759 2653 940 2709 consideren-

90 2744 161 2799 dum
176 2741 217 2798 sic
238 2747 303 2798 est:
325 2740 481 2813 Superiora
495 2745 524 2797 et
541 2739 680 2796 inieriora
704 2742 847 2797 elementa
872 2758 937 2798 cum

90 2831 228 2886 omuibus
242 2830 295 2885 sibi
312 2829 508 2901 adjacentibus
521 2828 632 2884 viribus
651 2833 730 2885 tanta
758 2831 939 2902 plenitudine

89 2920 120 2971 et
131 2916 307 2988 perfectione
321 2915 444 2988 perfecta
460 2921 536 2986 sunt,
553 2920 586 2972 nt
596 2915 677 2971 omni
692 2917 814 2988 penuria
831 2916 936 2987 ablata,

88 3004 118 3060 iii
154 3003 330 3060 abundantia
373 3002 569 3061 convenientis
605 2995 737 3061 utilitatis
780 3006 935 3079 gaudeant.

91 3091 338 3163 «complevitque
348 3092 426 3148 Deus
436 3092 484 3147 die
510 3092 632 3165 septimo
658 3108 731 3165 opus
744 3110 831 3150 suum
858 3096 937 3166 quod

87 3178 204 3247 fecerat,
228 3184 258 3235 et
283 3179 427 3253 requievit
446 3179 492 3235 die
520 3180 644 3251 septimo
675 3179 710 3236 ab
739 3182 819 3237 omni
847 3198 935 3255 opere

87 3265 165 3338 quod
186 3271 316 3338 patrarat
338 3266 440 3338 libid).
456 3266 620 3339 completio
649 3283 698 3323 sex
717 3268 935 3327 distinctionum

87 3354 275 3426 praefatorum
301 3371 424 3427 operum
457 3354 519 3411 dies
540 3354 682 3428 septimus
704 3358 848 3428 appellata
882 3364 935 3429 est,

87 3458 153 3499 cum
169 3444 245 3499 Deus
257 3444 431 3515 omniaque
445 3458 542 3498 creare
557 3443 801 3516 preordinaverat
813 3447 849 3501 ad
866 3463 936 3519 per-

86 3532 194 3587 fectum
222 3528 313 3587 duxit.
329 3535 370 3587 Ac
395 3532 437 3586 sio
457 3531 599 3604 requievit
612 3531 659 3588 die
679 3531 802 3604 septimo
822 3536 936 3605 operari

87 3638 212 3690 cessans,
237 3622 374 3694 quonum
397 3638 483 3679 omne
503 3639 577 3695 opus
601 3638 687 3679 suum
701 3624 731 3678 in
746 3624 847 3680 formis
876 3626 936 3682 siris

85 3710 257 3784 mmm·
287 3712 320 3766 Et
346 3711 492 3767 b⁶¹¹⁰di¹it
517 3712 573 3768 (Μ
594 3712 728 3785 ”ptim’
762 3718 792 3769 οἳ
806 3714 935 3770 'mm'
987 3748 1156 3804 manitatem
1177 3749 1347 3820 procedens,
1379 3748 1477 3805 omnia
1491 3747 1553 3803 hacc
1567 3748 1598 3803 in
1615 3748 1723 3819 Spiritu
1738 3754 1836 3804 sancto

85 3799 161 3856 wit
181 3798 275 3862 mum'
291 3798 360 3872 ΨΜ
372 3800 403 3855 in
423 3798 488 3872 ἣρω
512 3806 673 3859 ‘²⁰⁸⁸'th
696 3802 732 3858 ὼ
745 3803 826 3857 ⁰¹⁰⁰i
849 3818 934 3903 ⁰p,⁰',⁰
987 3852 1103 3893 mecum
1130 3837 1259 3910 perfecit,
1287 3837 1445 3893 secundum
1464 3836 1520 3893 hoc
1539 3836 1617 3908 quod
1637 3836 1666 3892 iii
1681 3837 1835 3908 Evangelio

86 3903 149 3955 aiio,
172 3887 249 3959 quod
271 3890 379 3943 creavit
406 3888 482 3944 Deus
502 3888 664 3946 ntiaceret.
688 3891 765 3946 Deus
791 3892 936 3947 benedixit
987 3925 1073 3982 dicit:
1092 3946 1103 3977 ι
1119 3926 1189 3982 Data
1212 3924 1340 3981 mmihi
1354 3924 1634 3995 omnispotemin
1654 3924 1724 3980 mlo
1752 3928 1781 3979 et
1804 3924 1835 3978 in

86 3975 159 4077 diei,
172 3976 294 4048 septimo
307 3991 378 4077 .⁰¹¹⁰.¹
398 3976 494 4077 laude,
510 3980 597 4078 atque
617 3994 693 4079 eum·
705 3994 772 4034 cum
795 3979 933 4079 honorifl·
987 4016 1064 4069 ,em
1078 4010 1193 4085 (Mam,
1209 4013 1324 4084 mm),

86 4070 179 4121 centia
193 4064 382 4120 solemmtatis
395 4065 591 4137 aancutiraiit,
604 4082 743 4139 quoniam
753 4083 847 4123 omnis
855 4084 934 4124 crea-

1228 2600 1328 2671 ,qnod
1349 2599 1456 2655 creavit
1467 2602 1540 2655 Deus
1564 2605 1595 2655 ut
1608 2600 1722 2656 iaceret.
1747 2600 1837 2655 istum

991 2688 1147 2761 septimum
1157 2688 1233 2744 dieni
1248 2688 1279 2744 iii
1289 2688 1443 2744 salvatione
1462 2688 1624 2745 animarum
1639 2689 1782 2756 benedixi,
1810 2692 1840 2745 et

992 2776 1176 2845 sanctificavi,
1197 2777 1267 2833 dum
1295 2776 1396 2833 Filium
1425 2792 1522 2833 meum
1550 2777 1582 2832 in
1605 2782 1688 2833 utero
1714 2776 1839 2848 Virginis

957 2864 1057 2945 cmisi
1083 2865 1237 2922 incarnari.
1272 2866 1307 2920 Et
1340 2864 1476 2921 benedixi
1504 2881 1536 2920 ac
1563 2864 1736 2922 sanctificavi
1759 2882 1837 2932 euni,

991 2953 1060 3026 quia
1075 2954 1107 3009 in
1129 2956 1183 3009 isto
1212 2953 1260 3009 die
1285 2968 1348 3009 meo
1377 2954 1502 3009 multum
1521 2954 1657 3023 delector,
1681 2953 1789 3009 scilicet
1806 2952 1838 3008 iii

989 3042 1111 3116 illisqui
1124 3040 1204 3116 quasi
1224 3043 1311 3099 liores
1334 3058 1463 3099 rosarum
1480 3047 1508 3098 et
1521 3042 1649 3098 liliorum
1670 3042 1741 3114 jugo
1764 3041 1838 3113 legis

989 3131 1172 3203 emancipati,
1192 3136 1306 3187 tantum
1334 3148 1380 3187 me
1407 3132 1567 3204 inspirante
1590 3147 1620 3186 se
1640 3129 1838 3203 constringere

989 3218 1080 3276 libere
1096 3220 1247 3293 incipiunt,
1263 3223 1296 3275 ut
1309 3220 1395 3275 etiam
1408 3220 1568 3276 incarnatio
1584 3218 1646 3275 liilii
1662 3219 1730 3283 mei,
1749 3234 1834 3291 quam

988 3306 1019 3363 iii
1033 3308 1186 3381 prophetia
1201 3310 1625 3381 antepromiseram,proeoepto
1636 3307 1705 3380 legis
1715 3306 1837 3363 obnoxia

987 3410 1048 3452 non
1062 3401 1113 3451 ast.
1134 3397 1305 3469 (lassarique
1320 3396 1435 3469 operari
1462 3395 1512 3453 tali
1536 3396 1622 3451 modo
1651 3397 1681 3451 in
1700 3396 1836 3465 Ecclesia,

989 3498 1054 3555 quae
1068 3484 1127 3553 jani
1144 3484 1175 3539 in
1190 3499 1277 3555 opere
1292 3489 1389 3539 sancto
1402 3484 1476 3540 sicut
1499 3500 1576 3540 nuno
1591 3486 1677 3553 lucet,
1693 3486 1722 3540 in
1751 3484 1837 3557 plena

987 3571 1192 3629 constitutione
1213 3571 1340 3643 perfecta
1369 3577 1423 3640 est,
1454 3571 1523 3643 quia
1542 3571 1630 3627 Filius
1664 3588 1755 3642 meus,
1786 3572 1836 3645 qui

988 3674 1088 3716 meum
1099 3660 1255 3733 septimum
1270 3675 1343 3730 opus
1358 3664 1412 3729 eet,
1429 3676 1463 3715 ex
1478 3664 1560 3715 utero
1572 3660 1696 3731 Virginis
1710 3676 1762 3731 per
1785 3661 1837 3716 hii·

1341 4032 1356 4062 i>
1377 4012 1435 4067 lloc
1445 4010 1686 4067 considerandum
1702 4010 1743 4065 sic
1770 4014 1836 4066 ast:

987 4100 1079 4156 blleo
1096 4102 1178 4157 Patre
1190 4100 1256 4156 data
1270 4104 1312 4155 est
1327 4100 1411 4167 mihi,
1435 4101 1485 4172 qui
1511 4100 1598 4155 Filius
1612 4098 1737 4171 Virginis
1759 4114 1834 4169 sum,

86 4157 150 4208 tm
178 4153 209 4252 1¹3
235 4152 287 4209 ³¹¹⁰
325 4154 450 4253 plmf‘f
484 4158 580 4211 Μὴ
610 4154 831 4255 ffflmt’flum
856 4156 931 4256 ΒΨ
949 4176 1081 4245 Domnis
1104 4193 1231 4262 potestas
1255 4188 1436 4245 hereditario
1453 4190 1518 4259 jure
1532 4188 1563 4243 in
1578 4188 1650 4243 coelo
1677 4188 1836 4258 iacere-et

85 4242 328 4313 preordinaverat
351 4242 425 4309 lieri,
452 4241 488 4297 de
514 4258 572 4315 qna
589 4242 645 4297 alia
669 4246 766 4313 genita
787 4245 928 4316 procedit.

88 4329 166 4386 Unde
195 4335 225 4385 et
251 4330 345 4386 omnis
368 4331 498 4403 angelica
525 4330 620 4398 turba,
640 4331 796 4404 omniaque
820 4334 932 4389 occulta

86 4416 221 4489 mysteria
242 4417 414 4487 Divinitatis,
438 4418 474 4474 de
486 4419 664 4491 perfectione
678 4419 775 4491 operis
798 4421 849 4476 liei
872 4423 930 4479 lieo

86 4505 304 4574 benedicebant,
329 4507 483 4579 ipsumque
515 4506 682 4576 laudabant,
698 4508 767 4580 quia
790 4524 854 4564 com
869 4525 933 4582 sep-

87 4602 144 4651 tem
160 4594 243 4650 donis
253 4595 378 4665 Spiritus
391 4595 481 4651 sancti
495 4611 582 4652 omne
595 4612 669 4669 opus
692 4611 778 4652 suum
805 4598 932 4669 perfece-

86 4687 139 4739 rat,
155 4684 229 4739 gem
243 4682 299 4738 4150
312 4683 418 4740 modo?
985 4668 1061 4723 Item
1074 4666 1213 4739 quomodo
1233 4667 1292 4723 hec
1306 4666 1408 4722 eudem
1415 4668 1499 4737 juxto
1516 4666 1707 4791 tropotiziom
1721 4664 1753 4721 in
1766 4684 1834 4739 pro-

86 4785 214 4855 mam&
223 4787 687 4864 mmldmdleqomper
695 4790 933 4849 [mamm
1019 4738 1100 4863 mi}
1100 4740 1145 4863 ucri
1151 4738 1326 4810 perfectione
1343 4737 1611 4809 enimrujusquefi
1661 4736 1833 4793 macerem·

118 4858 174 4928 pte
186 4857 235 4914 liei
247 4857 276 4913 et
298 4857 529 4930 predicationem
555 4860 709 4934 Evangelii
732 4864 761 4916 et
856 4864 932 4921 utio-
1188 4914 1193 4924 .
1381 4912 1387 4925 ,
1545 4912 1551 4923 .

118 4946 185 4984 „em
197 4928 291 4985 ,amu
308 4932 332 4987 g
352 4929 437 4986 ,firm
451 4930 688 5002 complantari„
696 4931 771 5007 Imp,
782 4878 930 5003 ἔξω,
1020 4914 1105 4971 xllx.
1122 4934 1136 4963 a
1152 4915 1246 4987 Igitur
1272 4912 1389 4986 perlecti
1407 4916 1474 4968 sunt
1490 4913 1553 4969 coeli
1569 4916 1597 4969 et
1620 4917 1706 4980 terra,
1723 4918 1752 4969 et
1770 4930 1831 4969 om·

118 5004 147 5054 et
159 4999 296 5069 abiectis
368 5000 563 5058 'ciriatiune
984 5002 1030 5058 nis
1044 5007 1161 5058 ornatus
1179 5017 1279 5059 eorum
1305 5002 1381 5073 (Gen.
1394 5006 1471 5070 ll).›i
1501 5003 1563 5058 lloc
1593 5002 1832 5060 considerandum

989 4277 1020 4332 in
1047 4282 1123 4333 terra
1145 4278 1302 4351 dijudicare
1336 4294 1401 4349 quie
1443 4277 1574 4333 facienda
1599 4281 1628 4331 et
1652 4276 1835 4348 dijudicanda

987 4370 1064 4433 sunt,
1089 4382 1149 4422 non
1175 4372 1272 4422 tamen
1296 4372 1327 4421 ut
1348 4366 1525 4421 voluntatem
1541 4364 1634 4421 Patris
1656 4364 1714 4421 mei
1738 4370 1833 4421 trans·

986 4454 1118 4522 cendam,
1138 4455 1186 4510 sed
1211 4455 1291 4510 illam
1305 4454 1336 4509 in
1351 4454 1486 4509 omnibus
1508 4452 1670 4526 inspiciam,
1687 4453 1755 4526 quia
1780 4470 1833 4526 ego

986 4542 1017 4599 in
1030 4545 1113 4599 Patre
1126 4542 1224 4615 etipse
1240 4544 1270 4597 in
1286 4558 1332 4598 me
1347 4547 1400 4598 est.
1416 4544 1450 4597 lit
1463 4542 1568 4597 iterum
1585 4542 1641 4597 alio
1657 4542 1758 4598 modo:

118 5088 236 5146 xcviii.
254 5109 269 5140 o
293 5088 386 5161 lgitur
410 5089 530 5160 perlecti
559 5090 715 5160 suntoculi,
735 5096 764 5147 et
779 5096 866 5162 terra,
902 5098 932 5149 et
984 5091 1101 5147 siccat:
1127 5092 1185 5147 111ae
1208 5092 1336 5147 caelestes
1361 5096 1391 5147 et
1404 5096 1526 5148 terrenae
1551 5090 1670 5146 virtutes
1695 5095 1724 5146 et
1738 5093 1832 5148 omnis

85 5177 177 5233 omnis
202 5180 323 5232 ornatus
342 5192 444 5232 eoriiin
467 5178 546 5247 (Gen.
570 5182 641 5245 ¹¹)·’
673 5181 731 5235 lloc
746 5181 930 5237 consideran·
984 5186 1213 5237 ornatuseorum
1228 5180 1259 5236 iii
1276 5180 1387 5253 justitia
1402 5185 1430 5236 et
1445 5180 1564 5235 veritate
1579 5195 1644 5234 cum
1659 5178 1743 5235 bonis
1766 5196 1832 5251 ope·

85 5266 152 5321 dum
167 5264 207 5321 sic
220 5270 263 5321 est
284 5282 291 5322 :
319 5265 447 5322 Perfecta
461 5270 529 5321 sunt
550 5270 654 5322 cuncta
681 5268 807 5325 coelestia
830 5286 928 5342 opera,
983 5269 1064 5326 ribus
1083 5269 1111 5324 in
1126 5269 1246 5325 homine
1268 5268 1466 5341 perficiuntur.
1485 5290 1499 5320 o
1520 5267 1737 5341 complevitque
1755 5270 1831 5324 lleiis

85 5353 326 5425 quaeintransitu
336 5357 518 5409 terrenarum
533 5354 681 5411 rerumed
700 5357 928 5426 coeloatendunt,
983 5359 1031 5415 die
1057 5357 1181 5430 septimo
1210 5374 1283 5430 opus
1306 5357 1481 5429 enumquod
1505 5357 1623 5426 fecerat,
1646 5361 1675 5412 et
1690 5357 1830 5428 requievit

85 5458 148 5499 cum
180 5442 303 5499 terrenis
340 5442 427 5499 rebus
462 5459 534 5516 quas
574 5442 728 5500 necessitas
750 5447 928 5505 nascentium
983 5448 1031 5505 die
1045 5447 1170 5521 septimo
1185 5446 1221 5502 ab
1246 5446 1326 5502 omni
1343 5461 1430 5517 opere
1450 5446 1528 5519 quod
1553 5450 1681 5518 patrarat
1705 5445 1828 5520 (ididia
