3984 6034
148 227 200 283 oss
872 226 902 283 s.
920 222 1158 284 ascomannos
1362 198 1367 207 ’
1845 226 1895 279 ou

147 356 216 416 licit
241 357 318 415 Deos
339 356 440 430 utique
459 354 557 413 uirens
580 355 680 414 lumen
700 359 786 429 est,a
812 372 870 431 quo
894 357 992 415 omnia
1010 363 1120 430 apsus
1131 358 1212 415 ratos
1226 355 1376 416 extouitm
1390 352 1549 429 obstupuit,
1565 353 1704 429 quonism
1719 370 1772 427 par
1787 354 1896 411 mulie·
1939 339 1941 411 'r

147 447 259 503 lumina
281 446 450 513 clarescunt,
480 445 557 501 unde
574 450 603 501 et
616 446 703 501 bomo
723 461 775 519 per
797 447 894 519 ipsum
907 448 993 503 vitale
1045 462 1117 514 reru,
1133 448 1263 504 videlicet
1277 446 1432 520 Virginem,
1448 450 1524 501 totus
1538 447 1673 517 deceptus
1686 449 1738 499 est
1762 445 1896 517 Quapro-
1941 464 1942 499 ς

147 537 247 593 lumen
268 539 373 599 manet,
391 540 420 589 et
440 535 502 607 ipse
524 534 611 590 etiam
636 535 711 607 ignis
734 541 786 591 est.
810 536 994 608 Quapropter
1046 541 1111 609 pter
1124 536 1154 591 iu
1167 537 1263 593 lurore
1277 553 1329 591 suo
1349 542 1447 592 contra
1460 534 1537 590 illam
1565 534 1679 603 exarsit,
1693 539 1724 590 ul
1738 535 1769 589 iu
1791 536 1897 589 rolan-

147 628 176 681 et
187 622 335 681 bominem
354 623 421 694 igue
433 622 532 695 coquit
554 627 583 677 et
596 638 669 694 aqua
687 624 844 695 perfundit,
869 625 992 696 ideoque
1046 629 1104 681 tete
1134 640 1199 681 mea
1225 624 1419 697 scriptumest
1447 624 1531 679 :ulit
1558 622 1638 678 misit
1652 638 1770 694 serpeus
1783 639 1819 677 ex
1845 640 1897 678 ore

147 713 234 769 etism
248 728 325 784 aqua
337 727 371 767 ex
385 712 477 767 nimio
497 712 591 767 calore
608 712 637 765 io
656 728 741 767 carne
755 713 881 768 hominis
909 713 993 768 rubet
1047 728 1100 767 suo
1114 716 1178 784 post
1194 711 1343 768 mulierem
1357 727 1461 783 uquam
1478 716 1615 784 tanquam
1642 712 1762 779 llumen,
1775 716 1808 767 ut
1832 727 1897 767 eam

147 806 176 858 et
201 806 309 855 menet.
339 801 374 856 Et
390 800 534 871 quomodo
562 799 736 855 conveniens
763 806 885 856 essetot
907 800 993 857 homo
1047 799 1154 855 iaceret
1177 800 1253 855 trahi
1276 816 1292 854 a
1313 799 1443 867 llumiue,
1480 804 1509 854 et
1551 799 1660 871 adjuvit
1683 804 1759 853 terra
1787 799 1896 854 molie-

148 888 474 957 tenebrosusmanerel,
503 887 552 959 qni
576 888 737 942 delumine
759 888 897 957 clarescit,
922 894 993 945 etse
1047 904 1108 943 rem
1132 887 1249 960 libid).
1284 890 1342 943 lluo
1380 887 1620 942 corrsiderandum
1654 888 1694 941 sic
1725 892 1793 941 est:
1824 886 1898 942 blisit

148 994 207 1033 non
233 980 360 1032 moveret
381 992 448 1032 cnm
481 976 515 1031 de
543 976 610 1047 igne
637 976 730 1031 riuat‘?
753 976 833 1040 Quod
855 977 880 1031 si
905 978 994 1033 homo
1022 972 1024 977 ’
1048 978 1184 1049 antiquus
1206 982 1373 1048 persecutor
1400 992 1434 1030 ex
1457 976 1633 1048 nequissima
1657 975 1813 1030 voracitate
1847 992 1896 1029 sua

148 1066 356 1136 absquaopero
377 1070 461 1129 esset,
476 1068 506 1120 ot
530 1064 554 1117 si
566 1063 759 1119 habitaculum
774 1080 833 1119 non
862 1065 993 1134 haberet,
1048 1066 1248 1122 rectitudinem
1263 1064 1401 1132 mulieris,
1418 1079 1481 1136 quoe
1501 1066 1595 1119 uirum
1609 1064 1777 1135 protulerat,
1800 1063 1895 1119 iucre-

147 1169 253 1209 vacuus
277 1152 361 1208 foret.
386 1153 457 1208 Nom
480 1152 555 1207 Deus
573 1152 649 1222 ignis
672 1157 700 1207 et
721 1154 768 1207 lux
791 1152 915 1208 existens
942 1170 995 1224 per
1048 1154 1198 1210 dulitatem
1224 1159 1253 1208 et
1279 1153 1478 1209 infidelitatem
1494 1153 1523 1207 in
1545 1152 1840 1224 populosludeurum
1871 1155 1896 1205 et

149 1243 276 1297 animam
302 1241 450 1296 hominem
477 1240 612 1308 vivificat,
636 1245 665 1294 et
692 1257 743 1312 per
769 1241 993 1297 rationalitatem
1048 1258 1239 1315 paganorum,
1254 1243 1309 1298 hoc
1331 1241 1484 1297 intendens
1501 1241 1624 1296 atillam
1648 1240 1781 1310 plurimis
1802 1256 1898 1312 perse·

149 1346 216 1385 eum
229 1330 491 1397 movet,sicetiam
512 1329 629 1384 insono
646 1328 724 1383 vorbi
741 1332 833 1384 totum
853 1331 992 1386 mundum
1048 1331 1210 1387 cutiouibus
1237 1330 1364 1385 attritam
1396 1330 1452 1384 sibi
1489 1330 1667 1401 subjugaret,
1693 1330 1738 1384 vel
1778 1328 1897 1383 omnino

149 1418 266 1486 creavit,
290 1416 340 1489 qui
365 1417 562 1472 babitaculum
589 1416 715 1472 hominis
735 1422 788 1483 est,
816 1417 866 1489 qui
889 1419 996 1475 scilicet
1049 1420 1208 1487 suliocaret,
1242 1416 1485 1489 quremadmodum
1524 1418 1604 1471 navis
1631 1432 1684 1488 per
1712 1415 1897 1487 naufragium

148 1506 315 1562 homocum
330 1504 810 1577 omnibusbisoperatur,siontet
827 1508 901 1561 Deus
926 1522 993 1562 eum
1049 1508 1211 1577 suffocatur,
1228 1512 1371 1579 quatenus
1401 1520 1508 1560 nomen
1530 1505 1621 1576 ipsius
1644 1506 1788 1559 totumde
1821 1510 1898 1559 terra

149 1594 181 1650 iu
196 1594 330 1649 omnibus
345 1592 505 1665 perlectum
519 1593 598 1649 iecit.
1050 1595 1204 1664 deleretur,
1228 1596 1302 1649 sicut
1316 1596 1346 1649 et
1361 1609 1407 1649 res
1424 1593 1473 1649 illa
1495 1593 1530 1649 de
1553 1598 1630 1647 terra
1651 1592 1762 1647 deletur
1775 1608 1845 1663 quae
1869 1592 1896 1647 iu

150 1701 229 1769 Quod
254 1702 387 1757 boruiuem
405 1716 423 1754 o
439 1700 593 1770 perditione
609 1700 703 1755 uultus
725 1703 814 1769 posset
829 1714 994 1763 eruerem.
1015 1668 1226 1756 Bprofundum
1241 1682 1368 1739 fluminis
1387 1682 1547 1755 projicitur.
1565 1681 1618 1737 Sed
1643 1680 1787 1752 adjutorio
1812 1685 1897 1735 tarrac

186 1788 238 1843 que
258 1772 425 1841 deceptorem
451 1773 511 1838 eius
537 1770 675 1825 diabolum
696 1775 832 1825 revincere
853 1772 908 1826 uisi
923 1771 996 1826 solus
1051 1772 1155 1828 mulier
1169 1776 1265 1843 erepta
1280 1775 1334 1834 est,
1363 1770 1430 1842 quis
1445 1770 1534 1825 Filius
1560 1785 1641 1824 meus
1667 1776 1775 1825 restem
1793 1769 1896 1824 huma-

186 1847 273 1905 9Μέ
295 1848 322 1897 0⁸
339 1842 423 1896 verba
444 1842 510 1896 libii
535 1842 717 1910 malitiosi
732 1842 854 1895 J⁰⁰⁷¹¹i²⁸⁸
868 1843 995 1910 ⁰P⁰⁸¹⁰¹¹3
1050 1860 1147 1917 nitatis
1163 1876 1222 1916 sure
1235 1860 1271 1915 de
1283 1859 1345 1931 ipsa
1366 1857 1499 1931 sumpsit,
1523 1857 1574 1930 qui
1601 1856 1727 1929 plurima
1741 1857 1897 1929 opprobria

185 1920 406 2038 mmm,
421 1912 666 2037 {ffmfflmei
679 1910 997 2052 mi‘zjgfgffiffg]
1051 1953 1079 2003 ct
1103 1948 1250 2020 passiones
1277 1948 1312 2003 ad
1337 1946 1532 2004 confusionem
1556 1946 1686 2017 ejusdem
1708 1946 1854 2017 serpentis
1868 1947 1897 2001 in

185 2054 264 2109 modo
277 2069 295 2109 o
310 2059 384 2108 temo
398 2053 497 2122 adjutu
511 2055 557 2107 sit.
1050 2052 1170 2108 corporo
1186 2052 1239 2091 suo
1249 2036 1379 2109 pertulit.

185 2158 254 2214 lllll.
275 2159 308 2215 El
322 2157 388 2230 quis
401 2157 510 2213 levaret
535 2156 679 2228 perditum
695 2156 853 2226 bominem,
867 2155 919 2230 qui
947 2155 996 2213 de·
1052 2127 1221 2267 offla&
1247 2126 1381 2251 mom
1400 2125 1565 2251 Ἓῗῖἕξξ
1587 2123 1898 2249 ἔξῶθὲῐᾶἱυτθθᾜ

150 2252 249 2319 coptus
263 2246 405 2302 creatoris
430 2246 476 2301 sui
498 2246 605 2303 oblitus
619 2250 671 2314 est,
699 2245 754 2301 nisi
780 2246 829 2301 ille
843 2245 894 2318 qui
918 2246 998 2302 nulla
1085 2271 1163 2323 „pum
1186 2271 1332 2323 mmmm
1356 2272 1382 2321 ει
1410 2265 1543 2321 hommem
1570 2266 1653 2321 ,impp
1671 2280 1705 2319 η
1734 2264 1898 2333 ,ppjpcgfom

150 2334 272 2406 caligine
306 2333 494 2390 obumbratus
529 2333 702 2406 ignorantiae
730 2334 808 2390 illius
828 2334 996 2390 condoluit?
1087 2353 1178 2393 corum
1209 2353 1269 2408 quae
1307 2339 1336 2391 iu
1373 2337 1473 2391 mundo
1508 2340 1572 2391 suut
1606 2334 1843 2405 mapuificooerit,·
1874 2340 1898 2389 et

152 2422 202 2477 sed
214 2437 280 2477 cnm
295 2421 426 2478 diabolus
444 2422 596 2477 mulierem
608 2422 739 2478 vestitam
752 2422 879 2488 vidisset,
894 2422 926 2477 in
952 2422 997 2477 in·
1087 2408 1218 2479 lu⁰m⁰d⁰
1248 2406 1394 2464 secundum
1418 2408 1538 2463 “iliram
1560 2406 1770 2475 ‘militensium
1786 2410 1824 2460 iii
1843 2408 1897 2459 5⁷¹5·

152 2511 218 2565 vida
242 2509 370 2578 scientia,
391 2527 449 2583 qua
472 2525 501 2566 se
529 2511 565 2568 de
580 2511 650 2567 coelo
664 2511 827 2583 projectum
854 2510 997 2583 cognorit,
1088 2482 1163 2605 “22‘'ss
1181 2478 1453 2620 ffrbgciggmffiassf,
1477 2479 1896 2611 θῧθὲωοὲἷὲοωεῗῖρίᾞωῗιξ

151 2598 228 2654 intra
252 2598 421 2655 sciscitando
438 2604 469 2655 ut
496 2599 566 2670 quid
590 2600 664 2655 Deus
678 2599 721 2655 illi
749 2600 883 2655 vestitum
907 2600 999 2656 dedis·
1086 2635 1172 2690 ma,
1193 2620 1231 2675 ad
1254 2618 1287 2675 fd
1310 2640 1323 2670 „
1346 2622 1504 2691 (actumque
1517 2623 1557 2674 ρει
1577 2633 1685 2689 vespm
1711 2622 1736 2673 ες
1750 2632 1830 2673 mm
1840 2618 1898 2673 ὣς

153 2693 206 2756 εει,
219 2703 250 2742 sa
262 2686 358 2759 ipsum
376 2688 528 2761 decerpsit,
547 2692 581 2743 nt
606 2689 636 2742 in
660 2687 833 2760 Apocalypsi
859 2689 997 2761 scriptum
1087 2705 1194 2746 nauso

153 2780 196 2831 est
212 2791 219 2831 :
236 2797 251 2826 κ
268 2776 556 2849 Etpostquamridit
581 2774 667 2830 draco
687 2775 765 2847 qnod
792 2776 936 2847 projectus
955 2778 999 2829 eet
1087 2756 1166 2835 livii.
1209 2779 1320 2850 ltaque,
1345 2779 1377 2832 ut
1402 2775 1599 2849 supradictum
1626 2782 1678 2845 est,
1708 2776 1783 2831 Deus
1811 2792 1898 2831 mun·

153 2864 326 2933 interram,
351 2870 519 2936 persecutus
546 2869 589 2919 est
615 2864 768 2919 mulierem
792 2880 858 2936 qnae
884 2861 999 2935 peperit
1053 2866 1121 2922 dum
1136 2868 1207 2923 coelo
1228 2866 1349 2929 ornauit,
1366 2869 1500 2937 terraque
1522 2864 1617 2937 ipsum
1632 2864 1766 2933 lirmavit,
1792 2880 1824 2920 sc
1848 2881 1900 2937 per

154 2954 323 3009 masculum.
352 2954 388 3009 Et
413 2953 486 3008 dutae
510 2957 578 3007 sunt
602 2952 716 3007 mulieri
736 2950 867 3007 dueealae
893 2950 998 3022 aquilae
1017 2960 1119 3015 ceum
1143 2971 1173 3011 se
1189 2955 1283 3025 ipsum
1312 2953 1492 3025 glorificavit,
1517 2960 1603 3025 utque
1632 2970 1683 3025 per
1706 2953 1841 3025 illaque
1869 2954 1900 3008 in

154 3058 278 3114 magnae,
294 3047 328 3098 ut
345 3041 498 3097 volaretin
527 3041 672 3096 desertum
698 3039 795 3094 locum
823 3054 920 3108 suum,
948 3037 999 3094 ubi
1053 3043 1162 3098 mundo
1187 3048 1255 3098 sunt
1276 3042 1424 3097 homiuem
1453 3042 1628 3111 sublimauit,
1646 3058 1713 3097 cum
1736 3041 1779 3096 iili
1801 3042 1900 3097 omnia

154 3131 241 3185 alitur
262 3146 314 3202 per
329 3133 444 3203 tempus
458 3134 487 3186 et
507 3134 651 3199 tempora,
665 3132 695 3183 el
713 3127 866 3183 dimidium
887 3131 1000 3198 tempo·
1052 3134 1167 3187 terrena
1202 3130 1331 3202 subjecit,
1366 3131 1446 3187 velut
1477 3146 1575 3186 servus
1601 3146 1694 3199 meus,
1721 3132 1898 3186 secretorum

154 3220 196 3273 ris
210 3234 227 3273 s
240 3218 312 3273 tucio
325 3216 465 3289 serpentis
481 3217 585 3288 (Apoc-
610 3221 707 3280 suu.»
736 3216 794 3271 noc
819 3214 1001 3270 eonsidaran-
1054 3235 1184 3277 meorum
1206 3219 1346 3285 conscius,
1369 3219 1496 3275 ostendit
1518 3219 1616 3275 dicens
1631 3235 1638 3273 ε
1656 3242 1670 3268 u
1696 3220 1729 3274 ln
1755 3220 1899 3290 principio

156 3308 225 3362 dum
237 3307 278 3361 sic
291 3309 354 3361 est:
370 3304 725 3377 Antiquusdraco,videns
739 3304 807 3377 quia
818 3304 999 3361 locumillnm
1053 3308 1161 3363 creavit
1183 3309 1257 3365 Deus
1279 3307 1382 3364 coslum
1396 3312 1425 3362 et
1444 3312 1551 3363 terrum
1576 3308 1657 3376 ides.
1671 3310 1703 3375 t).
1723 3330 1734 3355 s
1753 3308 1810 3363 iios
1835 3324 1900 3361 eon-

156 3393 327 3465 perdidisset
351 3393 382 3448 in
397 3409 483 3465 quem
513 3393 609 3449 sedem
633 3410 715 3448 suum
742 3409 850 3464 ponere
875 3393 999 3458 volebat,
1054 3396 1237 3453 siderandum
1266 3394 1306 3451 sic
1333 3398 1397 3451 cst:
1420 3397 1451 3451 ln
1473 3394 1625 3467 principio,
1653 3395 1741 3450 idest
1765 3395 1796 3450 in
1811 3396 1897 3449 inom-

155 3482 292 3553 quoniam
308 3479 338 3534 in
352 3483 477 3536 tartarea
490 3480 553 3535 loca
568 3479 712 3552 projectus
727 3484 799 3547 erat,
815 3482 888 3535 iram
918 3496 1000 3536 suam
1053 3487 1153 3558 ptione
1172 3484 1302 3541 omnium
1327 3499 1424 3539 rerum
1450 3499 1516 3555 quos
1543 3483 1574 3537 in
1594 3483 1715 3539 scientia
1738 3482 1790 3540 liei
1817 3490 1902 3539 erasit

156 3570 187 3626 in
201 3568 352 3625 mulierem
367 3568 488 3636 exacuit,
504 3568 666 3641 quiaillam
681 3568 808 3623 redicem
829 3569 924 3625 omnis
949 3568 1001 3625 hu·
1055 3572 1254 3647 qualiterileri
1280 3572 1425 3636 deberent,
1459 3572 1565 3627 creauit
1590 3572 1674 3639 Deus,
1698 3572 1752 3627 hoc
1779 3576 1822 3627 est
1850 3588 1902 3643 par

156 3658 235 3713 mani
275 3658 388 3729 generis
425 3672 477 3728 per
504 3662 619 3727 partum
644 3673 705 3713 esse
737 3658 889 3730 cognouit;
914 3663 944 3714 et
969 3658 1001 3713 iu
1055 3664 1189 3735 seipsum
1218 3662 1373 3734 procedere
1399 3660 1478 3727 iecit,
1494 3660 1596 3715 coelum
1611 3664 1770 3727 ulterram,
1793 3660 1904 3715 scilieet

157 3746 282 3802 maximo
297 3745 364 3800 odio
378 3760 442 3799 eam
459 3744 579 3813 habens,
594 3745 670 3800 intra
684 3761 714 3800 se
729 3745 801 3802 dixit
826 3747 905 3817 quod
928 3762 1002 3802 nun·
1056 3751 1204 3807 materiam
1228 3750 1358 3806 omnium
1382 3754 1579 3804 creaturarum
1603 3748 1760 3804 coelestium
1784 3751 1813 3802 et
1840 3752 1904 3801 ler-

156 3837 380 3907 quamcessaret
396 3832 475 3888 illam
497 3832 697 3905 persequendo
730 3848 883 3905 quousque
908 3834 1001 3904 ipsam
1055 3839 1200 3903 restrium,
1221 3837 1335 3907 caelum,
1350 3837 1443 3905 idlest
1460 3836 1583 3893 lucidam
1611 3834 1771 3901 materiam,
1787 3842 1817 3891 et
1842 3839 1903 3890 ter·

156 3922 278 3978 velutin
293 3920 367 3975 maci
391 3920 552 3986 suffocaret,
581 3921 649 3992 quia
676 3936 740 3976 eam
765 3921 892 3992 primum
918 3921 1001 3976 dece·
1055 3944 1128 3994 ram,
1155 3926 1288 3982 videlicet
1307 3926 1502 3982 turbulentam
1527 3924 1689 3981 materiam.
1716 3924 1749 3979 lit
1775 3922 1821 3979 lue
1836 3922 1901 3979 duee

156 4014 249 4084 porat·
276 4007 330 4064 Sed
358 4007 419 4081 59³³
441 4010 523 4079 quasi
548 4008 686 4080 Poriood⁰
709 4008 882 4078 ⁸⁰8⁰⁵fi³los
908 4008 1003 4065 ἲῡῐίίι·
1056 4014 1183 4070 materiae
1198 4013 1285 4069 simul
1299 4019 1402 4069 creatae
1421 4021 1498 4081 sunt,
1523 4018 1552 4069 et
1566 4012 1596 4067 in
1618 4029 1675 4069 uuo
1690 4011 1796 4066 circulo
1817 4026 1904 4082 appa·

157 4098 264 4152 simum
300 4095 473 4167 adjutorium
499 4096 700 4151 consolationis
727 4095 844 4151 landem
868 4095 1002 4166 arripuit,
1056 4105 1187 4169 ruerunt,
1203 4102 1253 4173 qni
1267 4100 1390 4157 circulus
1403 4106 1528 4173 potestas
1543 4101 1595 4156 Dei
1610 4104 1653 4155 est
1665 4100 1696 4155 in
1722 4100 1794 4155 coelo
1818 4102 1845 4153 st
1872 4099 1903 4154 in

158 4186 312 4258 divinoque
336 4184 512 4256 protectione
538 4184 654 4240 suffulta
693 4184 723 4239 in
752 4184 888 4240 omnibus
909 4184 1002 4241 modis
1057 4196 1144 4247 terra.
1159 4192 1196 4246 De
1215 4190 1342 4247 claritate
1356 4190 1415 4259 illa,
1433 4205 1498 4262 quae
1513 4189 1657 4245 aelernitas
1682 4192 1735 4257 est,
1764 4188 1903 4261 praediola

159 4273 274 4332 diabolo
300 4288 331 4327 sa
352 4272 497 4345 opposuit.
523 4273 595 4328 Nam
618 4272 674 4345 ipsi
689 4273 756 4330 data
772 4277 839 4328 sunt
854 4273 912 4329 duo
941 4288 1004 4329 mu·
1056 4279 1151 4335 lucida
1170 4278 1289 4335 materia
1311 4280 1388 4334 velut
1403 4279 1493 4349 spissa
1508 4279 1555 4333 lnx
1570 4277 1751 4343 fulminabat,
1782 4281 1812 4332 et
1840 4276 1904 4331 hoec

160 4362 289 4418 nimenta
315 4358 510 4428 beatiiudinis,
549 4358 658 4415 scilicet
684 4360 798 4415 ooelesio
830 4359 1004 4415 desidorium
1057 4368 1158 4423 eadem
1184 4368 1231 4423 lux
1255 4382 1342 4439 super
1383 4368 1577 4423 turbulentam
1602 4366 1752 4421 materiam
1776 4363 1901 4419 lucebat.

159 4454 188 4506 oi
217 4448 336 4505 saltatio
361 4448 534 4515 animorum,
563 4453 596 4503 nt
619 4464 685 4504 ⁰⁰¹1]
711 4448 742 4503 io
766 4448 811 4503 his
839 4449 871 4504 io
896 4453 1004 4504 teotolo
1058 4456 1122 4527 lpse
1144 4470 1259 4528 quoque
1288 4472 1339 4511 nec
1360 4456 1576 4512 ilrmameotnm
1596 4469 1648 4509 nec
1673 4458 1779 4507 terram
1804 4452 1904 4507 statim

161 4536 467 4605 cordissuiteuderet,
481 4535 587 4591 ibidem
608 4536 785 4592 nutrimenta
806 4536 905 4593 solutis
933 4536 1004 4591 acci·
1058 4543 1241 4611 illuminavit,
1272 4543 1518 4617 quemadmodum
1551 4558 1604 4597 nec
1631 4542 1719 4597 homo
1744 4540 1822 4608 iacit,
1852 4540 1904 4610 qui

160 4627 254 4699 piens,
268 4640 320 4698 per
336 4630 450 4696 tempus
475 4622 550 4696 qood
567 4630 633 4679 anto
648 4624 864 4695 diluviomlnit,
879 4628 908 4681 et
934 4628 1005 4681 tom
1058 4631 1197 4705 quasdam
1218 4632 1324 4687 turmas
1346 4635 1438 4703 parat,
1468 4631 1537 4705 quis
1561 4644 1796 4702 unumquemque
1822 4628 1904 4698 prius

160 4731 231 4787 pora
243 4718 308 4785 post
323 4712 462 4768 diluvium
477 4716 507 4767 et
531 4710 682 4768 dimidium
707 4713 846 4784 temporis
871 4713 949 4785 quod
974 4714 1003 4769 in
1058 4736 1125 4775 uum
1139 4719 1245 4775 circino
1275 4718 1452 4790 subsignat,
1477 4722 1506 4772 st
1529 4732 1592 4773 eam
1616 4716 1801 4789 postmodnm
1823 4715 1903 4769 colo·

160 4800 375 4858 circumcisione
390 4804 456 4857 unte
472 4800 701 4856 lncamationem
718 4800 782 4856 Filii
798 4802 855 4857 mei
879 4805 950 4870 urat,
977 4807 1006 4857 et
1058 4806 1137 4861 ribus
1152 4804 1291 4876 depingit.
1310 4826 1321 4854 ι
1338 4806 1424 4860 'l'erra
1448 4808 1545 4858 atatem
1561 4808 1622 4857 orat
1636 4802 1730 4857 inanis
1758 4805 1789 4857 st
1801 4816 1903 4865 vacua,

160 4889 326 4963 perduravit
341 4903 432 4959 usqne
446 4889 482 4945 ad
496 4888 620 4961 'plenum
643 4893 758 4961 tempus
783 4888 947 4962 Euangelii3
973 4890 1004 4945 in
1059 4898 1088 4948 et
1104 4893 1230 4948 tenebrae
1245 4897 1428 4962 orantsupsr
1442 4890 1544 4946 faciem
1560 4888 1653 4961 abyssi
1669 4888 1798 4960 (ibidis
1829 4903 1902 4959 quu-

160 4995 218 5052 quo
233 4978 327 5035 omnis
346 4975 497 5048 plenitudo
525 4992 601 5032 uerte
615 4981 644 5033 st
667 4976 753 5048 justae
781 4978 1003 5045 constitutionis,
1059 4982 1137 5037 niam
1152 4985 1229 5035 terra
1243 4978 1414 5048 initinunis,
1430 4978 1539 5034 scilicet
1553 4978 1647 5034 forma
1668 4993 1777 5043 carens,
1802 4982 1830 5033 et
1855 4976 1904 5032 in·

160 5069 297 5126 aduersus
322 5066 476 5139 antiquum
503 5071 667 5136 serpentem
686 5065 820 5122 surrexit.
846 5068 919 5123 Ante
933 5065 1005 5122 diln-
1059 5068 1298 5139 visibilis,lnmcn
1313 5084 1371 5125 nou
1383 5068 1503 5131 babens,
1517 5066 1730 5139 quia'necdum
1749 5064 1905 5137 splendore

159 5157 239 5212 vium
254 5157 361 5229 etpost
380 5154 532 5223 dilnvium,
552 5170 665 5210 necnon
680 5158 708 5209 at
722 5154 752 5209 in
775 5153 1003 5225 circumcisione,
1059 5160 1138 5227 lucis,
1155 5172 1208 5213 nec
1230 5157 1358 5213 claritate
1385 5156 1463 5225 solis,
1479 5157 1556 5211 lunoe
1574 5161 1625 5211 aut
1650 5154 1797 5209 stellarum
1820 5152 1905 5209 illus·

160 5246 251 5301 Deum
265 5245 392 5301 colentes
405 5242 532 5311 inerunt,
556 5242 608 5315 qui
634 5242 864 5313 redemptionem
891 5243 1003 5298 anima·
1059 5246 1199 5311 trabatur,
1216 5246 1245 5300 et
1271 5243 1389 5311 inculta,
1418 5243 1557 5315 quoniam
1578 5242 1659 5297 nulla
1685 5246 1817 5297 croutura
1842 5241 1904 5295 sul-

158 5349 224 5389 rnm
238 5350 355 5390 suarum
370 5332 553 5404 perellusnm
563 5331 735 5404 sangninem
748 5330 812 5387 liilii
827 5330 884 5387 mei
908 5331 1005 5405 adepti
1058 5335 1185 5401 cubator,
1197 5339 1225 5389 et
1240 5348 1339 5401 vacua,
1352 5332 1437 5389 idest
1458 5330 1659 5401 incomposita,
1679 5329 1748 5401 qnia
1769 5327 1905 5384 nondum

159 5425 235 5477 sunt.
263 5423 334 5478 Cum
353 5426 449 5477 eumn
479 5420 717 5493 tempusrutilans
740 5434 863 5487 aurore,
898 5419 928 5474 id
961 5425 1004 5476 est
1058 5422 1143 5493 plena
1162 5424 1231 5487 erut,
1260 5434 1324 5474 cum
1349 5418 1471 5474 necdum
1494 5415 1678 5482 viriditatem,
1704 5420 1907 5485 permoneat

159 5509 566 5583 pleuaejostitioep'rl'ilium
581 5509 780 5576 meumreuit,
796 5508 1004 5582 antiquusser-
1059 5508 1243 5565 floriditatem
1263 5506 1428 5572 herbarum,
1448 5521 1496 5559 seu
1515 5505 1651 5560 arborum
1665 5502 1792 5558 baberet.
1821 5503 1906 5567 Quod
