3984 6034
97 220 149 276 997
419 216 520 274 trualt
539 216 694 273 ntvlttolt.
716 214 820 272 OPER.
842 213 1012 272 sidericis
1032 213 1320 275 bustula—PARS
1340 214 1387 284 ΙΙΙ,
1403 214 1498 271 ,ΥΙΞΙΟ
1518 215 1548 269 Χ.
1798 222 1850 275 998

94 350 145 404 sed
159 348 295 419 deinceps
313 347 344 403 iu
358 346 491 404 laudibus
505 347 675 419 angelornm
698 352 743 403 est
759 348 810 420 qui
829 348 947 420 spiritus
964 346 1072 407 Atiam
1088 346 1184 416 habet,
1198 347 1228 403 in
1250 363 1309 419 qua
1320 361 1434 419 semper
1447 362 1514 403 eum
1538 362 1606 403 voce
1620 347 1712 405 larrdis
1726 352 1756 405 et
1782 366 1849 405 cum

95 440 175 492 sunt.
201 438 282 493 Unde
297 439 327 491 et
352 436 417 507 ipsa
444 436 532 491 etiam
558 443 627 492 tunc
652 436 771 508 spiritus
788 436 946 502 vocabitur,
1001 435 1155 491 dilectione
1180 436 1297 491 bonoria
1325 434 1374 492 Dei
1393 441 1484 505 sonat,
1513 452 1566 491 nec
1594 436 1673 492 aliud
1697 453 1785 508 quam
1816 438 1846 493 in

91 525 233 595 quicum
262 540 383 596 corpore
413 524 507 579 carnis
532 524 667 596 deinceps
694 540 756 580 non
791 524 945 579 laborabit.
1000 523 1091 579 Deum
1116 524 1278 595 perspicere
1302 531 1330 581 et
1360 524 1455 595 ipsum
1489 523 1606 580 laudare
1629 525 1781 581 desiderat.
1813 528 1845 581 Et

94 614 198 670 blerito
212 617 308 669 auteur
324 613 413 669 homo
436 614 494 668 vite
518 613 635 682 dicitur,
658 614 797 684 quoniam
815 627 882 667 cum
895 627 947 685 per
999 611 1074 666 Deus
1099 616 1166 667 ante
1194 628 1288 668 avum
1325 613 1433 685 absque
1457 612 1537 667 omni
1560 612 1718 669 cessatione
1747 614 1843 685 operis

94 702 274 773 spiraculum
297 701 369 757 vivit
392 701 450 757 uita
464 706 517 770 est,
532 701 583 756 sed
608 707 718 757 etcum
746 717 797 773 per
822 706 945 756 mortem
999 700 1076 773 quod
1103 700 1229 757 tacturus
1255 704 1316 757 erat
1336 702 1420 757 inse
1435 701 1549 769 habuit;
1563 704 1593 757 st
1617 701 1768 770 sichomo,
1794 702 1845 774 qui

94 789 192 845 carnis
207 789 238 845 in
248 788 496 845 immortalitatem
517 793 657 857 mutatur,
677 790 707 844 in
721 789 781 845 sita
796 790 866 857 erir,
882 794 946 861 post
998 790 1130 845 oleosum
1162 790 1367 845 miraculorum
1397 790 1460 861 ejus
1501 795 1553 857 est,
1575 804 1641 845 cum
1671 790 1753 845 oculo
1778 790 1847 846 lldei

94 879 287 935 novissimum
309 894 425 951 quoque
443 878 522 934 diem
550 894 616 933 cum
645 887 766 949 co'rpore
792 884 823 933 et
848 878 947 933 anima
998 877 1094 950 ipsum
1108 877 1263 949 cognoscit,
1286 892 1410 949 eumque
1433 892 1499 932 cum
1518 877 1617 932 osculo
1632 877 1760 937 scientie
1781 894 1846 933 am-

94 968 128 1023 iu
147 968 310 1023 eternitate
337 967 395 1022 rita
419 972 473 1035 est,
502 967 641 1038 quoniam
663 983 729 1023 cum
757 968 832 1022 Deus
853 967 947 1022 bomi·
996 965 1143 1037 plectitur,
1160 979 1247 1036 quem
1261 964 1352 1019 oeulis
1367 962 1529 1019 carnalibus
1544 961 1640 1017 videro
1656 977 1715 1017 non
1743 966 1847 1034 potest,

93 1072 165 1112 nem
179 1055 343 1127 plasmavit,
371 1056 482 1110 occulta
496 1055 633 1127 mysteria
658 1072 710 1111 sua
734 1054 844 1127 inipso
864 1056 946 1111 clau·
999 1059 1086 1125 atque
1108 1051 1267 1109 seeundum
1298 1052 1393 1124 ipsum
1426 1058 1571 1124 operetur.
1599 1051 1727 1123 Angelus
1759 1051 1847 1106 etiam

94 1145 144 1211 sit,
160 1143 228 1215 qnia
248 1143 376 1205 sciendo.
399 1143 564 1214 cogitando,
593 1149 623 1199 et
637 1144 783 1215 operando
803 1143 839 1198 ad
861 1143 945 1198 simi·
999 1143 1089 1198 electa
1112 1156 1200 1215 opera
1215 1141 1277 1213 ejus
1292 1141 1351 1197 lleo
1379 1156 1445 1195 cum
1470 1139 1557 1195 odore
1576 1139 1651 1195 bono
1665 1140 1758 1207 offert,
1783 1156 1847 1212 quac

96 1228 252 1284 titudinem
267 1228 320 1283 llei
334 1228 426 1284 iactus
451 1233 505 1284 est.
526 1227 665 1286 Divinitas
683 1228 763 1283 euim
786 1228 944 1283 ordinatio·
996 1230 1047 1287 ille
1075 1230 1110 1286 ad
1141 1245 1267 1301 superna
1302 1244 1354 1300 per
1394 1228 1499 1283 bonam
1533 1228 1709 1283 voluntatem
1748 1228 1845 1296 mittit,

93 1330 163 1370 nem
173 1316 269 1371 omnis
283 1317 379 1388 operis
390 1314 435 1371 sui
452 1317 483 1372 iu
496 1317 651 1387 semetipsa
665 1316 778 1385 babuit,
800 1317 943 1390 quemad·
997 1319 1123 1391 viliaque
1151 1333 1239 1390 opera
1268 1332 1333 1390 qum
1367 1316 1398 1371 in
1424 1316 1509 1372 aliam
1533 1315 1609 1371 viam
1638 1315 1728 1387 magis
1758 1332 1846 1389 quam

93 1403 216 1458 modum
231 1402 304 1459 illud
329 1403 392 1459 sieri
407 1404 534 1473 deberet,
550 1406 751 1461 etsecundum
775 1405 832 1461 boc
847 1405 944 1461 bomi-
997 1404 1034 1461 ad
1051 1407 1142 1461 Deum
1166 1404 1318 1477 aspiciunt,
1343 1404 1431 1460 etiam
1460 1402 1537 1460 idem
1574 1404 1652 1473 justo
1673 1404 1764 1475 judici
1798 1405 1848 1459 de-

92 1497 207 1547 nemut
225 1491 352 1563 cogitare
366 1495 632 1564 posseteonstituit,
660 1495 702 1549 ita
722 1501 756 1550 ut
773 1494 821 1549 ille
845 1494 944 1549 omnia
999 1497 1150 1549 monstrat.
1178 1493 1270 1548 Verba
1295 1497 1392 1548 autem
1419 1492 1481 1547 brec
1504 1492 1604 1548 ildeles
1620 1492 1729 1559 ,devoro
1753 1492 1848 1547 cordis

92 1596 183 1652 opera
196 1596 249 1636 sna
270 1582 301 1636 in
324 1582 410 1637 corde
429 1598 482 1638 suo
497 1583 632 1655 primitus
644 1583 742 1649 dictet,
757 1599 845 1656 quam
858 1582 944 1638 iaciat
963 1582 1100 1679 Bcalfacto
1122 1582 1292 1653 percipiant,
1315 1580 1452 1652 quoniam
1481 1594 1533 1652 per
1557 1579 1637 1633 illum
1658 1579 1709 1652 qui
1737 1580 1848 1652 primus

92 1668 164 1741 quia
192 1669 326 1726 clausura
359 1671 536 1727 mirabilium
566 1671 617 1727 Dei
638 1679 690 1727 est.
716 1673 790 1728 [leus
819 1688 944 1743 namque
998 1676 1027 1727 et
1048 1669 1221 1727 novissimus
1243 1674 1296 1735 est,
1327 1669 1363 1725 ad
1385 1668 1539 1725 utilitatem
1564 1667 1741 1723 medentium
1771 1669 1847 1725 edita

91 1758 220 1826 ordinat,
245 1760 333 1814 bomo
363 1765 461 1815 autem
485 1760 603 1831 cogitat,
622 1760 744 1832 angelus
766 1776 835 1817 sero
851 1761 944 1816 scien-
999 1764 1075 1816 sunt.

795 2028 925 2103 VISIO
955 2028 1150 2103 DECIMA.

99 2294 181 2352 Visio
208 2299 360 2377 erctrcoru,⁸
377 2294 409 2351 ia
441 2311 500 2367 quc
515 2297 588 2377 'roto
609 2296 707 2351 mulla
737 2295 944 2378 amplitudiaia
996 2312 1098 2369 capere
1112 2301 1218 2368 potest.
1232 2297 1369 2369 Etimago
1385 2297 1624 2370 baecpredictam
1639 2297 1768 2353 tabulam
1797 2296 1843 2351 in·

130 2369 256 2433 mma,
278 2366 376 2438 mill
396 2369 471 2423 0⁸⁸0!
490 2366 648 2435 dammim*
674 2367 859 2435 crematam
892 2370 944 2423 *ἴθ-
996 2386 1146 2456 spieiebat.
1176 2385 1255 2441 [lude
1272 2390 1302 2441 et
1320 2385 1396 2441 tinea
1425 2385 1456 2440 in
1484 2402 1542 2458 qua
1564 2385 1682 2441 sedebat
1707 2384 1842 2441 moveba-

130 2453 255 2562 ΜΨ
268 2454 365 2511 ¹m⁰9⁰
384 2437 538 2493 ‘matu
554 2438 605 2493 πώ
631 2437 691 2494 ⁰¹¹⁰
709 2438 856 2494 ‘'mma“
879 2454 943 2493 ‘⁰²¹'
996 2479 1056 2540 tur,
1070 2479 1175 2530 etmox
1194 2472 1243 2529 ubi
1259 2473 1360 2530 eadem
1383 2473 1460 2529 linea
1474 2475 1619 2545 praedicta
1634 2474 1748 2530 retain
1775 2473 1844 2529 sini·

129 2525 261 2580 mmm
995 2566 1054 2617 stra
1078 2562 1140 2633 ejus
1163 2568 1242 2635 parte
1266 2562 1420 2633 conjuncta
1448 2562 1605 2629 videbatur,
1632 2562 1756 2618 exterior
1778 2578 1845 2634 pars

130 2650 152 2705 Ι.
182 2650 290 2705 Deinde
304 2650 389 2721 juxta
410 2654 536 2705 montem
563 2666 650 2722 quem
679 2652 758 2705 velot
789 2650 820 2706 in
845 2651 941 2706 medio
995 2650 1087 2723 ipsius
1102 2655 1171 2707 rotro
1182 2666 1234 2723 per
1249 2651 1336 2707 breve
1356 2652 1481 2723 spatium
1497 2652 1709 2723 aliquantulum
1725 2667 1844 2724 aquosa

95 2738 245 2793 orientalis
260 2738 353 2809 plagae
368 2738 513 2810 conspexi,
529 2744 563 2794 nt
577 2738 748 2811 praedictum
772 2743 825 2808 est,
840 2740 946 2811 quasi-,
996 2738 1363 2811 etrieindealiquantnlum
1384 2741 1461 2796 ultra
1481 2740 1667 2796 medietatem
1684 2738 1846 2795 medietatis

92 2832 190 2881 rotam
219 2826 300 2882 miras
328 2826 528 2898 amplitudinis
560 2827 781 2883 similitudinem
812 2827 942 2882 candidae
996 2828 1361 2900 ejusdemrotoe,quosuh
1377 2828 1496 2899 praelata
1514 2829 1844 2885 lineaintrsusrersum

94 2915 181 2970 nubis
194 2916 358 2984 habentem,
379 2921 408 2971 et
417 2915 451 2970 ad
466 2916 608 2971 orientem
633 2932 745 2971 uersam
771 2916 839 2983 vidi,
855 2931 943 2988 quem
963 2916 1158 2973 educebatur
1171 2918 1341 2992 rubicunda,
1358 2921 1388 2973 et
1401 2920 1586 2989 postmodum
1609 2933 1683 2989 pura
1697 2921 1726 2973 et
1739 2916 1844 2984 lueida,

94 3003 125 3058 in
147 3003 245 3059 medio
263 3004 295 3058 in
317 3008 522 3072 ususversum,
539 3004 684 3060 sciliceta
710 3003 825 3059 sinistro
854 3006 943 3060 latere
995 3006 1159 3061 attendam
1189 3005 1268 3060 velut
1294 3004 1410 3061 turbida
1446 3009 1475 3059 et
1509 3004 1668 3077 procellosa
1690 3010 1845 3078 tempestas

93 3108 189 3164 usque
203 3092 238 3148 ad
253 3092 387 3148 dextrum
406 3092 481 3147 latus
495 3108 591 3159 suum,
607 3092 684 3147 linea
699 3093 813 3148 obscuri
837 3093 943 3149 eoloris
996 3093 1186 3164 alliciebatur,
1198 3094 1406 3165 scilieetprope
1416 3094 1504 3149 finem
1520 3094 1650 3165 ejusdem
1671 3094 1844 3162 medietatis,

94 3180 175 3237 velut
201 3180 309 3237 balitus
329 3180 455 3236 bominis
473 3185 517 3237 est
531 3180 736 3252 distinguebat,
750 3182 792 3237 ite
803 3186 836 3237 ut
855 3183 943 3240 etiam
998 3182 1048 3237 ubi
1063 3182 1182 3254 prelata
1197 3182 1273 3237 linea
1287 3180 1417 3253 ejusdem
1445 3185 1517 3237 rota
1536 3182 1622 3238 affixa
1636 3186 1707 3238 erat.
1726 3182 1845 3239 Audivi·

94 3269 225 3341 ejusdem
253 3274 322 3325 rotae
348 3268 535 3325 medietatem
549 3285 615 3341 quar
639 3285 726 3341 snper
751 3270 883 3326 eamdem
905 3272 943 3326 li·
995 3286 1052 3343 que
1067 3286 1166 3325 vocem
1176 3270 1211 3325 de
1225 3271 1296 3326 coelo
1306 3269 1378 3325 mibi
1391 3269 1533 3325 dicentem
1554 3290 1562 3325 r

93 3372 180 3413 neam
200 3364 272 3427 erat,
297 3357 354 3413 alia
377 3358 454 3413 linea
477 3359 720 3431 quemadmodum
747 3374 850 3415 aurora
869 3363 941 3415 ruti·
995 3358 1156 3425 Οοίοὒοοτ
1166 3374 1231 3413 cero
1248 3356 1389 3414 unurdici
1402 3374 1460 3414 nou
1483 3362 1580 3431 pacet
1592 3358 1619 3415 si
1640 3359 1698 3415 eibi
1719 3358 1845 3419 similem

94 3448 196 3515 lans,a
211 3448 376 3503 summitate
389 3446 479 3518 ipsius
490 3452 561 3502 rotae
581 3463 672 3519 usque
695 3448 730 3503 ad
759 3449 942 3504 medietatem
1030 3428 1679 3515 ‘timii‘mhabileivfiillwdPssaemmiffliss
1695 3434 1843 3513 mlvii&

92 3534 316 3606 proeiatceliuere
331 3534 508 3591 descendens
527 3536 702 3591 ostenderet.
729 3536 868 3607 Superior
893 3552 943 3591 au·
1032 3500 1105 3625 ἓξὲξ
1115 3503 1402 3642 ῗὲᾚιξξξᾘᾶξῖ
1421 3503 1456 3625 ᾖ
1470 3502 1845 3642 ssssgyssgggnfflaagffiffi

93 3626 153 3676 tem
175 3638 241 3694 pars
263 3622 424 3678 medietatis
447 3623 577 3695 ejusdem
598 3629 701 3679 rotaea
723 3624 838 3679 sinistro
854 3625 942 3679 latere
1030 3644 1098 3697 νοω
1111 3640 1264 3711 dempti,
1279 3642 1319 3696 ag
1331 3610 1520 3697 aeffligapem
1533 3644 1577 3697 „ep
1597 3645 1769 3714 poppam„
1792 3644 1843 3699 pp,

91 3709 242 3781 usquead
274 3711 457 3767 medietatem
477 3712 522 3767 sni
551 3712 632 3783 quasi
667 3712 789 3768 viridem
816 3714 942 3768 colorem
1031 3728 1081 3767 seu
1095 3710 1562 3782 animorumaulutemreserutur.

94 3798 257 3862 emittebat,
278 3804 307 3854 et
326 3816 343 3853 a
361 3799 464 3855 dextro
484 3801 573 3857 latere
595 3802 737 3873 usquead
757 3802 942 3857 medictatem
1032 3799 1483 3871 11.0homo,audietinteuige
1503 3800 1590 3855 verba
1604 3800 1682 3856 itlius
1706 3799 1842 3873 quierat,

93 3887 140 3943 sui
154 3888 231 3941 vetur
244 3886 350 3942 rubeus
369 3887 448 3942 color
465 3889 610 3959 fulgebat,
626 3890 668 3944 ita
692 3896 724 3946 ut
738 3890 769 3945 bi
784 3890 842 3946 dno
864 3892 941 3946 coto·
996 3895 1026 3944 et
1041 3889 1090 3961 qui
1102 3893 1145 3944 est
1158 3887 1266 3959 absque
1276 3888 1370 3943 cilicio
1384 3888 1584 3944 mutabilitatis
1592 3889 1843 3961 temporum,quia

94 3992 141 4031 res
163 3976 269 4047 aquali
296 3990 433 4031 mensura
447 3978 605 4048 spatiorum
625 3978 701 4033 inter
722 3994 753 4035 se
780 3979 943 4035 dividereu-
996 3977 1105 4049 inipso
1125 3977 1180 4031 boc
1198 3976 1350 4049 antiquum
1374 3976 1527 4032 consilium
1542 3978 1606 4043 iuit,
1625 3976 1702 4050 qnod
1730 3976 1843 4034 diversa

96 4069 153 4120 tur.
171 4065 386 4121 ltedietasrero
401 4064 530 4136 ejusdem
554 4071 635 4131 rotoe.
652 4083 718 4138 qnae
732 4068 785 4124 sub
804 4067 943 4139 praedicta
996 4082 1086 4137 opera
1101 4065 1195 4121 iacere
1207 4065 1315 4132 voluit3
1332 4070 1360 4120 et
1382 4065 1442 4121 baec
1454 4065 1537 4137 quasi
1552 4066 1666 4121 radium
1680 4066 1748 4122 solis
1776 4071 1843 4123 ante

97 4154 176 4209 linea
189 4153 219 4209 in
234 4158 429 4209 transversum
454 4153 539 4210 ducta
566 4160 637 4222 erat,
653 4156 778 4211 colorem
802 4149 942 4227 pallidum
998 4154 1199 4226 antiquitatem
1215 4154 1328 4210 dierum
1338 4154 1473 4227 inspexit,
1491 4154 1628 4226 quoniam
1644 4155 1842 4211 luturaeraut.

96 4241 221 4313 quadam
242 4242 394 4314 nigredine
426 4242 622 4299 intermistum
660 4244 885 4299 demonstrabat.
910 4246 943 4300 Et
961 4214 983 4269 Β
1000 4244 1070 4299 Nam
1090 4244 1166 4298 Deus
1180 4247 1357 4305 unusest,et
1371 4242 1439 4298 huic
1458 4242 1560 4299 unitati
1578 4242 1652 4300 nibil
1666 4260 1696 4301 se
1712 4244 1842 4301 conterre

92 4346 158 4385 eece
168 4330 198 4385 in
213 4330 309 4386 medio
324 4330 452 4402 ejusdem
470 4336 541 4386 rotae
555 4332 586 4386 in
608 4332 727 4405 presiata
740 4332 818 4388 linea
834 4332 940 4389 iterum
996 4336 1101 4404 potest,
1117 4331 1168 4387 uod
1183 4331 1244 4403 ipsc
1254 4331 1406 4403 praescivit,
1422 4331 1489 4403 quia
1502 4331 1649 4403 quoddam
1665 4348 1737 4404 opus
1764 4333 1842 4406 quod

93 4419 150 4473 ridi
165 4418 334 4490 imaginem,
350 4435 415 4490 quae
429 4419 553 4475 ebaritas
570 4420 643 4476 mibi
654 4420 735 4491 prius
754 4419 941 4476 denominata
994 4418 1122 4474 facturus
1135 4427 1206 4486 erat,
1221 4416 1440 4474 similitudinem
1455 4418 1542 4489 hujus
1554 4419 1671 4492 unitatis
1686 4419 1739 4475 sibi
1756 4435 1839 4475 usur·

91 4512 135 4563 est
149 4508 308 4574 sedentem;
334 4509 392 4563 alio
420 4513 517 4564 tamen
542 4514 646 4564 ornatu
669 4524 732 4564 eam
748 4524 824 4563 nuuc
851 4524 940 4580 appa·
993 4524 1064 4581 pare
1078 4512 1210 4564 tentaret.
1228 4508 1308 4564 Unde
1331 4513 1359 4564 et
1381 4508 1423 4564 illi
1438 4509 1617 4565 obstaculum
1647 4509 1840 4582 repercussio·

92 4600 213 4664 rentem,
241 4612 329 4667 quam
352 4597 434 4668 prius
453 4596 598 4653 vidissem.
617 4598 688 4652 Nam
703 4596 791 4651 iacies
819 4596 882 4666 ejus
909 4601 940 4652 ut
994 4598 1038 4652 nis
1071 4597 1216 4669 opposuit,
1245 4596 1382 4668 quoniam
1409 4598 1470 4669 ipse
1494 4598 1543 4653 illa
1570 4600 1665 4655 unitas
1695 4604 1745 4665 est,
1775 4614 1840 4672 quae

90 4686 133 4740 sol
148 4683 272 4752 lucebat,
288 4686 385 4740 tunica
408 4692 505 4741 autem
529 4686 622 4758 ipsius
639 4693 674 4741 ut
688 4701 818 4758 purpura
843 4684 938 4757 dulge-
993 4686 1106 4740 nullum
1122 4685 1175 4741 sibi
1189 4686 1313 4742 similem
1324 4686 1420 4755 babet,
1436 4687 1565 4759 alioquin
1580 4689 1674 4744 unitas
1695 4688 1839 4745 nominari

90 4773 151 4842 bat,
168 4776 198 4828 et
208 4777 342 4844 torquem
352 4789 469 4828 auream
498 4775 631 4845 pretiosis
656 4774 800 4847 lapidibus
814 4774 939 4830 deeora·
993 4790 1051 4829 non
1062 4780 1175 4844 posset;
1191 4780 1219 4831 et
1240 4774 1307 4831 ideo
1330 4775 1415 4830 etiam
1438 4776 1519 4831 illum
1533 4793 1550 4831 a
1564 4793 1593 4831 se
1607 4777 1717 4849 abjicit,
1728 4778 1779 4850 qui
1801 4777 1839 4832 ai·

89 4866 148 4917 ιοοτ
164 4862 240 4916 circa
257 4861 362 4916 collum
378 4876 463 4917 suum
482 4862 624 4933 babebat;
649 4863 851 4919 calceamentis
879 4863 937 4918 cla·
991 4862 1186 4919 militudinem
1205 4864 1280 4919 benc
1295 4879 1428 4935 perverse
1449 4864 1568 4936 appetit,
1597 4870 1627 4920 et
1650 4865 1840 4939 sicquoelibet
1941 4938 1943 4943 Ι

90 4948 206 5005 ritatem
235 4949 358 5021 intguris
385 4965 420 5005 ex
438 4966 470 5005 se
498 4951 683 5007 reddentibus
698 4952 808 5007 induta.
829 4952 884 5008 Sed
908 4956 938 5007 et
991 4952 1141 5008 rationalis
1163 4952 1261 5008 anima
1285 4954 1316 5008 iu
1338 4953 1457 5009 bomine
1471 4970 1536 5026 quae
1554 4954 1590 5009 de
1604 4954 1654 5010 illo
1674 4956 1725 5027 qui
1753 4972 1838 5011 uerus

89 5042 155 5093 ante
178 5037 279 5094 taciem
299 5037 430 5109 ejusdem
458 5038 594 5109 imaginis
619 5039 702 5111 quasi
719 5040 817 5096 tabula
831 5045 864 5096 ut
877 5056 938 5102 err·
991 5042 1067 5097 Dens
1081 5046 1125 5096 est
1134 5040 1239 5108 existit,
1260 5046 1292 5097 ut
1307 5042 1384 5113 quod
1402 5042 1456 5098 sibi
1475 5044 1569 5114 placet
1583 5043 1679 5114 eligat,
1704 5048 1732 5099 et
1759 5045 1838 5117 quod

89 5127 187 5181 stallos
201 5126 350 5198 perlucida
368 5127 537 5197 apparebat,
562 5128 593 5182 in
620 5143 678 5199 que
701 5130 840 5200 scriptum
854 5132 934 5184 erat:
990 5130 1044 5185 sibl
1069 5129 1201 5201 displicet
1228 5129 1355 5201 abjiciat,
1371 5130 1442 5203 quia
1464 5131 1534 5204 quid
1554 5132 1663 5187 bonum
1688 5148 1737 5187 seu
1766 5131 1838 5205 quid

89 5214 244 5271 Pulcltrom
257 5214 385 5281 fumum
394 5214 524 5287 argentei
531 5214 638 5271 coloris
646 5215 850 5285 manifestabo,
865 5216 937 5289 quio
990 5219 1125 5274 nocivum
1140 5218 1192 5275 sibi
1216 5218 1253 5273 sit
1267 5218 1422 5290 cognoscit.
1450 5219 1507 5276 Sed
1522 5220 1653 5292 quamvis
1674 5221 1748 5276 Deus
1762 5237 1852 5283 unus,

88 5300 225 5357 diuinitus
239 5300 391 5374 quaeiailio
405 5304 486 5357 curet
497 5317 636 5373 mappam
655 5302 821 5358 claritatem
835 5304 936 5371 babet:
991 5306 1037 5375 sit,
1050 5306 1079 5362 in
1094 5308 1227 5363 vitamen
1237 5308 1330 5363 cordis
1347 5308 1394 5363 sni
1412 5324 1485 5379 opus
1513 5309 1658 5381 quoddam
1680 5309 1836 5382 praescivit,

88 5390 374 5465 sudorumquodque
389 5392 466 5465 quod
482 5391 596 5447 initium
617 5392 889 5464 trebetambigunm
904 5393 935 5450 in
990 5396 1067 5467 quod
1093 5396 1246 5467 magnilica
1280 5396 1496 5469 multiplicarit3
1530 5398 1651 5471 ipseque
1678 5400 1752 5455 Deus
1787 5396 1837 5453 ille
1936 5416 1942 5429 ·

88 5481 245 5536 terroribus
264 5486 322 5549 est;
349 5497 403 5537 nec
430 5484 540 5538 secreta
573 5482 623 5537 Dei
649 5481 681 5536 in
707 5482 795 5553 plena
816 5481 936 5539 scientia
990 5483 1306 5557 vivensiguisest‚per
1333 5485 1540 5557 quamanimae
1569 5486 1690 5559 spirant,
1719 5491 1748 5543 et
1771 5490 1837 5541 anto
