3984 6034
157 219 209 274 los
881 214 909 270 S.
929 213 1179 270 uttullGARuls.
1852 212 1909 268 sos

79 359 87 372 ‘
155 363 225 404 uam
243 345 400 414 abscondit,
426 345 558 418 quianbi
581 345 642 416 ipse
662 346 745 401 illum
765 343 998 417 apprehenderit,
1018 348 1113 413 Atnr,
1136 344 1209 400 siout
1241 360 1294 400 neo
1324 343 1422 399 anima
1452 359 1504 398 neo
1527 359 1631 415 corpas
1654 342 1785 415 disjungi
1803 344 1902 400 valent

156 450 222 490 eum
236 434 319 506 qnasi
333 433 519 506 fragillimum
539 434 621 490 filum
641 434 725 489 citius
739 435 856 505 trangit.
873 434 1003 490 Charitas
1058 439 1087 488 el
1114 432 1169 488 sibi
1195 436 1399 505 cooperantur,
1428 433 1557 505 quandiu
1593 435 1681 488 homo
1712 434 1743 488 iu
1778 449 1899 505 corpore

156 539 272 596 qnoque
293 512 476 595 unigenitum
502 524 554 579 llai
577 523 681 578 Filium
708 523 739 577 in
763 523 829 579 eino
858 522 951 579 Patris
972 522 1003 577 in
1044 521 1136 577 ¹risit.
1159 523 1194 577 Et
1215 522 1289 576 sicut
1309 522 1414 578 aalma
1437 526 1466 576 et
1493 522 1606 593 corpori
1635 521 1748 576 diversa
1774 522 1908 577 membra

156 613 373 668 coelooontinet
395 617 423 666 et
445 627 512 667 eum
535 612 566 666 in
589 618 704 667 olerum
729 611 830 666 matris
846 611 877 667 iu
897 616 1004 666 terram
1058 612 1187 682 corporis
1219 610 1376 665 secuudum
1407 609 1482 664 vires
1506 627 1571 664 snus
1603 609 1731 680 subjecte
1764 614 1841 676 suut,
1868 609 1910 662 ita

157 700 283 769 demisit,
300 700 436 773 qnoniam
453 701 517 772 ipsa
538 716 590 756 uec
613 706 778 772 peccatores
802 716 855 755 uec
876 699 1004 770 publica·
1059 699 1145 754 otiam
1166 699 1323 754 humilitati
1344 709 1372 753 ot
1406 698 1536 754 ‹utraritati
1568 702 1680 754 cataras
1710 701 1830 752 virtutos
1860 713 1909 752 sc·

157 805 210 844 nos
228 790 349 861 spernit,
378 790 429 845 sad
451 805 553 845 omnes
585 791 695 845 salvare
717 787 850 844 intendit.
874 787 1005 860 Quapro·
1059 788 1186 845 cundum
1215 787 1356 858 justitiam
1389 805 1471 842 susm
1503 793 1705 858 cooperantur.
1731 787 1763 842 Et
1788 785 1864 852 ideo,
1890 801 1910 840 o

149 881 222 951 'pter
235 883 264 933 ot
286 879 396 933 tantem
420 879 611 950 lacrymarum
630 877 667 932 ab
691 876 782 933 oculis
805 877 935 933 tldetinm
955 892 1005 931 so-
1059 877 1202 944 homiues‚
1217 877 1253 932 ad
1275 875 1397 948 gloriam
1415 875 1467 930 liei
1490 881 1518 932 et
1540 891 1592 947 pro
1618 876 1710 931 salute
1735 880 1828 930 rastra
1852 875 1909 930 hu·

157 967 360 1038 pinseduceus
375 966 512 1021 duritiam
528 965 624 1021 cordis
644 965 764 1021 emollit.
785 965 817 1020 lo
837 964 1006 1019 hochnmi-
1060 964 1210 1021 militatem
1243 969 1273 1020 et
1301 963 1469 1019 charitatem
1500 965 1677 1019 sectamini:
1707 979 1773 1018 cum
1801 963 1910 1034 quihus

158 1057 223 1110 litae
249 1061 279 1110 et
309 1055 431 1111 charitas
453 1055 590 1110 clariores
613 1053 725 1109 caeteris
748 1051 901 1108 virtutibus
922 1057 1005 1120 sunt;
1060 1053 1163 1108 armati
1188 1052 1341 1108 diabolicas
1367 1050 1482 1107 insidias
1504 1067 1565 1107 non
1588 1051 1737 1120 timebitis,
1755 1051 1804 1106 sed
1830 1051 1914 1105 inde-

158 1143 297 1216 quoniam
312 1144 459 1199 humilitas
480 1150 509 1198 st
524 1143 647 1201 charitas
671 1147 739 1197 sunt
753 1143 832 1197 velut
853 1141 951 1196 anima
976 1145 1006 1195 et
1059 1143 1203 1197 linientem
1220 1142 1307 1196 sitam
1323 1140 1515 1212 possidebitis.
1536 1139 1616 1196 Unde
1633 1141 1799 1211 quicunque
1814 1139 1912 1194 scien-

158 1249 280 1305 corpns,
331 1248 396 1304 quas
446 1232 577 1288 turberes
626 1233 701 1287 vires
748 1231 859 1286 casteria
895 1229 1006 1285 viribus
1060 1231 1129 1286 tiam
1145 1229 1174 1285 iu
1188 1229 1296 1301 Spiritu
1319 1233 1417 1284 sancto
1438 1235 1467 1284 et
1490 1244 1600 1300 pennas
1621 1229 1652 1283 in
1674 1228 1732 1284 tide
1746 1228 1841 1294 babet,
1859 1227 1913 1282 ad-

158 1321 263 1378 animm
290 1326 318 1377 et
353 1321 492 1377 memhris
529 1320 659 1390 corporis
694 1319 810 1375 habeut.
838 1316 1005 1384 Quomodo?
1060 1319 1249 1375 monitionem
1269 1334 1364 1373 meam
1388 1333 1446 1373 non
1470 1316 1697 1389 transgrediatur
1717 1316 1767 1372 sed
1789 1331 1853 1372 eam
1875 1315 1909 1370 in

160 1409 312 1467 humilitas
332 1416 374 1466 est
393 1410 475 1482 quasi
495 1425 598 1483 corpus
613 1414 642 1464 et
664 1409 789 1464 charitas
810 1410 890 1463 uelut
907 1407 1006 1462 anima
1060 1413 1146 1480 gusto
1161 1407 1265 1462 animae
1279 1423 1338 1462 som
1353 1406 1552 1480 amplectendo
1570 1404 1718 1477 percipiat.

159 1515 211 1556 nec
222 1500 259 1555 ah
277 1498 400 1556 inuicem
414 1498 540 1572 separari
554 1504 674 1572 possunt
693 1498 744 1554 sed
771 1497 858 1553 simul
881 1511 1006 1567 operan-

832 1701 986 1776 visto
1024 1701 1234 1775 TERTIA.

158 1843 335 1899 Scammos.
349 1871 385 1882 —
564 1841 691 1898 visiblia
703 1846 732 1900 et
751 1847 807 1899 leun
861 1843 924 1900 alia
937 1859 973 1899 ea
986 1859 1048 1915 qua
1061 1842 1220 1900 inuisibilia
1237 1844 1304 1899 sunt
1324 1845 1353 1898 el
1372 1844 1480 1899 aterna
1500 1842 1734 1911 manifestantur.
1753 1844 1795 1898 De
1805 1843 1911 1910 firma·

191 1918 287 1969 mento
300 1911 339 1966 ad
349 1910 454 1993 similit
496 1912 576 1969 insin
589 1912 735 1983 caisueto.
749 1918 786 1970 lle
800 1861 895 1971 mido
908 1914 977 1987 ipae
989 1917 1018 1968 et
1032 1915 1168 1971 umbrosa
1183 1913 1269 1987 pelle.
1289 1915 1330 1968 De
1344 1912 1485 1985 positione
1497 1914 1570 1970 sotis
1591 1918 1620 1970 et
1643 1915 1731 1969 trium
1745 1914 1911 1970 stellarum.

192 1989 232 2039 be
245 1998 366 2037 asserem
380 1984 458 2038 rotas.
474 1986 512 2039 lle
523 1983 660 2039 descensu
669 1984 797 2054 ejusdem
810 1989 838 2039 et
852 1985 922 2056 quid
934 1985 1085 2056 sipnificet.
1107 1985 1294 2040 Verbaactus
1307 1983 1500 2056 apostolorum
1515 1984 1554 2039 ad
1566 1985 1651 2040 idern
1669 1988 1709 2040 lle
1721 1983 1912 2056 primooento

190 2057 218 2108 et
230 2052 393 2108 turbinibus
407 2053 479 2123 ejsss.
498 2057 535 2110 lle
546 2055 667 2110 secundo
679 2059 761 2112 uento
772 2059 800 2110 st
813 2055 976 2111 turbinibus
989 2056 1061 2120 eius.
1080 2059 1117 2111 lle
1133 2056 1278 2112 tenebroso
1291 2054 1367 2126 ipne,
1384 2059 1412 2110 et
1432 2054 1538 2123 sonitu,
1552 2060 1580 2110 et
1592 2056 1628 2111 de
1641 2055 1736 2110 aristis
1749 2055 1910 2126 lapidibus.

191 2127 231 2180 us
249 2121 404 2193 purummo
421 2125 525 2179 albere
541 2128 570 2180 el
591 2126 732 2196 positione
747 2126 821 2182 luna
843 2130 871 2181 et
888 2128 1012 2182 duarum
1033 2127 1195 2181 stellarum.
1221 2129 1260 2183 lle
1281 2125 1422 2197 positione
1447 2125 1573 2181 aliarum
1595 2126 1760 2181 stellarum.
1785 2129 1822 2181 De
1845 2128 1910 2180 ter-

193 2192 233 2249 tio
245 2197 327 2250 uento
341 2197 370 2249 et
389 2194 549 2250 turbinibus
562 2197 633 2266 ejus.
649 2201 690 2252 lle
709 2213 816 2270 aquoso
829 2213 897 2252 aere
908 2200 937 2252 et
951 2196 1021 2251 alba
1033 2197 1118 2270 pelle.
1136 2199 1179 2252 De
1196 2199 1300 2268 quarto
1314 2200 1397 2252 uento
1420 2200 1447 2250 st
1468 2195 1628 2252 turbinibus
1641 2200 1714 2265 ejus.
1732 2199 1774 2252 De
1787 2213 1913 2252 arenoso

191 2264 275 2390 plobo
287 2268 379 2320 terra.
396 2264 492 2321 Verba
507 2267 599 2323 Dauid
612 2267 651 2322 ad
662 2269 794 2326 eanum
807 2285 878 2323 rem.
892 2269 934 2322 De
948 2270 1109 2324 smsmoss
1123 2272 1151 2323 et
1165 2268 1234 2338 quad
1254 2266 1405 2340 significet.
1424 2271 1463 2323 lle
1482 2267 1610 2323 marimo
1626 2270 1722 2323 nsunte
1736 2266 1813 2322 inter
1864 2267 1912 2322 ui·

205 2352 288 2390 onem
302 2343 331 2390 et
350 2334 498 2392 uertentem.
524 2338 567 2391 De
585 2336 624 2393 iis
641 2339 691 2410 qui
713 2355 848 2411 pnoersa
870 2345 934 2396 arte
954 2355 986 2392 sn
1001 2337 1144 2392 creaturis
1168 2339 1267 2399 futura
1288 2341 1466 2394 scrutantur.
1488 2338 1582 2394 Verba
1606 2338 1761 2410 Evangelii.
1781 2338 1841 2404 Oua
1854 2337 1914 2392 iter

192 2405 325 2462 diabolus
342 2405 502 2462 bominibus
518 2405 618 2464 illudit
639 2425 692 2481 per
708 2410 851 2483 magnam
874 2413 979 2464 artem.
1002 2407 1146 2465 Parabola
1166 2409 1202 2464 de
1220 2408 1319 2464 eadem
1339 2424 1383 2465 re.
1409 2411 1478 2466 Cum
1495 2410 1578 2463 satus
1600 2407 1724 2464 bortrinis
1743 2415 1772 2466 et
1794 2407 1910 2464 utilitas

192 2477 337 2548 completa
354 2476 454 2546 tuerit,
468 2479 602 2536 secutam
613 2481 779 2536 mutabitur.
797 2480 887 2536 Verba
900 2480 1003 2535 Jobad
1017 2480 1147 2535 eamdem
1161 2496 1232 2534 rens.
1253 2478 1347 2535 Verba
1364 2479 1417 2534 Dei
1428 2480 1463 2534 ds
1476 2479 1583 2535 eodem.
1601 2481 1680 2545 Quod
1695 2481 1771 2534 Desss
1785 2481 1914 2562 asperia

193 2551 225 2602 in
237 2547 331 2604 stellis
348 2551 377 2602 et
389 2546 421 2602 in
440 2548 548 2606 tauris
566 2551 709 2607 creaturis
729 2552 858 2624 amptius
871 2551 998 2607 tolerare
1018 2566 1078 2607 non
1097 2550 1168 2606 cult.
1194 2551 1235 2606 De
1257 2549 1428 2607 stultitiast
1445 2549 1626 2606 contumacia
1641 2549 1774 2607 Mminis.
1797 2550 1913 2606 Semili-

194 2617 262 2674 tudo
278 2618 414 2684 deiude,
430 2622 457 2676 st
470 2634 562 2688 censo,
578 2624 607 2676 et
624 2621 701 2694 lupo.
716 2621 899 2694 Comparatio
909 2621 945 2677 de
959 2621 1078 2676 medico.
1097 2620 1192 2676 Verba
1204 2619 1339 2676 Joannis.

194 2818 260 2873 Post
281 2817 343 2872 baec
360 2817 419 2873 vidi
448 2817 606 2874 maximum
641 2819 876 2887 instrumentum,
907 2823 1005 2874 roton·
1025 2816 1102 2874 blas
1119 2833 1233 2872 sursum
1256 2822 1428 2889 apparenter
1447 2819 1553 2890 positas
1570 2818 1725 2874 habentem
1748 2819 1906 2893 ipsumque

159 2905 229 2960 dnm
256 2908 285 2958 et
319 2904 490 2960 umbrosum
528 2906 686 2962 secondum
717 2906 937 2962 similitudinem
961 2906 1009 2961 ori
1063 2904 1182 2976 globum
1201 2919 1237 2959 ne
1253 2904 1484 2960 modumcureus
1509 2905 1553 2960 sui
1576 2908 1726 2963 assederat
1753 2909 1913 2976 contineu-

160 2992 292 3066 superios
308 2998 417 3047 aretum
438 3000 466 3048 et
490 2992 521 3047 iu
542 2992 637 3047 medio
669 2996 808 3065 amptum,
833 3009 865 3048 ac
890 2993 1009 3048 interim
1063 2999 1107 3049 tos
1121 2998 1151 3048 et
1165 2991 1195 3046 in
1210 2991 1312 3047 eodem
1330 2991 1436 3048 retbere
1452 2992 1550 3048 multas
1568 2997 1595 3048 et
1610 2993 1693 3049 clarae
1709 2995 1821 3066 spherae
1840 2995 1913 3049 ubi-

160 3080 362 3148 constrictum;
391 3080 422 3134 iu
452 3078 533 3150 cujus
559 3080 695 3135 exteriori
724 3087 806 3152 parte
837 3097 888 3152 per
906 3082 1008 3137 circui-
1064 3081 1234 3153 quapositae
1253 3079 1381 3136 luerunt:
1407 3080 1525 3152 inques
1543 3080 1619 3136 idem
1642 3083 1743 3151 globus
1762 3082 1913 3138 interdum

160 3174 223 3225 tum
238 3167 351 3223 lucidos
366 3167 510 3240 ignistoit
533 3168 615 3239 quasi
636 3169 742 3239 pellem
769 3170 934 3224 umbrosam
955 3171 1008 3227 soh
1063 3185 1094 3224 se
1117 3169 1328 3241 aliquantulum
1350 3184 1491 3224 evacuans
1515 3169 1674 3225 claritatem
1699 3186 1781 3226 suem
1802 3171 1911 3238 emisit,

158 3274 188 3313 se
215 3256 334 3312 habens.
366 3256 399 3311 lit
424 3255 455 3310 in
482 3255 549 3327 igne
577 3255 627 3311 illo
655 3265 718 3311 erat
739 3258 841 3328 globus
864 3259 1009 3316 rutilantis
1063 3261 1091 3312 at
1117 3258 1158 3311 ila
1180 3257 1233 3312 sub
1255 3257 1407 3328 prelatum
1431 3259 1554 3313 rubeum
1580 3258 1757 3330 igneumque
1789 3259 1912 3330 globum

159 3344 235 3418 ignis
256 3349 344 3400 tantae
366 3344 587 3415 magnitudinis,
614 3348 645 3399 ut
666 3345 893 3401 instrumentum
913 3350 1007 3402 tolum
1063 3361 1222 3415 resumam,
1244 3349 1274 3401 et
1297 3346 1333 3401 ab
1356 3361 1391 3403 eo
1410 3346 1543 3402 tlammas
1565 3363 1631 3402 suas
1653 3354 1817 3404 restaurans
1833 3365 1839 3404 :
1855 3350 1912 3404 ite-

160 3435 196 3488 ab
229 3448 263 3486 eo
285 3430 487 3499 illustraretur,
511 3447 598 3503 super
622 3447 653 3486 se
679 3439 736 3488 tres
764 3433 870 3489 taculas
894 3451 1009 3492 sorsum
1062 3449 1128 3488 rum
1143 3431 1249 3488 illasio
1265 3432 1380 3489 easdem
1394 3433 1649 3505 spheruseltlavit.
1665 3435 1718 3490 Sed
1740 3441 1769 3490 et
1793 3436 1829 3492 ab
1845 3435 1909 3508 ipso

160 3519 291 3576 ordinate
301 3520 410 3591 positas
423 3519 542 3590 habeus,
559 3537 624 3593 qum
639 3537 690 3576 sno
712 3522 779 3593 igne
794 3523 928 3579 eamdem
944 3524 1010 3596 glo·
1063 3521 1168 3578 aethere
1183 3521 1302 3594 quidam
1316 3521 1401 3577 ssatus
1415 3538 1480 3577 com
1503 3522 1562 3578 suis
1585 3523 1750 3579 turbinibus
1773 3539 1911 3596 erumpo-

160 3610 231 3665 bum
244 3625 281 3665 ne
296 3609 441 3665 laberetur
455 3608 653 3678 continebant,
670 3614 698 3665 et
713 3610 876 3680 globnsille
902 3628 932 3666 se
954 3612 1010 3667 ali·
1063 3611 1126 3679 bat;
1143 3611 1194 3682 qui
1210 3627 1239 3666 se
1253 3609 1284 3665 in
1304 3611 1456 3682 prelatum
1480 3611 1706 3667 instrumentum
1732 3613 1839 3684 ubique
1867 3613 1912 3668 di-

160 3697 278 3772 quaudo
294 3713 410 3754 sursum
420 3698 522 3755 extulit
536 3705 564 3754 et
579 3700 722 3772 plurimus
742 3699 819 3771 iguis
833 3701 861 3755 ei
872 3702 1007 3770 occurrit,
1063 3698 1180 3755 latebat.
1196 3698 1255 3754 th
1269 3699 1371 3755 eodem
1387 3706 1484 3754 antem
1506 3699 1624 3766 athera,
1648 3717 1788 3772 aquosum
1811 3717 1912 3757 aerem

159 3787 200 3843 ita
212 3787 290 3860 qnod
304 3786 407 3842 exinde
425 3786 557 3843 tlammas
581 3805 647 3843 snas
671 3787 952 3861 lougiusproduxit,
976 3805 1009 3845 sc
1061 3787 1194 3843 videbam
1208 3788 1301 3843 albam
1316 3788 1423 3858 pellem
1447 3789 1500 3844 sub
1513 3805 1543 3842 se
1557 3788 1712 3845 habentem
1732 3790 1782 3862 qui
1806 3806 1836 3844 se
1855 3791 1911 3846 hac

160 3893 190 3932 se
206 3876 361 3948 aliquando
385 3876 520 3932 deomnm
539 3876 661 3945 intexit,
678 3878 859 3949 multumque
873 3877 965 3951 trigue
981 3877 1009 3933 ei
1063 3875 1168 3931 stillae
1185 3859 1358 3944 diffundens,
1373 3875 1454 3932 omni
1476 3876 1668 3932 instrumento
1689 3877 1731 3932 illi
1755 3878 1910 3934 humorem

160 3964 274 4020 obuiam
293 3964 371 4020 venit
383 3981 390 4020 ε
404 3969 580 4036 quapropter
594 3966 726 4020 tlammas
747 3981 813 4020 snas
836 3965 922 4020 citios
942 3966 1009 4022 snb·
1062 3964 1151 4020 dedit.
1175 3963 1230 4030 Qui
1258 3963 1327 4020 dum
1349 3981 1380 4020 se
1403 3965 1550 4020 interdum
1569 3972 1688 4036 repente
1708 3971 1908 4039 congregaret,

160 4053 250 4108 duxit.
271 4051 326 4108 Sed
354 4058 383 4107 st
409 4051 445 4108 de
468 4053 536 4124 igue
559 4053 610 4108 illo
631 4053 682 4124 qui
703 4052 930 4109 instrumentum
951 4053 1008 4109 cir·
1027 4053 1242 4148 Crepentinam
1263 4054 1389 4124 pluriam
1413 4055 1504 4110 multo
1527 4053 1641 4126 fragore
1664 4055 1773 4123 emisit;
1789 4061 1819 4110 et
1838 4057 1909 4111 dum

159 4140 346 4196 cumdoderat
357 4139 443 4195 llatae
456 4140 575 4212 qnidam
598 4156 665 4198 cum
688 4141 749 4197 suis
775 4142 940 4197 turbinibus
960 4158 1007 4198 ex·
1062 4156 1092 4197 se
1106 4141 1210 4198 leuiter
1224 4140 1347 4209 diffudit,
1364 4141 1499 4198 blandam
1516 4143 1645 4213 pluviam
1660 4143 1717 4199 leui
1735 4149 1815 4200 motu
1828 4143 1908 4215 lellu-

60 4223 69 4238 ‘
159 4228 289 4298 ichabot
306 4227 430 4301 depelle
444 4227 494 4284 illa
516 4244 581 4302 qna
596 4230 650 4285 sub
668 4245 703 4286 eo
720 4230 835 4302 jacebat
858 4231 933 4287 alius
954 4230 1008 4287 tla-
1062 4230 1112 4288 dit.
1129 4229 1185 4288 Sed
1198 4235 1227 4286 et
1239 4246 1274 4286 ax
1288 4245 1323 4285 eo
1338 4230 1458 4301 quidam
1476 4231 1561 4286 tlatus
1575 4247 1643 4287 oum
1665 4232 1827 4288 turbinibus
1847 4233 1911 4289 suis

160 4321 207 4372 tus
222 4331 289 4373 cum
303 4316 470 4373 turbinibus
491 4318 551 4374 suis
574 4318 740 4386 ebulliebat,
764 4319 815 4392 qui
840 4334 871 4374 se
890 4318 920 4374 in
943 4318 1008 4390 ipso
1061 4318 1170 4386 exiens,
1185 4317 1420 4390 perpraedictum
1436 4318 1659 4374 instrumentum
1676 4335 1705 4374 se
1729 4319 1836 4392 abique
1854 4335 1911 4376 ax-

161 4405 356 4460 instrumento
380 4403 435 4458 hac
469 4408 498 4460 et
530 4403 597 4460 illac
628 4403 816 4461 diffundebat.
846 4406 879 4460 ln
906 4406 1008 4463 eadem
1061 4406 1171 4478 pandit.
1187 4407 1221 4462 Et
1241 4406 1272 4463 in
1296 4405 1392 4463 medio
1414 4405 1535 4462 istorum
1558 4408 1766 4464 elerrtentorum
1786 4409 1909 4480 qnidam

160 4507 276 4566 qnoque
293 4492 371 4568 pelle
389 4490 509 4566 quidam
529 4493 699 4551 tenebrosus
721 4494 799 4567 iguis
814 4495 887 4552 tanti
901 4496 1009 4554 borro-
1058 4510 1197 4551 arenosus
1213 4494 1317 4566 globus
1333 4495 1468 4567 plurimrs
1486 4495 1695 4567 magnitudinis
1710 4502 1773 4552 erat
1789 4511 1796 4552 :
1813 4513 1904 4568 quom

158 4579 275 4636 riserat
289 4579 367 4652 quod
386 4596 453 4637 snm
476 4581 583 4638 intueri
607 4598 667 4638 non
688 4583 828 4653 valebam,
844 4584 894 4658 qni
915 4588 1007 4640 totam
1061 4583 1160 4639 mdem
1184 4584 1327 4639 elementa
1348 4583 1389 4638 ita
1407 4583 1663 4653 circumdederant,
1687 4585 1764 4656 quod
1784 4600 1837 4641 nec
1855 4585 1911 4642 hae

158 4670 264 4743 pellem
291 4667 372 4725 illam
397 4685 449 4725 sua
476 4669 648 4727 tortitudine
675 4671 877 4728 concutiebant
904 4674 1007 4745 plenus
1060 4686 1114 4727 uec
1127 4671 1193 4727 illae
1215 4669 1302 4728 dilabi
1325 4676 1447 4743 poterat.
1473 4671 1525 4727 Sed
1548 4687 1615 4727 eum
1636 4672 1780 4728 interdum
1806 4672 1909 4728 eadem

158 4755 318 4825 sonituum,
338 4761 541 4830 tempestatum
569 4764 600 4815 ct
619 4760 850 4818 acutissimorum
877 4762 1006 4834 lapidum
1060 4759 1204 4816 elementa
1227 4775 1293 4815 cum
1315 4759 1458 4832 praedictis
1477 4760 1592 4816 llatibns
1607 4776 1636 4815 se
1659 4761 1781 4816 invicem
1805 4776 1908 4816 conco·

160 4846 303 4918 majorum
330 4851 360 4901 et
385 4845 542 4902 minorum.
575 4847 630 4912 Qui
662 4848 732 4904 dum
759 4849 885 4905 sonitum
920 4866 1007 4907 suum
1059 4851 1164 4918 terent,
1180 4849 1314 4906 eumdem
1336 4849 1452 4921 globum
1477 4865 1529 4904 sna
1553 4849 1724 4905 tortitudine
1743 4849 1908 4920 aliquantu-

157 4936 292 5002 elevaret,
307 4934 357 4990 ille
370 4932 484 4990 lucidus
497 4935 583 5006 ignis,
607 4940 636 4990 et
649 4937 737 5006 reno,
761 4942 790 4992 et
810 4953 859 4994 aer
881 4953 1007 4996 commo·
1059 4938 1121 4995 lum
1135 4937 1243 4993 moueri
1265 4937 1484 5008 compellebant.
1512 4937 1544 4992 lit
1566 4937 1625 4993 ridi
1647 4937 1724 4992 iuter
1742 4937 1908 5008 aquilonem

158 5023 308 5091 rebantur,
323 5024 453 5096 itaqnod
473 5022 587 5096 lalgnra
601 5024 728 5080 souitnm
743 5025 840 5096 ipsum
855 5042 1005 5097 praevene-
1059 5031 1088 5081 et
1112 5028 1252 5083 orientem
1274 5027 1354 5082 relat
1376 5025 1535 5081 maximum
1557 5031 1696 5090 monmm,
1730 5024 1779 5096 qni
1807 5041 1908 5080 sersus

157 5115 237 5180 runt,
261 5112 330 5184 quia
350 5110 426 5182 ignis
445 5109 505 5177 ille,
532 5110 659 5183 primum
680 5113 906 5170 commotionem
931 5115 1006 5186 ejas·
1059 5113 1225 5186 aquilonem
1238 5115 1343 5170 multas
1357 5116 1489 5170 tenebras
1511 5118 1541 5170 et
1560 5130 1658 5170 versus
1674 5115 1815 5170 orientem
1831 5114 1907 5168 mul·

158 5200 224 5255 dem
238 5199 349 5255 sonitus
363 5198 440 5255 inse
463 5197 637 5255 uouebant.
655 5199 710 5256 Sed
732 5201 785 5256 suh
807 5202 909 5257 eadem
931 5203 1006 5273 pelle
1059 5207 1117 5258 mm
1132 5203 1225 5259 lucam
1239 5201 1423 5272 continebat;
1440 5203 1479 5258 ita
1502 5209 1599 5258 mineo
1621 5203 1699 5275 quod
1720 5218 1773 5258 nec
1794 5202 1908 5258 taxilla

157 5288 330 5360 purissimos
349 5288 439 5343 aether
451 5291 513 5343 erat
526 5286 580 5343 sub
595 5303 625 5343 se
640 5288 751 5344 nullam
761 5289 867 5361 pellem
877 5289 1003 5359 habeus;
1058 5289 1093 5345 ad
1104 5288 1247 5358 tenebras,
1263 5305 1316 5346 nec
1330 5290 1457 5346 moabiae
1481 5290 1516 5345 ad
1532 5291 1625 5345 lucem
1641 5290 1806 5363 pertingere
1823 5295 1907 5360 pote-

156 5377 258 5448 inquo
273 5377 360 5433 etiam
375 5377 494 5449 globum
509 5377 664 5450 quemdam
678 5377 824 5434 candaulis
848 5377 925 5450 ignis
938 5379 1004 5450 pla·
1022 5383 1133 5442 [trent.
1146 5378 1311 5452 Audisiqae
1323 5378 1430 5434 iterum
1442 5395 1541 5434 summ
1564 5379 1599 5434 de
1622 5379 1694 5434 coelo
1714 5378 1787 5435 mihi
1808 5378 1906 5433 dicen·

156 5464 240 5522 rimas
261 5464 469 5540 magnitudinis
491 5466 655 5535 cernebam,
676 5482 763 5539 snper
785 5481 815 5521 se
830 5467 902 5522 duas
922 5467 1002 5524 tacu·
1055 5470 1138 5523 mm:
1159 5468 1234 5523 Deus
1259 5465 1309 5540 qui
1339 5466 1437 5522 omnia
1463 5483 1515 5522 sua
1541 5467 1686 5523 uoluntate
1709 5465 1849 5534 condidit,
1871 5481 1906 5522 ea
