3984 6034
131 283 197 333 1267
852 276 881 331 S.
901 273 1137 331 flitussdtubls
1805 274 1876 329 teos

126 411 267 469 etiusione
289 408 439 465 intervalla
464 408 581 477 babent,
607 412 749 479 quatenus
775 408 812 465 ad
846 407 876 463 id
898 423 972 479 opus
989 410 1112 463 Asuum
1130 406 1253 463 tundere
1276 405 1396 470 desistit,
1421 410 1451 463 st
1477 406 1518 460 sic
1540 405 1672 462 evacuati
1700 408 1730 461 et
1754 404 1880 477 fatigati,

127 499 247 556 interim
270 498 480 564 confortentur,
517 499 549 551 ut
575 494 612 553 de
648 496 794 567 prioribus
822 496 974 567 prelatum
1030 496 1209 569 aliquantum
1241 495 1350 551 debiles
1376 494 1552 562 ιιιιιιιιιιιι,
1580 498 1609 549 ιι
1630 494 1712 565 juxta
1744 493 1880 549 eumdem

127 595 171 643 est
185 588 237 658 (ι).
1030 586 1125 641 locum
1148 584 1277 658 quietem
1300 584 1355 641 sibi
1378 588 1523 656 querunt,
1539 583 1609 639 dum
1629 583 1703 637 eires
1728 598 1794 637 snas
1808 582 1881 637 reci·

162 677 197 732 lit
220 675 270 731 elii
292 674 385 746 pisces
410 677 478 729 sunt
496 672 546 746 qni
569 672 643 729 circe
666 672 863 728 summitatem
888 672 976 728 ιιιιιι
1030 673 1121 745 piant,
1143 678 1173 729 et
1192 672 1322 730 berbulis
1344 672 1556 744 circumpositis
1570 670 1686 726 interim
1710 675 1878 743 pumuntur.

128 769 158 821 et
177 765 302 820 aliorum
314 762 469 819 llnminnm
485 762 592 817 versari
607 761 711 828 solent,
726 767 755 815 et
768 761 809 817 ibi
821 761 851 815 in
866 761 976 833 spumis
1031 760 1067 831 (l)
1081 765 1105 815 Α
1126 765 1257 832 tempore
1277 765 1374 815 autem
1399 759 1458 827 iilo,
1482 774 1540 832 quo
1562 774 1661 815 semen
1675 774 1761 816 suum
1783 758 1880 814 alluu-

128 859 158 909 et
178 852 209 909 in
231 850 427 923 superioribus
445 849 542 906 multis
556 850 687 905 sordibus
707 865 814 920 pascuo
833 865 884 904 sne
899 866 976 921 qnae·
1031 848 1112 914 dunt,
1136 848 1280 921 usquead
1303 850 1345 917 id,
1372 864 1429 919 quo
1452 847 1582 917 pisciculi
1607 849 1701 903 rivere
1722 847 1879 921 incipiunt,

129 946 206 1006 runt,
225 945 284 996 etc
305 939 400 995 calore
421 938 490 993 solis
508 937 601 1009 magis
616 953 705 1009 quem
724 937 775 991 alii
795 937 975 1009 perlundun·
1032 937 1128 991 multas
1152 952 1184 991 ac
1207 936 1326 993 diverse
1349 942 1381 991 et
1410 936 1570 1007 repentinae
1592 936 1744 1007 qualitates
1765 940 1794 991 et
1816 951 1881 1007 pas

129 1036 186 1095 tur,
203 1034 232 1084 et
254 1027 341 1083 etiem
361 1025 509 1082 interdum
531 1026 563 1080 in
588 1025 760 1097 quibusdam
774 1027 933 1082 cavernulis
947 1042 976 1080 ιι
1032 1024 1126 1079 aiones
1150 1024 1225 1079 aeris
1247 1024 1393 1082 interdum
1415 1024 1632 1095 superveniunt.
1648 1024 1705 1080 Sed
1726 1039 1793 1079 cum
1816 1024 1881 1079 istm

131 1116 320 1183 abscondunt,
334 1116 365 1170 in
381 1116 487 1187 quibus
506 1115 604 1169 foetida
627 1130 703 1186 equa
723 1119 767 1170 est
780 1130 845 1186 quoe
859 1113 977 1169 eliluere
1032 1112 1185 1168 allusiones
1199 1113 1332 1184 piscium,
1355 1112 1385 1167 ιιι
1405 1118 1448 1167 ιιι
1467 1112 1601 1181 paimolo,
1616 1116 1773 1185 antequem
1797 1112 1882 1183 pisci-

129 1222 190 1261 non
215 1210 319 1276 potest,
341 1210 370 1260 et
390 1204 456 1259 ideo
479 1218 545 1257 caro
565 1218 666 1259 eornm
694 1201 808 1257 infirma
831 1207 861 1258 et
883 1202 978 1257 mollis
1033 1201 1089 1256 culi
1120 1200 1215 1257 virere
1247 1201 1395 1272 incipiant,
1430 1200 1597 1256 multotiens
1622 1201 1658 1256 eb
1691 1199 1882 1257 inundatione

131 1300 187 1364 est,
208 1310 260 1348 nec
280 1293 315 1348 ad
331 1291 543 1347 comedendum
565 1291 628 1346 sani
653 1295 729 1346 ιιιιι.
756 1291 789 1346 ιιι
815 1291 862 1346 isti
890 1289 978 1348 etiem
1032 1287 1178 1359 ymbrium
1219 1294 1248 1343 ιι
1282 1292 1486 1357 tempestatum
1519 1292 1644 1360 atquea
1678 1288 1883 1360 navigantibus

133 1381 289 1454 aliqnando
311 1381 424 1436 modice
446 1379 477 1433 in
491 1379 575 1451 aquis
593 1377 781 1446 descendunt,
796 1382 826 1431 et
839 1377 915 1433 circe
927 1376 978 1433 lit·
1033 1381 1216 1447 rumpantur,
1238 1381 1267 1432 et
1287 1376 1329 1432 ita
1351 1380 1551 1447 pereuntum
1571 1375 1606 1431 ed
1628 1376 1761 1432 effectum
1784 1392 1882 1447 perre-

129 1477 194 1526 tore
215 1470 323 1524 versari
345 1470 448 1536 solent,
465 1467 627 1539 etquidem
647 1482 684 1521 ex
707 1465 749 1520 eis
767 1466 832 1537 plna
850 1466 928 1521 diem
949 1470 979 1521 ιι
1034 1464 1128 1520 niunt.
1145 1465 1216 1520 Etsi
1238 1464 1303 1537 quis
1321 1465 1409 1521 bomo
1433 1464 1517 1519 istam
1532 1464 1713 1533 effusionem,
1729 1464 1757 1521 id
1783 1467 1883 1531 estpr-

130 1559 219 1614 solem
243 1557 369 1629 diligunt
391 1572 479 1629 qnam
512 1559 626 1612 noctem
649 1554 760 1619 lunam,
785 1553 904 1625 quidam
926 1569 978 1609 au·
1034 1554 1135 1623 upote,
1157 1554 1280 1625 piscium
1300 1552 1469 1621 comederit,
1493 1552 1536 1608 illi
1555 1553 1614 1608 lero
1631 1558 1662 1607 ut
1680 1568 1825 1609 senonum
1839 1569 1883 1607 es-

130 1652 189 1703 tem
203 1648 269 1718 plus
283 1650 395 1701 noctem
411 1651 440 1700 et
453 1645 562 1700 lunam.
578 1644 613 1698 lit
634 1642 721 1697 etiam
736 1641 855 1713 quidem
874 1658 910 1697 ex
925 1641 977 1711 eis,
997 1686 1018 1739 B
1034 1647 1088 1708 set,
1102 1649 1131 1697 et
1152 1642 1217 1697 ideo
1233 1644 1322 1697 multo
1346 1642 1441 1698 studio
1458 1642 1531 1697 retia
1556 1642 1677 1698 lavanda
1699 1646 1764 1698 sunl
1788 1658 1825 1697 ne
1839 1642 1882 1697 eis

131 1751 199 1790 cum
220 1734 351 1803 leychent,
376 1738 470 1789 totum
487 1735 577 1803 roqim
601 1746 688 1787 suum
710 1730 873 1793 effundunt.
898 1735 975 1786 ante·
1032 1730 1188 1797 edbureat,
1208 1735 1238 1787 et
1257 1746 1294 1785 ne
1307 1730 1348 1786 ita
1369 1730 1399 1785 in
1420 1737 1540 1804 capture
1560 1730 1682 1802 piscium
1703 1732 1881 1787 extrahatur.

130 1839 218 1896 qnam
242 1824 279 1878 ab
298 1822 352 1877 hac
374 1821 515 1877 effusione
538 1820 698 1892 quiescent,
720 1823 749 1874 et
763 1819 830 1874 inde
844 1818 977 1891 aliquan·
1032 1818 1087 1875 Sed
1106 1824 1259 1891 postquem
1283 1818 1376 1891 pisces
1406 1819 1517 1873 semine
1544 1834 1605 1887 suu,
1628 1819 1658 1874 id
1680 1824 1724 1873 ιιι
1746 1820 1881 1888 pelepclse,

131 1918 193 1967 tum
209 1911 318 1967 debiles
340 1910 516 1979 efficiuntur,
530 1908 649 1981 quidem
662 1923 730 1963 vero
749 1906 934 1963 intervallum
948 1906 978 1961 in
1032 1906 1196 1975 effuderint,
1211 1906 1320 1963 debiles
1335 1907 1512 1974 efficiuntur,
1534 1907 1602 1979 quia
1622 1907 1746 1963 multum
1769 1907 1882 1980 fatigati

131 2001 186 2055 boc
200 2014 288 2071 opere
308 1998 416 2054 babent
429 2002 459 2052 ιι
477 1997 551 2053 vires
572 2012 638 2051 ιιιιι
656 1994 804 2052 interdum
824 1994 977 2065 recipiunt,
1032 2000 1109 2065 sunt,
1126 1999 1158 2050 ιι
1172 2011 1259 2067 snpra
1273 1996 1382 2051 dictum
1403 2002 1456 2062 est,
1473 2002 1502 2051 et
1520 2001 1588 2051 tnnc
1602 2001 1666 2051 tum
1686 2011 1769 2051 sanus
1782 2012 1883 2051 carnes

131 2094 166 2145 ut
174 2088 212 2145 de
225 2087 336 2142 ceteris
345 2086 453 2141 dictum
469 2090 513 2141 est
527 2084 576 2155 (i).
1032 2084 1068 2139 nd
1082 2084 1179 2139 cibum
1202 2084 1329 2140 bominis
1343 2098 1400 2139 con
1421 2084 1538 2149 babent,
1564 2089 1598 2139 ut
1618 2084 1676 2139 alio
1699 2087 1840 2155 ternpore,
1853 2088 1884 2139 et

167 2178 201 2231 Et
220 2191 322 2230 omnes
345 2174 446 2245 pisces,
462 2174 621 2229 secundum
643 2187 735 2245 genus
759 2187 856 2239 suum,
876 2170 980 2227 herbas
1032 2172 1159 2243 pisciculi
1183 2172 1226 2227 illi
1249 2172 1300 2244 qui
1323 2172 1409 2227 simul
1430 2172 1628 2241 effunduntur,
1645 2172 1672 2227 id
1691 2177 1735 2227 est
1753 2174 1884 2242 pelcs'ctoet

131 2264 187 2319 sibi
208 2261 412 2319 convenientes
443 2277 496 2332 per
518 2261 644 2316 hiemem
670 2265 699 2315 et
721 2260 810 2315 etiem
834 2259 979 2315 interdum
1032 2260 1140 2315 werden
1154 2264 1183 2315 et
1203 2260 1291 2317 simul
1314 2265 1473 2328 vomantur,
1499 2266 1527 2316 et
1550 2265 1706 2332 postquem
1728 2261 1880 2323 creverint.

131 2368 184 2424 per
214 2356 342 2407 estatem
372 2350 545 2418 comedunt;
569 2350 644 2406 nude
668 2350 764 2405 milche
789 2349 845 2420 [lac
869 2348 925 2420 ιιι]
951 2351 981 2403 ιι
1033 2347 1165 2405 similiter
1187 2348 1297 2404 semine
1320 2364 1371 2403 ιιι
1394 2348 1554 2405 ellundunt.
1572 2351 1607 2405 iit
1621 2349 1646 2405 si
1670 2348 1759 2422 aliqui
1780 2364 1883 2405 eorum

131 2441 220 2508 rosim
245 2440 378 2511 [granula
400 2439 519 2495 seminis
543 2438 601 2512 ed]
621 2438 651 2493 in
675 2437 716 2493 ιιι
737 2441 878 2506 crescunt,
897 2441 927 2492 et
944 2436 980 2491 de
1033 2436 1196 2507 capiuntur,
1223 2436 1265 2492 illi
1285 2437 1336 2509 qni
1363 2442 1514 2493 remanent
1538 2437 1611 2493 ulios
1634 2437 1689 2493 sibi
1710 2437 1802 2493 etatis
1822 2454 1883 2493 suas

132 2528 179 2582 bis
193 2526 320 2583 suaviter
342 2526 442 2595 edunt,
458 2527 497 2582 ite
519 2526 543 2581 si
564 2526 651 2582 etiem
667 2525 766 2593 bomo,
789 2524 896 2580 scilicet
915 2540 979 2580 mn·
1033 2530 1167 2596 querunt
1182 2525 1290 2581 similes
1312 2526 1427 2581 iterum.
1453 2526 1488 2581 lit
1501 2526 1619 2598 quidam
1641 2526 1743 2597 pisces,
1760 2530 1790 2581 ut
1808 2542 1885 2599 proc·

133 2616 187 2671 lier
204 2632 270 2689 quae
292 2616 448 2672 infecunda
470 2618 523 2682 est,
538 2630 572 2670 ex
596 2615 638 2669 eis
661 2613 835 2679 comederet,
859 2612 981 2668 iocunda
1034 2614 1124 2669 latum
1144 2618 1197 2681 ιιι,
1222 2615 1258 2670 de
1279 2614 1408 2670 claritate
1429 2614 1487 2671 diei
1515 2618 1543 2670 et
1576 2616 1611 2670 de
1639 2615 1791 2687 splendore
1815 2614 1883 2670 solis

132 2706 216 2760 fleret
239 2708 269 2759 ιι
288 2703 461 2778 conciperet.
487 2703 521 2759 Et
542 2704 622 2759 nullo
642 2702 700 2757 alio
723 2700 799 2756 coitu
825 2700 859 2754 ad
883 2697 979 2755 eonci-
1034 2702 1212 2758 delectentur
1231 2709 1259 2757 et
1282 2704 1311 2757 io
1335 2720 1372 2781 ιι
1389 2719 1494 2774 pascua
1513 2708 1657 2776 quarunt,
1673 2702 1791 2776 quidam
1815 2719 1882 2758 vero

133 2794 273 2863 piendum
304 2791 359 2847 sibi
383 2790 614 2858 commiscentur,
638 2795 668 2845 et
692 2792 780 2859 rosim
800 2793 849 2843 ant
868 2788 981 2843 mitober
1033 2793 1068 2847 de
1088 2798 1170 2848 nocte
1186 2799 1215 2848 et
1229 2793 1264 2848 de
1278 2793 1432 2865 splendore
1449 2794 1528 2848 luam
1547 2799 1576 2848 et
1596 2792 1756 2861 stellarum,
1769 2798 1799 2849 et
1813 2800 1883 2849 tunc

134 2881 164 2936 in
192 2880 234 2936 ιιι
257 2880 385 2936 nascitur
406 2880 661 2951 [quemadmodum
684 2877 740 2932 elia
763 2874 900 2932 animalia
924 2875 979 2931 sibi
1033 2880 1120 2935 etium
1139 2896 1243 2951 pascua
1264 2897 1316 2935 sua
1338 2885 1481 2953 querunt,
1508 2881 1575 2953 quie
1595 2880 1745 2937 meliorem
1771 2887 1883 2953 tempe-

133 2968 313 3025 commisceri
348 2967 442 3024 solent
473 2968 540 3023 odd.
560 2966 628 3038 ed.],
660 2966 709 3022 sed
734 2965 916 3021 solummodo
942 2964 978 3020 ed
999 2966 1106 3036 quiem
1130 2968 1159 3022 in
1184 2984 1259 3040 aqua
1281 2967 1437 3040 aliqnando
1465 2969 1494 3023 in
1516 2967 1648 3023 noctibus
1673 2983 1761 3040 quem
1784 2969 1814 3023 in
1838 2969 1884 3025 die

134 3056 306 3113 effusionem
330 3072 442 3123 eorum,
474 3057 569 3112 idest
599 3058 733 3125 teretem,
755 3060 814 3109 tem
843 3068 982 3125 magnum
1036 3054 1151 3111 babent.
1170 3057 1202 3111 ιιι
1216 3058 1290 3112 sicut
1312 3056 1400 3112 homo
1415 3060 1547 3111 naturam
1570 3071 1651 3112 suam
1672 3057 1812 3124 destituit,
1834 3074 1883 3129 pe·

134 3145 309 3201 desiderium
325 3143 445 3210 babent,
463 3149 496 3199 ut
509 3142 645 3197 animalia
663 3143 720 3197 alia
741 3142 777 3197 ad
800 3139 917 3195 coitum.
948 3139 982 3194 lit
1036 3144 1149 3199 ceribus
1164 3160 1193 3198 se
1212 3144 1412 3212 commiscens,
1427 3144 1469 3199 itu
1483 3145 1571 3201 etiam
1586 3150 1615 3199 ιι
1635 3159 1740 3215 pecora
1758 3146 1789 3200 in
1807 3145 1884 3200 eliud

135 3233 335 3305 unusquisque
349 3247 447 3304 parem
467 3236 496 3287 et
510 3230 728 3287 convenientem
747 3228 803 3284 sibi
815 3227 939 3300 quierit,
954 3232 982 3282 ιι
1037 3248 1127 3303 genos
1152 3248 1236 3287 sunm
1260 3249 1291 3287 se
1315 3231 1471 3304 aliqnando
1492 3232 1523 3288 in
1545 3232 1751 3289 commixtione
1763 3234 1882 3289 ducunt.

134 3338 200 3377 tum
224 3328 338 3392 tempus
359 3320 508 3376 effutiottss
530 3334 631 3374 torum
663 3318 763 3383 insiti,
786 3317 882 3372 ¹⁰0tlm
907 3316 983 3371 eirca
1037 3322 1071 3377 Et
1083 3320 1124 3377 sic
1136 3322 1223 3377 etiem
1241 3320 1363 3392 piscosa
1384 3336 1490 3394 genere
1515 3338 1566 3377 suo
1581 3322 1612 3376 in
1631 3322 1710 3377 aliud
1730 3338 1822 3395 genus
1845 3324 1885 3377 in·

135 3410 216 3464 littus
232 3412 376 3480 quaerunt,
392 3407 443 3462 ubi
462 3424 515 3463 uec
529 3407 616 3475 scuti,
640 3423 693 3462 nec
710 3405 845 3477 procellas
866 3420 915 3459 eos
929 3404 982 3459 ιιι-
1035 3408 1150 3464 tardum
1169 3410 1199 3464 in
1213 3406 1352 3465 effusione
1374 3410 1494 3465 seminis
1517 3411 1563 3465 sui
1585 3410 1739 3479 declinent,
1755 3415 1784 3466 et
1805 3410 1883 3467 eliud

134 3499 203 3553 dere
215 3500 346 3569 possunt,
368 3496 416 3553 sed
432 3496 482 3552 ubi
495 3495 576 3568 quies
597 3496 673 3552 bona
693 3500 722 3549 ct
734 3493 890 3565 tranquilla
905 3497 982 3547 tem·
1035 3512 1128 3569 penus
1160 3503 1327 3555 extraneum
1355 3500 1455 3570 generi
1491 3514 1544 3554 suo
1580 3500 1753 3571 producunt,
1785 3504 1818 3555 ut
1854 3499 1884 3553 in

134 3584 229 3657 peries
245 3601 386 3659 aquarum
400 3585 437 3639 sit
452 3586 506 3656 (3),
520 3584 613 3640 ιιιιι
634 3583 775 3653 herbulae,
789 3581 894 3654 quibus
911 3579 983 3635 inte·
1036 3586 1165 3658 anguilla
1196 3592 1223 3642 ιι
1254 3587 1285 3642 ιιι
1325 3586 1389 3643 eliis
1423 3587 1597 3659 quibusdam
1628 3586 1754 3659 piscibus
1789 3588 1885 3643 notari

135 3674 191 3729 rim
205 3679 369 3745 pascantur,
385 3674 494 3729 circum
513 3678 586 3728 natae
603 3675 679 3739 sunt,
695 3677 724 3727 ιι
736 3676 806 3727 tunc
821 3668 907 3743 piscis
920 3669 980 3737 ille,
1035 3680 1140 3747 potsse.

135 3778 199 3835 que
212 3762 321 3818 lomina
342 3766 396 3829 ιιι,
411 3762 447 3817 ad
462 3760 675 3828 rectitudinem,
690 3759 799 3815 scilicet
818 3759 849 3813 in
863 3756 981 3812 modom
1073 3766 1147 3820 naua
1173 3770 1270 3821 ιιιιιι
1302 3764 1330 3820 ιιι
1357 3764 1532 3839 quibusdam
1567 3765 1694 3837 piscibus
1729 3766 1885 3838 quemdem

135 3851 230 3920 lineas,
246 3850 376 3924 procedit
394 3850 555 3923 usquedum
573 3848 730 3905 secundum
744 3851 877 3903 naturam
900 3860 982 3901 suam
1035 3848 1195 3918 scientiam,
1220 3850 1377 3905 secundum
1403 3854 1534 3907 naturam
1561 3865 1644 3906 suam
1673 3855 1703 3905 et
1726 3850 1884 3905 secundum

134 3940 171 3996 ab
194 3941 249 3996 ιιι
267 3939 407 3996 effusione
427 3938 563 4007 desistat;
584 3943 611 3994 ιι
634 3937 682 3992 ιιι
697 3936 784 3991 ιιιιι
803 3934 891 4006 bojas
912 3933 982 3989 eilu-
1036 3952 1127 4009 genus
1150 3954 1246 4005 suum,
1276 3938 1367 4007 dedit,
1392 3938 1431 3993 ite
1459 3938 1538 4009 quod
1561 3938 1701 4011 quasdem
1726 3938 1829 3994 herbas
1856 3946 1886 3993 et

134 4029 224 4084 sionis
247 4028 323 4095 iacit,
347 4027 389 4082 ibi
410 4027 500 4082 elium
527 4027 646 4097 piscem,
672 4025 779 4081 scilicet
812 4023 981 4089 masculum,
1036 4025 1146 4081 radices
1169 4026 1200 4079 in
1221 4026 1303 4101 aquis
1322 4033 1509 4099 cognoscunt,
1535 4027 1640 4099 quibus
1665 4028 1812 4084 interdum
1837 4044 1884 4081 ve-

134 4117 271 4173 advenire
298 4117 490 4188 prestoletur.
522 4117 555 4171 lit
587 4131 654 4171 mox
688 4113 843 4178 masculus,
875 4110 983 4166 scilicet
1036 4119 1164 4183 scantur,
1186 4130 1251 4171 cum
1276 4115 1348 4169 aiios
1362 4114 1438 4170 cibos
1462 4130 1519 4170 non
1540 4116 1659 4179 babent,
1684 4130 1807 4188 querum
1829 4116 1886 4170 lor-

135 4206 258 4272 mileber,
292 4203 487 4275 subsequitur,
511 4210 540 4259 et
569 4204 613 4259 lac
641 4219 725 4258 suum
755 4202 786 4256 in
818 4198 919 4255 ordine
954 4204 983 4253 et
1037 4203 1132 4259 titudo
1154 4210 1183 4258 et
1200 4209 1313 4273 natura,
1330 4219 1396 4258 cum
1410 4219 1458 4257 eas
1472 4204 1561 4259 semel
1574 4210 1753 4275 cognoscunt
1767 4220 1816 4259 seu
1830 4220 1885 4275 gn·

137 4309 273 4349 mensura
286 4309 372 4366 super
394 4294 483 4362 ropim
501 4292 606 4362 tundit,
622 4296 652 4347 ιι
664 4291 741 4363 quod
765 4287 984 4361 piscis,scilicet
1001 4271 1188 4369 notaverint,
1212 4290 1288 4363 quod
1312 4296 1362 4347 ent
1385 4307 1437 4362 per
1458 4290 1612 4348 dimidium
1636 4308 1745 4348 annum
1768 4297 1819 4348 aut
1832 4310 1887 4365 per

135 4382 254 4450 femina,
269 4382 431 4455 praecessit,
450 4387 479 4438 et
503 4398 568 4438 cum
590 4381 626 4437 ad
646 4380 729 4435 illum
752 4376 925 4449 pervenerit,
942 4378 985 4431 luc
1040 4385 1163 4451 quatuor
1189 4395 1301 4435 menses
1328 4380 1408 4437 nullo
1441 4387 1525 4452 pastu
1561 4380 1701 4453 indigent,
1732 4386 1761 4436 st
1788 4386 1887 4437 ιιιιιι

186 4506 196 4557 l
230 4502 271 4557 lit
286 4502 612 4574 qraidomrpresotum
625 4507 734 4558 estom.
751 4500 798 4555 ed.
1041 4504 1114 4559 Deus
1134 4508 1231 4559 autem
1255 4504 1428 4575 quibusdem
1460 4504 1586 4577 piscibus
1618 4505 1773 4578 quamdam
1795 4506 1888 4563 ιιιιιι-

185 4576 203 4629 2
233 4575 327 4630 Ettsts'
341 4578 423 4630 etiem
434 4604 469 4614 -
483 4574 636 4629 dictumest
649 4588 708 4628 om.
724 4573 770 4627 ed,
1039 4574 1107 4629 tiam
1120 4575 1279 4629 secundum
1294 4580 1425 4631 naturam
1441 4582 1470 4631 et
1487 4592 1579 4647 genos
1593 4592 1678 4632 snum
1693 4577 1783 4645 dedit,
1806 4580 1888 4648 quod

132 4706 139 4713 ‚
172 4645 199 4716 (3
230 4644 343 4701 Sedubi
357 4674 392 4683 -
406 4646 443 4700 sit
457 4660 514 4700 om.
533 4644 579 4699 ed.
1039 4644 1178 4717 quasdem
1201 4645 1304 4699 barbas
1335 4651 1363 4701 st
1396 4646 1505 4701 radices
1524 4646 1555 4702 in
1586 4648 1668 4720 aquis
1695 4656 1885 4720 cognoscunt,

173 4716 214 4788 (ι)
234 4715 276 4772 ab
295 4715 364 4770 inde
391 4720 486 4770 textus
509 4714 602 4769 editus
626 4713 658 4769 in
682 4712 780 4769 miultis
800 4714 892 4769 variet
919 4733 983 4788 quie
1038 4714 1143 4787 quibus
1168 4716 1311 4771 interdum
1341 4722 1504 4782 vescuntur,
1526 4733 1591 4774 cum
1624 4717 1695 4773 alios
1718 4719 1796 4774 cibos
1827 4734 1887 4775 uon

137 4786 275 4841 adnotare
298 4785 417 4855 longum
436 4789 519 4840 esset.
544 4784 589 4840 Sic
611 4800 642 4839 se
665 4784 803 4840 habet:«
817 4788 984 4858 Atempore
1038 4786 1168 4850 habent;
1201 4801 1304 4842 uarum
1329 4786 1466 4842 fortitudo
1488 4793 1517 4842 ιι
1542 4793 1644 4843 ιιιιιι
1667 4788 1734 4845 talis
1750 4794 1802 4855 est,
1819 4805 1887 4845 cum

136 4862 234 4938 autem
253 4857 304 4912 illo
323 4872 381 4927 quo
395 4856 482 4911 simul
495 4854 692 4922 effunduntur,
712 4872 743 4910 se
767 4864 943 4937 cognoscunt
956 4864 985 4915 et
1038 4872 1086 4911 eas
1110 4802 1200 4911 semei
1215 4856 1401 4928 gustatorint,
1418 4859 1495 4929 qood
1520 4864 1570 4912 ant
1584 4874 1635 4984 per
1653 4858 1807 4915 dimidium
1834 4876 1886 4913 en-

136 4929 222 4984 simul
257 4933 428 4994 ιιιιιιιιιις
453 4930 482 4980 ιι
514 4932 668 4998 postquam
696 4930 847 4993 creseunt,
873 4929 986 4985 ιιιιιιι
1037 4942 1118 4991 num,
1134 4933 1184 4983 ιιι
1198 4942 1249 4999 per
1268 4932 1393 4999 quatuor
1413 4944 1526 4999 menses
1541 4945 1580 4984 nu
1594 4931 1621 4985 lo
1643 4936 1727 5001 pastu
1741 4930 1886 5001 indigent.

137 5014 189 5053 sua
207 4998 292 5053 simol
313 4996 483 5062 eilunduut;
499 5004 528 5052 et
541 4997 566 5053 si
580 4997 685 5069 aliquis
698 5012 799 5053 corum
820 4997 983 5068 capiuntur,
1039 4997 1122 5065 Onod
1156 5005 1252 5053 autem
1281 4999 1371 5071 pisces
1405 5002 1543 5055 clamosas
1578 5016 1659 5055 roces
1691 5017 1750 5056 non
1780 5002 1887 5057 babent

136 5070 179 5124 illi
196 5068 246 5141 qui
274 5072 425 5123 remanent
455 5069 525 5122 alios
552 5067 606 5123 sibi
625 5072 708 5123 aetate
738 5067 846 5122 similes
877 5068 983 5125 iterum
1037 5068 1284 5139 quemadmodum
1304 5074 1406 5125 caetera
1434 5070 1569 5125 animalia
1607 5070 1831 5196 concipiuntur:
1858 5078 1888 5126 et

137 5143 280 5211 quaerunt.
306 5138 339 5193 lit
370 5138 444 5193 sicut
469 5139 558 5194 bomo
579 5143 713 5195 naturam
733 5153 815 5193 suem
839 5138 980 5208 destituit,
1038 5138 1124 5194 etiem
1140 5155 1191 5211 pro
1206 5140 1331 5196 clamore
1345 5140 1431 5209 vocis,
1448 5157 1535 5213 quem
1550 5142 1604 5213 ipsi
1621 5142 1650 5197 in
1672 5157 1735 5198 aro
1755 5158 1813 5198 non
1836 5142 1886 5197 ιι-

135 5209 289 5281 pecoribus
311 5224 340 5263 se
364 5208 562 5275 commiscens,
577 5208 617 5264 ita
633 5208 765 5266 etiamst
784 5224 887 5279 pecore
901 5216 981 5265 extre
1037 5210 1117 5276 beni,
1138 5226 1211 5282 aqua
1235 5211 1265 5266 in
1294 5226 1351 5281 qua
1373 5218 1580 5267 conversantur
1609 5228 1712 5268 sonum
1735 5214 1766 5268 in
1799 5228 1885 5267 cursu

135 5296 228 5352 genus
251 5294 338 5335 suum
367 5280 524 5352 aliquunde
544 5281 576 5335 iu
601 5279 805 5335 commixtione
827 5278 982 5346 ducuntur,
1037 5295 1088 5335 suo
1114 5286 1224 5336 tenent.
1250 5280 1400 5351 Reptentia
1423 5288 1530 5352 autem,
1552 5289 1581 5338 et
1594 5282 1645 5339 illa
1658 5298 1724 5355 quie
1738 5284 1885 5339 interdum

136 5351 218 5407 etsie
231 5352 317 5407 etiam
356 5351 429 5405 isoes
447 5368 465 5405 a
486 5366 592 5423 genere
613 5349 711 5406 suoin
734 5350 812 5405 aliud
828 5351 982 5421 genusin·
1036 5350 1165 5422 ineque,
1187 5352 1331 5407 interdum
1346 5358 1553 5423 superterram
1568 5358 1645 5421 sunt,
1663 5355 1708 5409 rel
1728 5354 1885 5426 quamdam

138 5425 251 5477 modum
269 5421 300 5476 in
321 5367 459 5477 circione
479 5420 597 5502 seminis
620 5421 665 5475 sni
686 5419 841 5490 declinant,
862 5423 891 5501 ιι
904 5422 982 5478 alind
1036 5422 1239 5502 cognationem
1249 5439 1314 5479 cnm
1332 5422 1503 5479 animalibus
1514 5423 1632 5491 babent,
1645 5430 1674 5480 st
1687 5424 1752 5481 idco
1772 5424 1887 5497 linguas

137 5508 229 5563 genus
253 5498 420 5548 extraneum
444 5507 544 5569 generi
568 5508 620 5547 soo
641 5491 815 5572 producunt,
837 5496 869 5546 ut
884 5507 915 5546 ιι
930 5507 982 5547 on·
1036 5491 1218 5547 adsibilcset
1231 5493 1264 5547 ed
1286 5508 1371 5565 sonos
1384 5510 1485 5551 vocum
1499 5494 1616 5551 hebent.
1640 5516 1651 5543 ι

137 5563 228 5635 guilla
243 5568 272 5618 et
294 5562 324 5617 in
345 5561 410 5617 aliis
433 5561 603 5634 quibusdam
623 5562 749 5633 piscibus
763 5562 858 5617 notari
876 5566 979 5633 potest.
