3984 6034
132 91 186 146 899
461 108 470 117 ·
864 79 892 136 S.
913 77 1152 136 mbuncaeuls
1835 76 1891 131 900

132 218 208 273 Deus
233 215 381 271 bominem
405 228 469 268 cnm
492 211 628 268 omnibns
651 210 828 283 appendiciis
846 210 905 265 suis
928 208 981 263 sub
1000 208 1097 264 Asine
1123 213 1239 280 peccato
1264 206 1395 264 athomo
1420 206 1530 263 habitet
1551 206 1581 264 in
1607 208 1701 276 nobis,
1725 208 1894 265 hnmanita-

134 307 193 362 sola
207 302 324 369 cressit,
340 306 482 375 qnatenus
499 302 531 357 in
553 301 719 356 terrasolus
734 316 792 355 non
816 299 860 366 sit,
882 314 983 372 qnem-
1038 301 1096 353 tom
1118 303 1245 354 nostram
1267 313 1326 353 non
1348 296 1499 368 negligens
1516 295 1565 352 ubi
1590 302 1620 353 et
1637 312 1690 353 nos
1706 312 1771 352 cum
1795 296 1894 370 spira-

133 392 290 449 edmodum
316 393 377 462 ipse
399 391 473 445 Deus
495 389 526 444 in
549 390 620 444 coelo
645 389 723 444 solus
746 403 805 443 non
821 392 873 456 est,
888 388 937 444 sed
952 386 984 441 in
1038 386 1103 441 culo
1117 386 1183 443 vitae
1207 386 1333 442 hominis
1352 402 1451 441 sumus
1474 386 1509 441 ad
1529 385 1686 467 imagipem
1707 390 1735 440 et
1755 386 1893 440 similitu·

134 482 269 537 omnibns
303 479 469 535 coelestibus
495 478 655 533 harmoniis
694 476 879 547 glorificetur.
919 477 984 530 liae
1038 473 1135 530 dinem
1154 474 1216 545 ejus
1235 473 1312 530 iacti.
1338 473 1517 545 Quapropter
1538 478 1565 529 et
1594 489 1647 529 nos
1667 474 1697 528 in
1717 473 1779 545 ipso
1806 473 1891 528 babi-

134 574 229 625 antem
251 585 318 641 quas
341 568 370 623 in
393 568 471 621 t'erra
494 567 568 621 circa
592 565 740 621 bominem
768 570 846 634 sunt,
867 580 932 619 cum
947 583 982 619 co
1039 570 1143 631 tamus,
1170 562 1308 635 quoniam
1323 579 1395 634 opus
1414 562 1504 634 ipsius
1519 578 1629 629 sumus,
1645 568 1674 617 at
1688 563 1756 635 quia
1769 564 1799 617 in
1816 578 1892 633 pree·

134 659 253 713 interra
267 656 434 729 perdurent,
457 670 609 728 quousque
633 668 772 709 numerus
792 654 840 707 ille
861 652 982 724 implea-
1038 650 1157 707 scientia
1177 668 1229 707 sue
1254 668 1306 707 nos
1332 666 1447 723 semper
1470 650 1582 719 hebuit,
1598 666 1650 706 nec
1667 652 1757 707 nostri
1781 652 1890 707 oblitus

134 755 181 803 tur
200 762 287 818 quem
302 748 376 801 licus
390 743 506 815 impleri
531 742 688 798 constituit.
705 743 773 797 Post
787 742 912 797 futuram
934 756 984 796 au·
1037 744 1088 796 est.
1106 760 1121 790 a
1137 741 1169 795 Et
1186 739 1311 795 vidimus
1331 740 1453 812 gloriam
1476 739 1548 811 ejus,
1565 758 1580 789 u
1598 739 1666 811 quia
1687 755 1741 794 nos
1755 738 1805 811 qui
1820 755 1889 795 cum

133 839 191 889 tem
217 833 457 889 resurrectionem
488 830 588 887 beatus
613 830 702 886 bomo
728 845 788 884 non
812 830 925 901 indiget
950 834 984 885 ut
1037 828 1099 899 ipso
1123 844 1247 897 eramus,
1272 829 1436 899 specialiter
1463 827 1589 883 vidimus
1613 842 1680 883 eum
1708 828 1737 883 in
1761 827 1890 883 mirabili

131 927 240 978 crescet
260 926 310 977 aut
333 921 368 976 ab
394 922 453 977 ullo
472 924 616 992 pascatur,
643 918 712 991 quie
734 919 765 973 in
782 918 910 974 claritate
933 919 983 974 ille
1037 920 1141 972 natura
1164 916 1272 988 absque
1290 915 1368 971 omni
1392 920 1508 988 peccato
1530 915 1704 971 venientem.
1728 934 1742 969 a
1769 917 1803 971 lit
1824 916 1890 986 glo-

132 1018 202 1066 tunc
220 1010 277 1066 erit
311 1026 376 1083 quoe
398 1024 547 1081 nunquam
571 1007 705 1062 transibit
735 1023 788 1062 nec
812 1006 980 1062 mutabitur.
1037 1006 1109 1061 riam
1132 1006 1214 1078 quasi
1235 1004 1382 1077 Unigeniti
1406 1006 1560 1072 aratra»
1583 1005 1794 1071 manifestante,
1819 1004 1891 1075 quia

132 1099 192 1154 Hac
213 1114 339 1171 namque
364 1096 493 1153 claritate
516 1111 570 1168 per
586 1101 713 1151 sanctem
729 1095 897 1151 Trinitatem
917 1095 982 1150 bea·
1037 1094 1209 1149 mirabiliter
1230 1098 1297 1149 ente
1318 1094 1458 1149 saeculea
1483 1095 1566 1149 Patra
1592 1099 1678 1149 natus
1705 1092 1890 1165 Unigenitus,

133 1194 178 1253 tus
202 1187 289 1241 bomo
316 1192 385 1240 tunc
412 1185 558 1252 induetur,
588 1189 617 1238 et
647 1184 727 1238 illam
757 1183 898 1254 inspiciet,
931 1182 982 1254 qui
1037 1183 1159 1254 gloriam
1182 1199 1245 1237 sum
1266 1182 1437 1237 mirabiliter
1457 1199 1473 1237 e
1493 1184 1575 1238 Patre
1601 1181 1720 1237 veniens
1749 1181 1889 1247 ostendit,

133 1276 288 1353 terminum
303 1274 380 1330 initii
394 1273 499 1329 etlinis
513 1290 663 1344 uunquam
683 1272 801 1339 trebnit3
822 1277 851 1327 et
868 1273 905 1327 ob
928 1273 982 1327 boc
1038 1270 1167 1327 obicum
1190 1272 1275 1343 Virgo
1300 1271 1334 1325 de
1359 1272 1462 1327 ardore
1483 1270 1606 1343 Spiritus
1632 1270 1723 1325 suncti
1742 1270 1889 1340 concepit,

132 1365 213 1419 senio
228 1369 256 1419 et
269 1364 354 1419 toedio
376 1376 525 1434 nunquam
540 1361 690 1429 allicietur,
712 1361 780 1431 quia
803 1361 889 1416 etiam
906 1376 980 1416 sem·
1036 1376 1088 1415 nec
1103 1360 1199 1434 operis
1212 1360 1265 1415 viri
1289 1359 1422 1431 indiguit,
1434 1374 1499 1415 cum
1515 1360 1589 1414 elius
1615 1359 1737 1431 quilibet
1760 1360 1850 1413 bomo
1874 1374 1892 1411 a

131 1458 224 1526 peret
237 1468 311 1507 nore
333 1451 481 1524 psallendo
506 1449 694 1505 citharizabit.
721 1451 829 1521 ltaque,
853 1455 884 1504 ut
904 1464 979 1520 pres·
999 1448 1108 1548 Bviro,
1126 1448 1232 1504 scilicet
1247 1460 1282 1503 ax
1295 1452 1385 1518 petre,
1406 1463 1470 1502 cum
1489 1454 1602 1519 peccato
1617 1446 1782 1502 seminetur.
1812 1448 1892 1501 Deus

131 1544 239 1597 dictum
255 1547 309 1610 est,
325 1556 378 1612 per
398 1541 485 1593 sitam
505 1554 571 1593 cero
586 1539 664 1607 visit,
688 1545 717 1592 et
736 1538 792 1592 nisi
814 1554 866 1610 per
891 1538 979 1592 vitam
1036 1536 1113 1593 enim
1132 1536 1279 1592 homiuem
1303 1535 1338 1591 de
1360 1536 1429 1591 limo
1444 1536 1625 1601 formaverat,
1644 1538 1674 1590 et
1688 1536 1717 1589 in
1732 1535 1815 1589 illum
1832 1535 1892 1604 spi-

132 1646 198 1685 caro
211 1645 286 1701 pene
308 1645 368 1684 non
391 1634 481 1694 essct;
503 1632 532 1682 et
556 1628 596 1681 ita
617 1642 684 1681 caro
701 1642 768 1682 oum
791 1626 858 1695 vita,
882 1633 911 1681 et
924 1627 982 1681 vita
1036 1627 1166 1681 reculam
1188 1626 1252 1681 ritae
1270 1625 1397 1679 miseret.
1414 1624 1494 1680 Unde
1515 1627 1545 1679 et
1569 1622 1693 1679 Verbum
1714 1624 1763 1678 liei
1780 1624 1810 1677 in
1832 1623 1892 1678 ho-

131 1736 196 1775 cum
217 1735 302 1774 cerne
328 1734 418 1773 unum
440 1720 516 1772 srrnt.
542 1716 607 1771 ileo
630 1716 704 1771 Dens
722 1715 844 1770 attendit
864 1715 980 1787 quando
1036 1716 1113 1770 rnine
1135 1715 1231 1785 regale
1256 1714 1458 1768 vestimentum
1480 1728 1546 1768 cum
1560 1711 1694 1768 rationali
1717 1712 1814 1766 anima
1838 1728 1891 1765 as-

131 1808 161 1863 in
183 1809 273 1863 Adam
292 1823 346 1878 per
364 1805 539 1879 spiraculum
562 1804 639 1876 quod
664 1804 695 1857 in
716 1804 798 1858 illum
819 1804 897 1857 misit
923 1818 982 1857 cer·
1036 1804 1168 1874 sumpsit.
1191 1808 1219 1859 et
1248 1802 1319 1857 illud
1336 1806 1429 1857 totum
1453 1801 1489 1856 ad
1509 1816 1539 1856 se
1561 1802 1646 1857 traxit
1667 1806 1696 1855 et
1717 1801 1748 1855 in
1772 1816 1807 1854 eo
1823 1815 1892 1871 per-

131 1908 199 1948 nem
214 1899 244 1948 et
259 1891 428 1963 sanguinem
444 1890 599 1956 roboravit,
616 1888 753 1960 quoniam
769 1902 886 1942 carnem
900 1886 981 1942 illam
1037 1892 1151 1949 mansit.
1173 1893 1244 1948 Nam
1266 1895 1295 1945 ct
1316 1890 1491 1963 spiraculum
1507 1889 1584 1963 quod
1604 1889 1635 1944 in
1650 1888 1768 1944 homine
1788 1890 1889 1943 anima

131 1988 201 2038 sum
224 1981 347 2051 inspexit
370 1995 427 2051 qua
446 1978 609 2033 induendus
632 1982 703 2039 eret.
729 1981 758 2032 et
782 1976 862 2032 illem
889 1975 920 2031 in
940 1992 983 2031 er·
1035 1983 1200 2037 nominatur
1220 1995 1336 2036 curnem
1359 1978 1515 2051 perfundit,
1538 1984 1566 2034 et
1582 1978 1662 2033 illam
1682 1992 1735 2050 pro
1761 1976 1887 2034 delecta-

130 2070 207 2125 danti
227 2084 325 2124 amore
340 2068 449 2123 babuit.
1036 2069 1087 2125 bili
1110 2069 1280 2124 vestimento
1304 2072 1332 2123 et
1356 2068 1457 2123 decoro
1487 2071 1657 2123 ornamento
1689 2067 1786 2121 babet.
1814 2068 1891 2131 Qua-

167 2158 235 2213 «Et
269 2158 394 2212 Verbum
418 2170 484 2210 earo
511 2155 616 2210 incitem
646 2157 700 2222 est,
726 2157 755 2209 et
788 2152 929 2209 habitavit
951 2152 981 2207 in
1035 2162 1155 2230 propter
1179 2161 1289 2213 etcum
1314 2161 1401 2224 amat,
1418 2161 1448 2212 et
1470 2156 1525 2229 ipsi
1544 2156 1696 2222 consentit,
1716 2171 1768 2211 nec
1789 2160 1889 2211 tamen

131 2245 261 2301 nobis.»
291 2244 415 2299 Verbum
446 2243 524 2299 enim
549 2242 626 2315 qnod
657 2242 733 2314 apud
764 2243 838 2297 ileos
858 2245 982 2297 asterna-
1035 2247 1066 2301 in
1089 2262 1122 2301 ea
1144 2246 1355 2317 videripotest.
1379 2245 1419 2301 Ex
1443 2250 1682 2317 naturaquoqoa
1704 2249 1786 2299 etex
1809 2244 1888 2299 desi-

131 2335 282 2391 lilertfflle
307 2348 398 2388 ΜΠ]
412 2337 485 2398 efai,
499 2336 527 2387 0i
547 2331 623 2403 (1¹¹⁰d
639 2332 715 2386 ⁰⁰⁰³
737 2334 809 2398 eret,
831 2346 884 2401 1³⁰1
897 2332 981 2386 ”do-
1035 2334 1115 2391 derio
1139 2334 1242 2390 animoa
1269 2335 1357 2390 homo
1381 2340 1487 2391 sestam
1509 2335 1575 2389 vite
1606 2334 1741 2406 postulat,
1765 2336 1795 2387 et
1815 2349 1890 2405 quo·

34 2475 38 2482 .
131 2438 194 2478 rem
213 2421 335 2494 Spiritus
359 2421 449 2476 sancti
473 2434 589 2476 carnem
615 2420 649 2475 de
675 2424 759 2474 utero
781 2418 906 2487 Virginis
936 2434 980 2475 as·
1035 2425 1113 2480 niam
1135 2425 1209 2481 Dens
1228 2424 1339 2479 nullam
1360 2426 1520 2478 creaturam
1541 2422 1602 2477 sina
1628 2422 1737 2477 viribus
1764 2438 1889 2477 vacuam

134 2509 268 2580 sumpsit,
300 2523 389 2580 quem
419 2508 460 2562 ita
487 2507 594 2576 induit,
623 2506 868 2579 quemadmodum
900 2522 981 2561 renes
1035 2512 1151 2579 arserit,
1175 2511 1241 2567 ideo
1258 2512 1346 2567 homo
1375 2510 1518 2567 mirabilia
1537 2524 1652 2581 semper
1680 2513 1826 2581 operatur.
1856 2512 1889 2565 lit

129 2613 271 2671 compago
292 2596 386 2652 carnis
407 2601 487 2664 sunl,
508 2600 538 2650 el
559 2601 593 2650 ul
612 2595 682 2667 ipsae
711 2594 882 2668 sanguinem
913 2609 980 2667 por·
1035 2598 1111 2657 idem
1134 2599 1293 2655 Verbum«
1316 2600 1435 2671 plenum
1456 2598 1557 2671 gratim
1580 2604 1608 2654 et
1632 2596 1770 2659 veritatis,
1791 2618 1806 2649 s
1830 2606 1887 2665 est,

129 2692 202 2755 tant,
217 2692 246 2742 at
259 2691 359 2741 temen
381 2686 499 2757 sanguis
520 2700 578 2740 non
603 2688 680 2739 sesni.
702 2685 775 2740 Deus
790 2684 867 2742 enim
885 2682 980 2739 isonti·
1035 2688 1103 2761 quia
1117 2688 1148 2743 in
1164 2689 1248 2760 plena
1262 2686 1354 2759 gratia
1372 2691 1435 2743 erat
1448 2687 1545 2743 omnia
1564 2687 1595 2743 in
1616 2686 1763 2743 divinitate
1782 2702 1887 2743 crean-

129 2789 197 2831 nem
224 2774 264 2830 ila
289 2779 444 2843 creaverat,
478 2778 512 2830 ut
534 2773 630 2829 omnis
649 2776 781 2829 creatura
802 2772 828 2827 ei
851 2773 979 2828 serviret.
999 2777 1081 2845 Cdo,
1096 2780 1124 2832 st
1147 2777 1178 2831 in
1201 2776 1381 2833 humanitate
1400 2776 1580 2844 redimend03
1598 2780 1627 2831 st
1647 2776 1679 2830 in
1702 2777 1788 2847 plens
1806 2778 1889 2831 reri-

128 2865 209 2920 llndo
229 2864 317 2920 etiam
347 2864 437 2918 Deum
470 2862 566 2918 decuit
596 2866 739 2934 quatenns
774 2861 978 2916 indumentum
1033 2868 1092 2921 tate
1115 2864 1234 2931 exstitit,
1258 2864 1395 2937 quoniam
1421 2864 1535 2921 nullam
1568 2863 1751 2919 mendacium
1773 2864 1890 2935 iniqui-

129 2952 223 3008 cemis
254 2953 284 3007 in
312 2952 431 3008 homine
458 2951 609 3023 acciperet.
644 2950 691 3007 Sic
716 2949 823 3005 etenim
853 2948 978 3004 Verbum
1032 2953 1099 3009 tatis
1119 2957 1148 3009 et
1168 2952 1278 3024 peccati
1301 2952 1396 3025 ipsum
1418 2953 1525 3026 tetigit,
1555 2968 1607 3008 neo
1629 2968 1659 3008 aa
1676 2952 1740 3025 ⁸ipsi
1761 2953 1888 3009 associe-

18 3102 22 3110 ,
128 3056 244 3098 carnem
260 3041 366 3109 induit,
381 3039 489 3094 scilicet
513 3038 591 3111 qnod
606 3039 732 3094 Verbum
748 3043 777 3093 et
796 3053 862 3093 cero
886 3052 978 3093 nuum
1033 3041 1083 3109 rit,
1107 3041 1176 3113 quia
1198 3042 1334 3098 [lominus
1368 3042 1481 3123 estqui
1506 3042 1607 3113 praelio
1630 3058 1682 3098 suo
1706 3041 1780 3097 mala
1804 3042 1886 3107 vicit,

129 3136 280 3198 sunt,non
304 3135 401 3184 temen
425 3127 631 3183 sioutalternm
647 3128 816 3183 inultorum
831 3132 978 3182 tremmu·
1033 3129 1248 3202 qnaesineipso
1264 3130 1336 3185 nibil
1356 3134 1432 3186 sunt.
1450 3132 1521 3186 Nam
1545 3129 1640 3202 ipsum
1667 3130 1802 3197 Verbum,
1826 3129 1887 3185 soi-

128 3223 220 3274 tatnm
232 3218 276 3284 sis,
291 3218 340 3272 sed
363 3216 500 3271 nnumin
519 3215 628 3272 unitate
642 3231 774 3287 personae
788 3215 855 3270 sint.
877 3214 979 3271 Sedet
1031 3218 1099 3274 licet
1117 3233 1200 3273 varus
1214 3217 1264 3274 nsi
1289 3218 1385 3287 Filius,
1408 3219 1528 3290 plenum
1549 3224 1593 3273 est
1612 3218 1713 3291 gratie,
1735 3218 1833 3274 dando
1854 3224 1887 3274 et

128 3322 234 3377 corpus
243 3306 448 3361 indumentum
464 3305 569 3360 auimoe
588 3309 642 3375 ast,
656 3308 685 3359 st
697 3304 793 3359 anime
807 3319 874 3360 cum
892 3318 978 3359 cerne
1032 3306 1206 3363 remittendo
1228 3307 1385 3363 secundnm
1407 3322 1489 3363 suam
1513 3307 1751 3376 misericordiam,
1778 3308 1886 3379 quise

128 3394 223 3450 officie
253 3393 394 3466 operandi
419 3392 516 3449 habat.
539 3394 649 3465 Corpus
674 3396 772 3448 autem
796 3392 859 3447 sins
881 3393 978 3448 anime
1031 3396 1127 3468 ipsum
1153 3395 1182 3451 in
1206 3396 1354 3453 divinitate
1376 3412 1435 3452 non
1458 3396 1627 3463 exinanivit,
1650 3396 1698 3452 sed
1719 3396 1887 3452 hnmanita-

128 3484 201 3539 nibil
216 3488 301 3553 esset,
325 3487 354 3539 st
374 3483 472 3539 anima
492 3484 554 3539 aine
577 3498 698 3554 corpore
719 3498 778 3540 uon
798 3486 975 3556 operaretur,
1031 3491 1089 3541 tem
1120 3484 1228 3553 induit;
1258 3490 1287 3541 et
1307 3486 1473 3543 hnmanitas
1493 3486 1582 3557 ipsius
1610 3485 1697 3558 plene
1730 3488 1782 3557 cst,
1815 3501 1885 3557 qoo-

128 3573 207 3629 unde
223 3588 316 3628 unum
341 3573 371 3628 in
394 3572 512 3629 bomine
534 3576 611 3640 sunt,
634 3575 664 3628 et
684 3572 773 3628 bomo
794 3571 872 3639 sinit,
888 3575 918 3627 et
937 3570 977 3626 sic
1032 3574 1110 3629 niam
1129 3576 1208 3630 nulla
1231 3590 1304 3647 ruga
1325 3574 1432 3647 peccati
1456 3576 1592 3633 humanae
1607 3579 1718 3630 natare
1734 3591 1800 3630 eum
1815 3574 1882 3629 teti·

128 3678 201 3737 opus
223 3662 285 3733 liei,
310 3662 443 3718 videlicet
464 3663 563 3727 bomo,
587 3661 624 3717 sd
643 3660 802 3732 imaginem
824 3665 853 3715 et
873 3659 976 3715 simili·
1031 3663 1083 3735 git.
1100 3664 1204 3719 Planus
1219 3664 1306 3718 etiam
1327 3664 1454 3719 veritatis
1476 3663 1617 3736 estquis
1640 3664 1698 3731 dat,
1716 3663 1839 3719 remittit
1851 3668 1883 3719 et

127 3751 257 3808 tudinem
282 3750 334 3806 liei
356 3750 446 3806 tectus
469 3754 523 3805 est.
544 3750 616 3805 curu
638 3749 717 3805 enim
732 3748 908 3821 spiraculum
927 3748 977 3803 bo·
1029 3750 1139 3823 judicat
1153 3755 1186 3806 ut
1205 3751 1318 3823 iustum
1339 3756 1396 3821 est;
1417 3752 1496 3825 qrrod
1515 3755 1603 3807 homo
1624 3766 1683 3808 non
1705 3751 1781 3818 iacit,
1813 3768 1884 3823 qao-

127 3840 214 3896 minis
230 3856 246 3895 a
260 3840 318 3895 lieo
332 3838 467 3907 mittitur,
487 3838 566 3893 idem
584 3837 760 3910 spiraculum
773 3842 802 3894 et
816 3854 882 3894 caro
900 3852 977 3893 nnus
1031 3838 1109 3894 niam
1129 3836 1160 3894 in
1183 3853 1256 3912 ruge
1278 3844 1462 3912 peccatorum
1488 3845 1642 3913 conceptus
1663 3844 1692 3895 et
1717 3845 1801 3895 natus
1826 3844 1880 3896 est.

127 3929 216 3984 {aomo
254 3926 386 3983 allicitur.
422 3926 546 3982 Verbum
588 3930 686 3983 autem
720 3927 771 3982 Dei
799 3942 832 3982 ex
864 3926 977 3981 inarata
1031 3926 1076 3984 Sic
1092 3928 1166 3983 Deus
1187 3928 1337 4001 rotundus,
1354 3932 1425 3985 rotas
1447 3928 1549 3985 similis
1567 3933 1619 3999 est,
1642 3928 1738 3984 omnia
1757 3930 1883 3985 creando

127 4032 213 4071 carne
231 4016 357 4087 Virginis
391 4014 498 4086 absquo
527 4014 609 4071 omni
638 4016 731 4071 calore
755 4013 883 4071 incendii
912 4031 975 4070 car·
1033 4020 1062 4070 ot
1084 4014 1160 4070 bona
1183 4016 1314 4085 volendo,
1352 4032 1385 4073 ao
1414 4018 1489 4073 bona
1526 4016 1710 4088 perficiendo.
1744 4014 1883 4073 Voluntas

127 4120 194 4159 nem
226 4103 392 4175 assumpsit,
422 4102 464 4159 ita
496 4108 527 4159 ut
558 4103 683 4160 Verbum
712 4103 837 4159 Verbum
868 4103 913 4174 sit,
947 4106 976 4157 et
1033 4102 1110 4159 enim
1135 4104 1186 4159 liei
1199 4104 1297 4160 omnia
1312 4105 1487 4177 praeparavit
1506 4121 1572 4177 quae
1590 4104 1714 4162 Verbum
1730 4104 1781 4159 Dei
1800 4120 1882 4160 cree-

127 4208 195 4248 caro
213 4208 292 4261 caro,
308 4197 338 4248 et
360 4207 451 4248 annm
476 4192 542 4263 sint,
569 4192 637 4265 qnia
661 4192 786 4249 Verbum
812 4192 891 4265 quod
914 4191 976 4247 sine
1029 4191 1078 4247 rit.
1094 4192 1193 4248 Omnis
1210 4192 1307 4265 itaque
1327 4193 1414 4249 bomo
1436 4194 1487 4265 qui
1509 4194 1601 4249 Deum
1624 4193 1707 4248 timet
1729 4198 1758 4248 et
1774 4192 1880 4265 diligit,

126 4284 258 4351 tempore
277 4285 343 4336 ante
362 4284 491 4353 tempora
514 4282 546 4337 in
567 4281 650 4337 Patre
664 4281 730 4349 luit,
750 4297 780 4336 ss
793 4296 853 4336 non
868 4280 974 4337 imma·
1029 4278 1122 4335 uerbis
1136 4279 1197 4336 istis
1217 4280 1399 4337 devotionem
1419 4281 1514 4337 cordis
1538 4282 1582 4336 sui
1604 4280 1724 4353 aperiat,
1741 4294 1775 4335 ac
1797 4296 1832 4334 ee
1852 4285 1883 4335 et

128 4368 209 4438 tavit,
222 4369 271 4425 sed
288 4373 400 4426 tantum
413 4386 529 4425 carnem
543 4369 645 4426 induit.
1029 4367 1203 4424 adsalutem
1225 4384 1380 4441 corporum
1402 4373 1432 4425 et
1454 4369 1618 4425 animarum
1643 4367 1795 4423 hominum
1822 4381 1882 4422 non

164 4458 229 4513 «m
243 4458 381 4514 habitarit
402 4458 434 4513 in
457 4457 551 4527 nobis,
575 4475 590 4511 a
615 4455 754 4531 quoniam
772 4457 862 4513 horno
883 4456 975 4513 lectus
1030 4456 1147 4529 quidem
1166 4456 1203 4511 ab
1215 4454 1344 4524 bomine,
1357 4456 1405 4513 ssd
1413 4472 1466 4529 per
1475 4473 1521 4514 me
1534 4456 1585 4531 qui
1601 4472 1665 4513 sum
1675 4456 1788 4529 prolata
1797 4455 1881 4511 sciat.
