3984 6034
99 189 169 243 {277
675 186 831 245 efllslcu.
850 216 882 230 ·-
898 188 965 244 LiB.
987 188 1018 257 V,
1038 188 1085 247 ula
1105 192 1269 249 pisciacus.
1783 200 1851 255 1278

96 323 223 391 ciuntur,
239 326 268 378 et
280 322 321 378 sic
332 322 510 378 comedendo
527 320 616 385 loedlt,
633 338 664 377 ac
673 338 769 391 rapum
785 324 846 396 ejus
861 322 943 395 qnasi
961 325 1074 381 dolam
1088 325 1191 399 diligit,
1209 344 1241 383 ac
1255 328 1285 383 in
1299 327 1422 385 fundum
1436 346 1576 402 aquenum
1590 336 1619 387 et
1632 331 1663 387 iu
1678 338 1850 389 stercoream

6 475 7 498 ¹
96 426 242 466 venenum
266 416 320 481 est,
334 410 471 483 quoniam
494 426 584 482 mena
604 410 695 483 ipsius
715 428 731 466 a
749 427 779 467 se
793 412 949 468 difficiliter
1002 418 1108 471 terrum
1124 416 1552 488 quasdamherbulascomedit,
1569 425 1598 476 et
1613 420 1850 494 iudeimpiugua·

96 500 225 569 separari
248 502 393 571 potarunt,
421 506 449 555 et
472 500 563 571 magis
587 500 734 569 gebrechen
760 507 836 569 snut,
859 516 947 573 quam
1001 508 1050 558 tur
1074 508 1104 559 et
1126 504 1233 560 munda
1252 520 1357 577 pascua
1372 508 1485 578 querit.
1505 509 1536 563 Et
1550 513 1703 581 postquam
1718 509 1754 565 de
1775 516 1846 567 ster·

97 587 179 643 cibus
193 589 322 643 sanitatis
342 588 391 661 (1).
933 620 937 625 ·
1001 607 1066 647 core
1079 591 1225 663 fatigatur,
1241 592 1276 649 ad
1296 594 1451 665 puritatem
1472 613 1553 667 aquae
1573 598 1707 665 ascendit,
1729 604 1757 654 et
1770 599 1801 654 in
1816 616 1849 655 ea

226 676 288 734 Cau.
307 678 351 733 xl.
373 708 402 717 -
421 677 460 732 lia
480 678 608 733 Csauoua
624 679 662 751 (2)
682 678 737 750 (111,
760 678 814 753 11].
1001 692 1030 731 se
1051 676 1134 731 lavat.
1171 678 1203 733 Et
1226 684 1381 743 comestus,
1406 694 1459 733 nec
1483 696 1594 746 sautum,
1620 698 1674 738 nce
1700 681 1848 739 infirmum

134 764 171 835 (3)
187 767 275 835 Carpo
290 768 355 837 plus
373 768 482 822 calidus
497 772 539 822 est
554 784 641 839 quam
663 766 797 839 frigidus,
820 773 847 823 et
868 767 945 824 diem
1001 766 1146 821 hominem
1170 767 1294 822 multum
1308 767 1396 823 laedit.
1423 770 1456 823 at
1477 770 1559 839 juxta
1578 770 1660 825 littus
1676 766 1796 827 rubeam
1820 780 1849 828 el

95 852 189 923 magis
207 854 303 925 diligit
325 871 412 927 qaam
435 864 560 922 noctem,
580 857 743 911 etcalorem
760 856 899 929 paludum
914 855 944 911 in
1000 854 1156 909 stechelecht
1178 854 1296 909 herbam
1317 855 1441 911 comedit
1456 856 1492 911 de
1518 872 1576 929 qua
1595 872 1721 927 wanges·
1735 860 1777 913 llt.
1793 860 1847 916 Sed

96 957 128 994 se
156 941 253 1011 habet,
276 948 363 1013 atnoe
384 945 420 999 de
448 943 602 1015 paludibus
629 943 733 1000 molles
758 950 787 1000 et
815 944 946 1000 infirmas
999 956 1065 997 cum
1078 942 1186 1011 leychen
1200 943 1272 1011 vult,
1286 944 1453 999 cavernulas
1467 945 1580 1016 quaerit,
1596 951 1624 1002 et
1638 946 1668 1001 in
1683 947 1846 1015 eisiepcdct,

95 1044 197 1082 carues
210 1034 299 1086 tenet.
315 1032 349 1085 let
370 1031 400 1086 in
425 1032 465 1086 eis
486 1048 591 1105 pascua
605 1032 717 1104 quaerit,
741 1048 775 1089 ac
790 1033 822 1087 iu
843 1049 946 1104 spuma
1000 1034 1029 1085 el
1051 1031 1086 1086 da
1109 1033 1260 1087 cavernula
1277 1032 1427 1103 inaquam
1449 1034 1560 1102 lcpcltet,
1583 1050 1678 1089 secum
1700 1036 1799 1100 trahil,
1820 1041 1849 1091 et

94 1132 238 1187 aquarum
256 1118 382 1174 libenter
398 1125 535 1175 cenatur.
558 1122 591 1177 lit
608 1137 674 1177 caro
688 1121 751 1192 ejus
763 1137 833 1178 seno
849 1122 944 1177 homi-
999 1118 1085 1174 aliam
1105 1121 1286 1175 cavernulam
1309 1120 1406 1188 intrat,
1428 1127 1457 1176 et
1471 1121 1558 1177 etiam
1572 1122 1602 1177 in
1623 1121 1672 1178 illa
1692 1122 1804 1193 leychet,
1819 1127 1849 1177 et

96 1204 128 1257 ni
148 1204 179 1258 in
201 1206 378 1263 comestione
401 1222 459 1263 non
482 1213 576 1277 nocet,
599 1208 748 1265 infirmum
772 1215 868 1265 autem
890 1210 944 1266 ali-
998 1208 1038 1262 sic
1063 1208 1098 1263 de
1123 1210 1276 1265 cavernula
1304 1210 1408 1265 transii
1426 1210 1496 1265 dum
1522 1226 1608 1266 omne
1631 1211 1740 1279 petepel
1761 1226 1846 1265 suarm

94 1297 238 1362 quantum
262 1295 348 1351 ladit.
373 1298 406 1351 ut
423 1297 473 1369 qui
498 1313 585 1352 mons
609 1302 661 1366 ast,
683 1298 778 1353 radicis
800 1303 829 1353 et
848 1313 944 1366 rogam
999 1296 1115 1368 amittit,
1134 1313 1167 1353 ae
1193 1298 1337 1354 masculus
1362 1299 1485 1370 desuper
1507 1298 1610 1366 laudii,
1636 1304 1664 1353 et
1679 1299 1719 1353 sic
1734 1298 1846 1353 semina

93 1379 322 1451 ejuscomedere
337 1389 440 1455 potest,
458 1385 592 1443 infirmus
606 1391 702 1441 autem
726 1402 785 1443 ηοη
798 1388 943 1442 comedat.
998 1400 1050 1439 sua
1073 1384 1190 1440 vitalem
1216 1401 1312 1441 aerem
1338 1386 1490 1457 recipiunt.
1509 1385 1561 1441 Sed
1584 1384 1660 1457 quod
1686 1384 1738 1440 iste
1763 1385 1846 1456 piscis

94 1468 149 1523 Sed
171 1466 249 1523 idem
266 1470 351 1542 piscis
372 1472 519 1528 interdum
542 1474 572 1529 in
590 1490 693 1544 puram
713 1490 818 1547 aquam
843 1480 894 1531 nat
915 1482 945 1532 st
996 1471 1197 1544 aliquandoin
1217 1473 1300 1546 aquis
1317 1474 1449 1543 moritur,
1471 1474 1526 1528 hoc
1549 1473 1614 1528 ideo
1630 1472 1756 1545 estquis
1779 1488 1845 1527 cum

93 1556 125 1611 iu
140 1572 176 1611 ea
189 1573 220 1613 se
235 1559 349 1629 bachelt,
371 1567 400 1617 et
422 1566 490 1618 tuuc
505 1564 592 1619 etiam
605 1564 636 1619 in
650 1580 683 1619 ea
699 1564 813 1635 pascuis
827 1565 944 1620 mundis
999 1576 1119 1632 magnus
1140 1564 1218 1617 calor
1241 1562 1347 1617 ostatis
1375 1568 1425 1625 est,
1450 1563 1486 1618 de
1512 1562 1733 1634 tempestatibus
1759 1564 1788 1618 et
1811 1562 1846 1617 de

93 1645 228 1713 vescitur,
245 1651 274 1702 et
296 1648 337 1704 ibi
351 1649 438 1705 etiam
461 1652 497 1707 de
512 1666 596 1707 succo
616 1652 766 1724 cujusdam
786 1658 871 1709 terra
885 1658 943 1709 tra·
963 1650 1111 1722 gmaguis
1126 1649 1219 1705 ventis
1233 1654 1262 1705 et
1273 1652 1308 1706 de
1323 1650 1435 1723 maguis
1456 1650 1691 1707 inundationibus
1704 1664 1846 1721 aquarum

92 1732 148 1801 hit,
172 1741 202 1790 et
221 1737 362 1807 quasdam
393 1739 529 1795 herbulas
559 1739 601 1795 ibi
623 1741 758 1804 comedit,
778 1742 942 1813 dequibus
996 1753 1061 1808 quae
1080 1743 1149 1794 tunc
1179 1738 1252 1795 liunt
1280 1740 1360 1794 ualde
1394 1738 1478 1794 timet
1501 1744 1530 1795 et
1562 1739 1753 1811 angustiatur,
1776 1737 1846 1809 quia

92 1822 300 1881 fecunditatem
324 1827 436 1898 accipit.
462 1827 586 1884 Etcum
613 1833 727 1901 tempus
750 1829 839 1885 instat
863 1830 940 1901 quod
996 1826 1099 1881 molles
1117 1842 1217 1883 carnes
1238 1827 1334 1895 habet,
1356 1828 1398 1883 ita
1419 1828 1497 1899 quod
1514 1828 1611 1895 miani,
1628 1842 1693 1881 cum
1716 1826 1846 1885 tonitrua

92 1912 225 1981 leychent,
250 1915 452 1985 patlnsdesteyu
476 1916 592 1988 querit,
616 1922 646 1973 et
665 1917 707 1973 ibi
725 1933 784 1973 une
808 1922 941 1989 tempore
996 1914 1085 1977 audit,
1099 1916 1258 1971 cavernulis
1279 1917 1319 1971 ita
1333 1932 1363 1971 se
1377 1915 1485 1988 iuligit,
1500 1916 1576 1989 quod
1599 1930 1629 1971 se
1648 1916 1684 1971 ab
1699 1915 1740 1969 eis
1754 1920 1844 1971 extra·
1864 1926 1866 1932 ⁴

92 2000 207 2069 tepebat,
223 2004 349 2059 masculo
371 2020 422 2059 sno
447 2004 650 2076 subsequente,
665 2012 695 2061 et
708 2005 749 2061 ibi
770 2005 805 2062 ad
825 2006 940 2063 vitalem
995 2002 1064 2059 hers
1085 2020 1144 2059 ηοη
1158 2010 1264 2076 potest,
1279 2009 1308 2059 et
1322 2006 1376 2060 hoc
1395 2006 1481 2060 modo
1504 2020 1580 2077 serpe
1602 2004 1732 2059 moritur.
1749 2004 1803 2059 Sed
1820 2004 1844 2060 si

91 2090 280 2157 actamnisi
310 2092 474 2163 abigantur,
499 2093 658 2166 quiescunt,
696 2095 941 2166 quemadmodum
994 2090 1060 2161 quis
1079 2092 1160 2161 jecor
1181 2106 1267 2145 sitnm
1282 2106 1359 2163 eeepe
1375 2091 1544 2161 comederit,
1559 2090 1589 2145 in
1604 2090 1688 2145 corde
1711 2105 1763 2145 suo
1778 2106 1845 2145 con·

92 2176 171 2231 veliti
195 2178 244 2234 elii
268 2179 359 2251 pisces
376 2180 494 2236 iaciunt.
521 2183 556 2237 Et
583 2184 671 2238 homo
687 2184 738 2255 qui
754 2184 821 2253 dier
842 2183 940 2252 habel,
995 2180 1118 2234 forulus
1132 2184 1159 2233 et
1174 2178 1204 2234 iu
1229 2180 1375 2235 stomacho
1396 2196 1448 2235 suc
1473 2196 1560 2235 sanus
1584 2179 1648 2233 erit.
1664 2178 1773 2235 Caetara
1792 2192 1844 2231 au·

92 2264 134 2318 ila
158 2267 233 2337 quod
251 2267 370 2324 laedium
395 2270 566 2325 comedendi
588 2270 686 2338 habat,
709 2278 740 2326 et
762 2271 839 2344 quod
860 2273 942 2327 mbae
994 2270 1064 2335 tem,
1082 2284 1147 2339 quse
1171 2268 1201 2321 in
1216 2282 1249 2322 eo
1270 2273 1347 2336 sunt,
1363 2268 1399 2323 ad
1421 2268 1633 2324 medicamenta
1655 2282 1716 2321 ηοη
1738 2267 1841 2321 valent.

92 2353 120 2408 ei
146 2354 180 2410 in
209 2355 324 2412 fastidio
349 2363 401 2427 cst,
434 2354 543 2429 piscem
567 2358 650 2415 illum
677 2366 791 2432 coquat,
819 2365 849 2416 et
873 2366 942 2417 tunc
1150 2399 1215 2456 cff-
1237 2400 1301 2455 xlv.
1323 2428 1353 2441 -
1371 2400 1412 2454 ΒΕ
1434 2399 1532 2457 chuo
1552 2399 1599 2471 [lv
1632 2398 1672 2473 45]

92 2447 180 2513 caput
199 2444 261 2515 ejus
290 2446 411 2513 auferat,
435 2453 465 2503 et
481 2464 534 2519 per
558 2448 686 2503 medium
709 2447 829 2518 diuidat,
853 2454 883 2504 et
909 2449 941 2505 in
1600 2444 1607 2465 ’
1679 2440 1685 2455 ’

90 2547 160 2586 veru
176 2532 213 2588 ad
229 2532 329 2603 iguem
346 2540 473 2603 scateat
492 2537 533 2591 sic
551 2536 584 2591 in
598 2537 697 2592 vinnm
711 2542 811 2609 ponat,
831 2543 860 2594 et
872 2538 941 2593 huic
1032 2532 1117 2589 Kolbo
1136 2532 1255 2605 [Scollus
1268 2531 1325 2607 ed]
1346 2532 1453 2588 calidus
1477 2537 1520 2588 est
1534 2532 1584 2605 (7),
1608 2538 1637 2587 et
1661 2536 1774 2589 noctem
1799 2533 1842 2589 di·

89 2620 207 2675 tertiam
232 2628 343 2692 partem
367 2624 438 2679 acati
462 2624 559 2691 addat,
582 2630 612 2681 et
632 2626 778 2682 modicum
799 2627 894 2682 mellis
908 2626 941 2683 in
995 2621 1069 2693 ligii,
1093 2628 1122 2677 ct
1137 2622 1212 2677 circa
1235 2622 1356 2677 incudum
1380 2638 1521 2693 aquarum
1538 2626 1676 2688 versetur,
1692 2627 1721 2677 et
1735 2623 1764 2678 in
1784 2624 1844 2695 qui·

90 2708 137 2763 his
171 2710 335 2781 perfundat,
362 2718 392 2767 et
415 2713 457 2767 sic
484 2718 617 2785 peretum
642 2730 719 2788 saepe
744 2715 884 2784 comedat,
912 2720 941 2771 et
994 2711 1115 2767 busdam
1135 2712 1293 2767 immundis
1308 2712 1420 2783 pascuis
1436 2710 1569 2779 rescitur,
1588 2711 1776 2766 eluecsanis
1790 2728 1844 2767 uec

87 2797 160 2864 fiber
181 2798 214 2853 in
231 2814 267 2854 eo
286 2800 418 2867 cessabit,
439 2818 472 2856 ac
488 2801 641 2866 ‚fastidium
662 2804 833 2861 comedendi
854 2806 940 2876 depo·
994 2799 1117 2855 infirmis
1133 2800 1298 2856 hominibus
1317 2800 1442 2855 multum
1465 2800 1540 2855 valet
1560 2800 1594 2855 ad
1619 2800 1841 2867 comedendum,

89 2888 149 2938 net.
165 2884 274 2941 Caetera
288 2893 385 2945 autem
401 2905 465 2962 quae
481 2889 512 2946 ia
533 2907 567 2948 ao
587 2892 708 2949 suntad
728 2892 940 2949 medicamenta
994 2888 1062 2961 quia
1086 2904 1186 2944 succus
1200 2890 1262 2960 ejus
1284 2888 1419 2943 infirmus
1441 2890 1622 2944 catilinam
1638 2888 1740 2957 leychet
1754 2904 1844 2961 grana

91 2986 152 3027 ηοη
166 2975 290 3031 multum
302 2978 407 3034 valent.
958 2956 979 3013 C
994 2984 1088 3034 suaet
1102 2978 1207 3034 iterum
1231 2978 1262 3033 in
1283 2977 1341 3033 alio
1362 2977 1499 3046 folliculo,
1514 2978 1584 3033 dum
1608 2978 1731 3047 pecuale
1758 2992 1843 3032 suum

187 3073 191 3079 ‘
220 3063 284 3119 Cau.
303 3066 357 3121 xil.
372 3096 407 3109 -
424 3068 466 3123 lla
485 3069 592 3126 Bessus
612 3070 652 3143 (1)
672 3069 730 3142 (111,
754 3074 808 3140 11).
993 3072 1085 3124 mlum
1101 3064 1217 3134 emittit,
1242 3070 1270 3121 et
1289 3065 1386 3121 statim
1409 3063 1552 3121 masculus
1575 3064 1662 3133 adest,
1692 3070 1720 3120 et
1741 3080 1774 3119 ex
1792 3080 1850 3121 ore

128 3150 166 3221 (5)
181 3150 299 3207 Bresma
308 3154 399 3210 calida
408 3162 452 3211 est
461 3159 553 3229 magis
562 3174 650 3231 quam
657 3159 770 3232 frigida,
783 3164 812 3217 et
823 3174 939 3215 succum
993 3172 1045 3211 suo
1061 3170 1193 3228 spumam
1212 3154 1336 3226 desuper
1353 3153 1469 3220 emittit,
1491 3158 1519 3209 et
1533 3152 1578 3209 his
1592 3153 1689 3226 granis
1705 3154 1842 3223 adhaeret,

92 3241 177 3293 tarra
188 3238 220 3293 iu
233 3256 263 3295 se
281 3240 378 3310 habet,
393 3250 423 3299 et
435 3247 512 3300 circa
522 3247 644 3303 laudum
658 3265 801 3320 aquarum
816 3248 940 3305 libenter
992 3261 1086 3319 usqua
1108 3245 1178 3301 dum
1199 3244 1293 3299 vitalia
1309 3258 1360 3298 aer
1378 3259 1411 3297 ea
1427 3247 1532 3300 movet.
1551 3243 1583 3297 Et
1596 3243 1733 3315 quoniam
1749 3243 1843 3313 pisces

91 3331 230 3394 versatur,
251 3334 281 3385 et
301 3335 407 3387 terram
430 3332 576 3390 interdum
603 3337 738 3403 comedit,
768 3344 797 3393 at
822 3345 938 3393 noctem
992 3336 1040 3390 isli
1064 3350 1168 3406 spuma
1190 3334 1309 3389 maseuli
1331 3334 1532 3404 coagulantur,
1548 3337 1581 3387 ut
1604 3332 1772 3403 praedictum
1788 3338 1841 3400 est,

91 3413 197 3485 diligit,
213 3433 245 3472 ac
264 3418 294 3473 in
313 3420 466 3491 splendore
479 3423 557 3478 luuoe
577 3440 608 3479 sa
626 3425 738 3492 bechelt,
756 3433 786 3481 et
804 3426 870 3481 ideo
887 3441 939 3481 nec
992 3424 1122 3479 infirmas
1148 3440 1248 3478 carnes
1262 3423 1379 3488 habant,
1397 3438 1448 3477 nec
1472 3421 1668 3477 comedentem
1692 3420 1842 3476 hominem
1931 3456 1938 3463 -

91 3504 168 3559 sanis
187 3522 239 3561 uec
256 3507 380 3565 infirmis
411 3511 447 3566 ad
473 3512 685 3569 comedendum
706 3514 830 3569 multum
853 3514 937 3583 ualet,
992 3510 1027 3566 ad
1052 3509 1255 3565 sufficientiam
1288 3515 1427 3565 recreant.
1457 3509 1536 3576 Quod
1565 3516 1660 3565 autem
1692 3525 1724 3563 ex
1752 3509 1842 3563 altera

91 3593 139 3648 sed
161 3598 258 3649 nmen
272 3612 339 3651 eum
361 3615 498 3671 superare
518 3606 646 3671 possunt.
670 3601 724 3658 Sed
739 3608 768 3657 et
786 3602 861 3657 circa
880 3607 938 3657 ter-
992 3606 1074 3673 parte
1098 3600 1226 3670 corporis
1249 3598 1293 3653 eui
1316 3614 1416 3653 carnes
1438 3599 1498 3653 iere
1521 3613 1582 3652 nou
1605 3599 1722 3665 babent,
1745 3601 1841 3653 cutem

90 3696 153 3735 ram
167 3682 301 3753 quedam
315 3685 383 3741 folia
397 3686 554 3744 herbarum
569 3688 683 3761 quaerit,
697 3704 762 3761 quae
775 3688 939 3745 similitudi·
991 3693 1104 3744 tautum
1121 3704 1208 3760 super
1223 3687 1335 3757 spinam
1358 3691 1515 3753 extensam,
1531 3685 1586 3741 hoc
1609 3686 1673 3741 ideo
1695 3692 1748 3753 est,
1772 3684 1841 3757 quia

91 3784 156 3823 uem
172 3771 303 3827 bremium
319 3774 436 3844 babent,
460 3779 489 3830 et
502 3776 552 3833 illa
572 3777 709 3847 comedit,
725 3783 755 3832 et
770 3777 806 3833 ab
829 3778 871 3831 eis
885 3777 937 3833 loe-
991 3777 1015 3831 si
1036 3775 1075 3832 ibi
1098 3791 1198 3831 carnes
1219 3775 1367 3843 haberent,
1383 3790 1481 3829 carnes
1497 3774 1554 3829 illae
1570 3788 1721 3829 venenose
1746 3776 1841 3827 essent

90 3857 242 3927 cundatur,
258 3867 287 3916 et
297 3878 364 3931 cum
378 3871 493 3937 tempus
511 3882 596 3922 suum
612 3866 770 3935 advenerit,
787 3866 816 3921 iu
839 3882 939 3936 quam·
991 3866 1027 3920 ad
1043 3864 1261 3930 comedendum,
1284 3865 1363 3920 velut
1382 3878 1524 3918 venenum
1542 3863 1686 3917 laederent.
1707 3862 1738 3917 Et
1753 3862 1840 3917 etiam

90 3945 156 3999 dam
179 3950 284 4004 terram
309 3953 423 4022 leychet,
443 3959 473 4009 et
497 3959 627 4026 tempore
653 3972 705 4009 suo
730 3955 873 4009 masculus
894 3953 938 4008 lac
990 3952 1131 4023 incapite
1154 3968 1298 4009 venenum
1320 3957 1443 4023 gestant,
1459 3957 1487 4005 at
1502 3950 1566 4006 ideo
1587 3950 1738 4005 homiuem
1763 3949 1841 4004 laedit

90 4049 172 4088 strum
188 4036 312 4108 desuper
327 4040 430 4109 lundit,
447 4049 475 4098 et
490 4043 561 4098 illud
576 4043 615 4098 ita
629 4044 802 4109 custodiunt,
817 4042 887 4098 dum
901 4058 937 4097 en
990 4042 1156 4112 quicunque
1179 4041 1249 4095 illud
1272 4040 1443 4095 comederet.
1467 4038 1543 4095 idem
1565 4044 1661 4093 aulem
1688 4038 1774 4110 piscis
1803 4037 1840 4093 ad

90 4137 156 4176 aere
176 4123 265 4181 vitam
291 4129 421 4199 accipiat.
450 4131 485 4185 Et
507 4132 606 4201 homo,
632 4133 683 4204 qui
706 4133 875 4201 mopsuest
896 4135 938 4186 ast
990 4128 1163 4185 medicinam
1178 4144 1235 4184 non
1250 4130 1374 4185 multum
1388 4129 1472 4183 valet.

89 4210 222 4265 eumdem
242 4213 349 4286 piscem
364 4217 395 4272 iu
414 4234 490 4291 aqua
503 4227 618 4292 coquat,
633 4228 663 4277 et
679 4222 719 4276 sic
740 4220 771 4276 in
787 4227 866 4275 aceto
890 4235 936 4291 cy-

89 4299 168 4354 mino
197 4302 294 4358 addito
324 4306 449 4374 condiat,
470 4312 498 4362 ct
515 4310 599 4378 sulze,
626 4316 654 4364 et
685 4310 826 4381 comedat,
849 4251 976 4383 atqueD
1110 4270 1173 4325 ω’
1196 4269 1248 4324 xv·
1269 4298 1304 4309 ”“
1325 4269 1364 4325 ⁰⁸
1386 4268 1557 4340 1011111181
1577 4268 1635 4339 11111
1663 4267 1718 4343 161·

89 4390 251 4445 1111111111
265 4394 328 4463 ‘iffi
344 4410 360 4449 ⁸
374 4397 439 4451 111111
449 4403 477 4451 02
490 4397 569 4454 ftbfe
583 4405 733 4471 purgetur·
1027 4410 1132 4467 Foroba
1157 4410 1248 4482 magis
1277 4410 1312 4465 dc
1342 4408 1434 4465 calido
1461 4426 1549 4483 quam
1581 4410 1616 4465 da
1640 4409 1745 4482 frigido
1774 4424 1839 4463 aare

242 4483 698 4559 1111·11111·“1)111111111[111,
722 4488 778 4562 l3].
988 4506 1042 4569 eet,
1066 4506 1094 4555 et
1118 4505 1230 4555 noctem
1257 4498 1360 4570 diligit,
1384 4502 1411 4554 et
1444 4498 1519 4554 circa
1542 4498 1663 4553 lundum
1690 4498 1719 4552 in
1745 4497 1840 4553 brucl-

124 4568 209 4623 Eisua
230 4570 312 4642 [Elna
335 4571 393 4647 ed]
415 4573 451 4630 de
471 4574 576 4647 frigido
600 4591 666 4632 aere
689 4582 732 4633 est
752 4578 804 4652 (6),
826 4585 856 4636 et
881 4599 935 4638 no·
988 4604 1112 4645 weszern
1125 4595 1269 4657 veretur,
1284 4589 1333 4644 sed
1349 4594 1445 4642 tamen
1463 4603 1521 4642 nou
1545 4588 1670 4643 multum
1690 4587 1839 4641 immunde

111 4749 163 4828 ll)
176 4748 232 4829 lid.
257 4752 447 4809 brevissime:
469 4776 485 4805 α
507 4755 619 4813 Silurus
640 4757 676 4813 de
690 4758 783 4814 calido
796 4759 868 4822 §aare
881 4768 933 4821 est.
1025 4768 1053 4831 (1
1085 4768 1312 4837 sporuspaprue.

91 4820 118 4875 Sl
134 4835 199 4900 quus
214 4827 309 4903 erstem
331 4831 418 4907 caput
436 4827 498 4896 ejus
520 4828 834 4899 frequentercomedit,
850 4834 935 4889 dolo·
1036 4841 1051 4892 5
1084 4838 1132 4891 Ed.
1150 4854 1156 4891 :
1176 4859 1188 4887 ι
1214 4838 1331 4897 Bresma
1356 4836 1447 4891 calida
1474 4840 1527 4902 est,
1548 4842 1577 4891 et
1602 4852 1654 4891 nec
1678 4835 1764 4905 sanis,
1785 4852 1838 4891 uec

91 4906 148 4971 rem
173 4899 316 4963 incapite
346 4910 409 4965 ejus
431 4898 542 4966 excitat,
571 4903 600 4952 et
625 4900 694 4954 alias
722 4900 816 4982 febres
834 4902 865 4956 in
886 4906 935 4960 illo
987 4838 1160 4963 inirmisad
1182 4906 1391 4962 comedendum
1413 4907 1579 4964 salisvalel.
1599 4906 1633 4961 Et
1652 4906 1701 4978 qui
1726 4906 1756 4962 iu
1780 4912 1835 4989 sto·

89 4960 703 5107 {2001tkrglgurliffllgleaecsietrlebznsshtngguiffis
719 4986 792 5054 epus,
808 4988 860 5054 uec
880 4975 933 5057 lac,
988 4980 1090 5058 macho
1110 4980 1198 5046 dolel,
1221 4979 1298 5059 hunc
1324 4978 1432 5050 piscem
1452 4978 1483 5078 iu
1504 4994 1578 5049 equa
1601 4984 1715 5048 coquat,
1740 4980 1778 5047 at,
1800 4994 1837 5090 ⁰i]

691 5082 699 5111 ,
720 5056 789 5113 qura
804 5058 830 5097 as
852 5060 935 5115 quasa
989 5064 1067 5103 minc
1088 5054 1116 5104 et
1129 5057 1209 5105 aceto
1228 5050 1336 5117 addrto,
1356 5050 1502 5123 ,comedab
1519 5056 1546 5103 et
1568 5050 1748 5104 stomachum
1767 5066 1784 5103 a
1806 5050 1826 5103 b

90 5119 230 5243 veiieniim
246 5109 435 5247 ⁵i2⁰uiiarpie
986 5119 1381 5245 vorbee3dalghrepurgata
1404 5196 1470 5246 1-
1515 5190 1534 5247 d
1568 5194 1574 5205 '
1639 5194 1658 5247 's
1690 5190 1722 5247 'ec
1776 5190 1835 5246 εἰη

123 5249 148 5316 (3
178 5192 357 5319 amomo
371 5250 536 5316 caliduscet,
556 5253 582 5305 el
595 5265 658 5308 caro
672 5258 698 5307 et
717 5255 758 5310 lac
777 5263 802 5312 et
816 5260 935 5324 proculo
985 5190 1515 5333 -ininleunisiiiiqiiriniinenese
1548 5206 1574 5249 ει
1595 5206 1643 5261 qm
1678 5207 1693 5261 1
1723 5208 1754 5247 or
1786 5206 1800 5261 J

89 5330 183 5372 sonum
199 5321 333 5375 bominem
354 5324 384 5375 iu
406 5324 566 5377 comestione
586 5336 640 5378 nou
660 5332 774 5393 necout,·
793 5330 933 5397 infirmum
1024 5329 1062 5401 (7)
1080 5331 1139 5398 ud,
1166 5347 1213 5386 uec
1242 5336 1318 5387 sanie
1347 5350 1394 5390 nee
1418 5336 1535 5404 iulii-mis
1569 5333 1671 5389 homin.
1700 5335 1773 5390 unici
1798 5332 1836 5389 ed

88 5394 174 5467 cutem
193 5391 365 5461 aliquantum
380 5392 491 5448 ludent.
506 5394 589 5449 Homo
603 5399 705 5463 oulen,
718 5402 784 5466 etc,
799 5406 832 5454 ut
846 5399 931 5468 inira,
986 5402 1185 5457 comedendum.
1203 5403 1282 5468 Quod
1292 5408 1394 5473 cutem,
1414 5410 1481 5474 etc,
1497 5411 1528 5460 ut
1541 5405 1571 5461 in
1586 5405 1651 5461 eod.

88 5461 259 5516 intermedia
275 5464 421 5518 omittens.
1025 5472 1064 5543 (8)
1085 5474 1175 5531 Sulmo
1192 5476 1288 5527 trullo.
