3984 6034
91 244 142 294 eo:
733 239 878 296 sattius.
889 239 996 296 -tlit
1015 240 1035 306 Ι,
1058 239 1145 296 l'lslo
1164 241 1198 294 ll.
1792 241 1845 299 398

90 371 244 443 quoniam,
260 370 285 426 si
299 377 368 426 tuac
381 369 418 424 ed
444 370 593 426 diabolum
617 369 744 441 respicit,
760 385 833 442 opus
847 370 944 426 diabo
960 370 1099 442 lipsius,
1115 373 1192 444 quod
1217 371 1323 426 ilerum
1341 371 1378 426 vrb
1394 387 1520 428 amorem
1540 373 1668 430 liliorum
1682 373 1713 430 in
1728 375 1844 430 rectitu-

90 462 181 516 licum
202 464 348 532 operatur,
371 475 476 530 corpus
504 459 592 514 etiem
618 474 704 514 saum
726 459 943 530 contemptibile
996 461 1063 514 dine
1077 466 1105 514 et
1120 477 1176 516 uon
1198 461 1228 516 in
1251 461 1413 532 petulantia
1435 462 1498 516 lieri
1523 478 1580 516 non
1601 463 1781 534 prohibetur.
1799 465 1845 520 Sic

90 548 213 615 iaciens,
228 550 306 620 qnod
334 548 453 603 austrino
478 547 610 603 illicitum
626 553 678 602 ast.
705 547 752 602 llir
771 553 866 604 autem
895 563 943 602 se·
996 561 1088 618 genus
1114 549 1270 603 humanum
1298 549 1328 602 iu
1352 550 1551 620 procreatione
1571 550 1666 605 suain
1693 552 1843 608 honestate

89 637 315 709 eundumqued
331 653 397 692 eum
418 637 544 692 hurrrene
567 642 668 692 natura
691 637 782 701 docet,
811 637 841 691 in
864 635 943 691 lorti·
996 635 1132 691 humanae
1153 635 1310 708 disciplinas
1341 637 1496 709 procedere
1513 639 1637 708 positum
1654 646 1697 696 est
1714 657 1720 695 :
1738 648 1767 696 et
1785 657 1844 698 non

90 725 194 780 tudine
208 726 312 780 caloris
323 729 353 780 et
368 726 397 779 in
415 725 592 780 abundantia
613 724 731 781 seminis
763 726 807 780 sni
831 730 942 780 rectum
996 724 1069 779 sicut
1093 725 1290 796 veriloquium
1314 725 1467 781 stultorum
1497 726 1646 782 hominum
1673 729 1777 784 clamat
1798 729 1842 786 di·

90 814 203 869 iterio
231 829 320 869 uxore
349 829 401 868 sue
427 820 556 884 qureret3
583 820 612 869 et
638 814 692 870 hoc
718 829 782 869 cum
816 816 942 869 humana
996 811 1122 868 centium
1138 812 1191 867 sibi
1205 812 1315 868 licitum
1331 829 1393 868 esse
1409 814 1557 868 libidinem
1578 831 1660 870 sarem
1686 817 1843 873 secundum

90 901 246 974 disciplina
268 903 306 957 ob
327 902 455 958 studium
479 902 608 958 liliorum
632 902 725 958 iaciat.
751 902 807 958 Sed
829 905 944 958 nolout
996 901 1172 957 voluntatem
1216 917 1298 956 snam
1335 918 1477 966 exercere,
1509 903 1660 958 dicentes:
1697 905 1843 970 Quomodo

90 990 169 1046 idem
198 1008 272 1063 opus
294 993 345 1046 liat
378 993 409 1047 iu
433 993 614 1062 separatione
642 993 771 1047 mulieris
793 1009 859 1047 cum
881 993 942 1063 jam
995 1005 1147 1061 possumus
1173 1007 1225 1045 nos
1251 995 1309 1046 ῑειτν
1333 991 1490 1046 inhumane
1516 992 1721 1049 continerelO
1741 994 1840 1059 leomo,

90 1081 203 1136 tluxam
238 1081 388 1150 sanguinis
423 1081 468 1135 sui
492 1081 621 1151 patitur:
654 1080 733 1152 quod
760 1084 803 1136 cst
833 1083 942 1151 apertio
995 1078 1019 1132 si
1041 1079 1157 1149 respicis
1180 1079 1216 1134 ed
1245 1078 1401 1144 diabolum,
1425 1077 1484 1148 ipsa
1511 1085 1538 1134 te
1571 1081 1604 1134 ed
1621 1096 1706 1136 omne
1734 1085 1841 1138 malurn

91 1169 272 1224 occultorum
294 1169 490 1224 membrorum
514 1170 590 1225 uteri
610 1171 682 1241 ejus,
701 1185 738 1224 ne
759 1172 852 1224 husus
875 1185 941 1224 san·
995 1167 1100 1222 excitat
1118 1174 1145 1221 et
1161 1168 1308 1222 mortifero
1325 1183 1435 1222 veneno
1454 1185 1506 1222 arro
1531 1169 1722 1236 interlicit;si
1746 1178 1842 1227 eutem

91 1259 191 1328 guinis
213 1259 277 1328 ejus
297 1265 463 1328 susceptum
481 1274 581 1312 semen
596 1266 742 1313 oraturum
758 1258 897 1324 etluudet,
912 1263 943 1312 et
995 1255 1031 1310 ad
1050 1255 1139 1310 [leam
1163 1255 1259 1310 oculos
1290 1256 1375 1323 levas,
1400 1255 1461 1327 ipse
1477 1255 1528 1311 tibi
1543 1257 1716 1328 adjutorium
1733 1263 1843 1332 praebet

90 1348 132 1401 ita
151 1362 252 1401 semen
273 1347 396 1401 eiiusum
422 1347 682 1418 percenseamus
705 1346 941 1403 tuncmulieriu
995 1349 1025 1398 et
1037 1348 1064 1399 te
1078 1349 1188 1398 castum
1207 1343 1283 1398 lacit.
1308 1345 1408 1399 Neruae
1423 1345 1453 1399 in
1469 1361 1555 1416 opere
1571 1353 1621 1402 tuo
1637 1349 1728 1418 magis
1751 1349 1843 1404 libidi·
1913 1405 1916 1420 ,

91 1436 190 1490 dolore
225 1440 255 1490 et
292 1435 322 1489 in
356 1451 467 1490 carcere
493 1436 616 1506 positam
646 1437 750 1492 ridet:
778 1435 940 1506 portionem
996 1447 1061 1486 nem
1082 1449 1168 1504 quam
1192 1433 1351 1517 castitatem
1372 1433 1621 1504 appetislhlulier
1642 1437 1842 1507 virosuhjecln

90 1525 200 1579 scilicet
214 1524 321 1578 doloris
336 1531 436 1594 partus
458 1525 502 1578 sui
523 1530 655 1594 tangens,
679 1525 728 1579 sed
752 1525 805 1578 hoc
828 1526 941 1595 tempus
994 1527 1037 1575 cst
1059 1521 1088 1576 in
1115 1536 1174 1592 que
1198 1522 1258 1592 ipse
1288 1537 1386 1576 semen
1414 1537 1497 1576 suum
1523 1522 1655 1590 seminet,
1687 1524 1727 1578 sic
1753 1525 1840 1579 etiam

90 1612 198 1668 doloris
221 1612 251 1666 in
277 1613 396 1668 muliere
417 1629 475 1668 non
495 1612 768 1683 damn03quoniam
790 1612 941 1667 illudEvee
993 1615 1101 1666 terram
1123 1616 1259 1682 operetur
1296 1616 1327 1664 ut
1355 1609 1479 1665 leucium
1497 1611 1606 1666 alleret.
1640 1612 1776 1684 Nursquid
1799 1614 1843 1668 vir

90 1701 159 1756 dedi
179 1701 295 1772 quaudo
329 1700 357 1755 in
390 1706 475 1772 gustu
510 1700 589 1772 pomi
620 1706 768 1770 peecatum
800 1700 940 1770 concepit,
960 1671 1102 1755 Bterram
1138 1703 1282 1769 operetur,
1322 1705 1353 1752 ut
1379 1699 1475 1769 spinas
1511 1703 1539 1753 at
1565 1699 1687 1755 tribulos
1714 1701 1842 1773 gignat‘l

90 1790 169 1845 unde
184 1795 213 1844 et
226 1788 331 1844 mulier
350 1789 380 1844 in
395 1789 449 1843 hoc
462 1796 593 1860 tempore
614 1789 645 1843 in
660 1803 765 1860 magno
780 1787 941 1844 misericor·
995 1789 1192 1861 Nequaquam,
1208 1789 1256 1843 sed
1276 1790 1307 1842 ut
1321 1787 1441 1859 dignum
1469 1787 1592 1842 fructum
1612 1789 1668 1844 det.
1690 1790 1732 1845 lta
1753 1791 1842 1847 eham

90 1879 147 1933 diae
161 1879 290 1932 subsidio
308 1878 430 1932 levanda
457 1883 514 1944 est3
536 1879 600 1947 ipsa
621 1883 720 1932 enlm
742 1893 771 1931 se
795 1877 942 1932 contineat
994 1877 1050 1932 hoc
1072 1877 1199 1932 studium
1220 1874 1347 1930 huminis
1369 1875 1397 1930 in
1420 1891 1518 1931 amore
1536 1875 1664 1932 liliorum
1685 1885 1714 1933 et
1737 1896 1795 1934 non
1811 1880 1842 1936 in

91 2055 427 2127 templimeisearceet,
450 2054 501 2109 sed
525 2052 603 2109 lideli
629 2054 819 2125 permissione
844 2053 940 2126 ipsum
994 2055 1105 2126 plorate
1130 2059 1157 2108 et
1185 2054 1292 2108 ululate
1327 2053 1362 2108 ed
1392 2053 1484 2108 Deum
1512 2058 1638 2110 vestrum
1666 2072 1752 2123 quem
1781 2063 1841 2114 lam

91 2145 122 2198 in
146 2144 244 2200 oltlcio
274 2144 444 2200 hirmilitetis
471 2159 523 2214 pro
551 2145 642 2199 salute
669 2159 721 2198 sue
751 2143 939 2213 ingrediatur.
993 2141 1160 2212 {requenter
1184 2141 1214 2195 in
1239 2141 1361 2211 peccatis
1385 2142 1490 2196 restris
1509 2143 1701 2210 contemnitis,
1727 2161 1792 2201 cum
1810 2147 1840 2202 iu

91 2237 164 2302 Quia
186 2244 283 2293 autem
307 2253 411 2309 sponsa
438 2237 502 2292 Filii
533 2239 583 2293 liei
605 2254 721 2308 semper
751 2239 939 2310 integraret,
993 2230 1120 2302 pessime
1141 2229 1329 2286 fornicatione
1360 2245 1459 2285 semen
1482 2236 1607 2286 vestrum
1642 2231 1766 2302 ejicitis;
1800 2234 1839 2290 ibi

90 2327 145 2395 vir,
168 2325 276 2397 apertis
305 2326 484 2400 vulneribus,
508 2326 533 2380 si
562 2326 714 2397 integritas
741 2326 940 2381 membrorum
993 2335 1053 2375 nou
1075 2318 1167 2373 solum
1205 2319 1400 2384 fornicatores,
1431 2317 1482 2374 sed
1515 2319 1602 2374 eliam
1631 2326 1661 2375 et
1687 2321 1839 2378 homicidas

90 2413 154 2482 eius
191 2413 223 2467 in
258 2417 336 2468 tactu
372 2413 563 2484 percussionis
594 2413 684 2468 divisa
710 2419 764 2480 est,
798 2415 939 2485 templum
993 2407 1155 2474 existentes,
1180 2405 1247 2479 quia
1272 2412 1433 2477 respectum
1463 2407 1513 2462 liei
1540 2407 1663 2479 abjicitis
1686 2417 1714 2466 et
1742 2411 1839 2467 libidi-

91 2517 191 2556 menm
218 2501 272 2555 nisi
301 2517 369 2556 curu
404 2501 508 2556 timore
535 2517 648 2572 magnae
684 2502 861 2557 necessitatis
881 2517 940 2557 non
993 2511 1061 2552 nem
1081 2501 1204 2552 vestram
1228 2498 1385 2551 secundum
1409 2497 1585 2552 voluntatem
1610 2504 1731 2554 vestram
1759 2515 1838 2556 com-

91 2589 212 2644 intrabit
237 2605 273 2644 ne
301 2589 441 2657 videatur,
467 2590 541 2644 sicut
573 2591 686 2661 integra
704 2592 833 2646 membra
857 2591 938 2659 hbet,
994 2585 1087 2658 pletis.
1114 2586 1193 2641 Unde
1216 2586 1304 2640 eliam
1327 2585 1459 2640 diabolus
1484 2584 1515 2640 ia
1540 2586 1594 2641 lroc
1621 2602 1709 2656 opere
1727 2605 1840 2660 semper

91 2677 142 2748 qul
166 2679 307 2748 templum
333 2677 383 2734 liei
408 2678 472 2738 iuit.
494 2678 563 2734 Cain
588 2678 677 2732 irater
701 2695 770 2732 suus
786 2678 941 2734 crudeliter
992 2675 1177 2746 persequitur
1199 2689 1257 2742 ros,
1287 2673 1379 2728 sciens
1415 2671 1489 2744 qaod
1520 2675 1612 2746 magis
1635 2677 1841 2748 concarpiscen-

90 2765 189 2836 fregit.
204 2765 257 2821 Sed
274 2771 302 2821 et
323 2766 428 2822 mulier
449 2782 516 2822 cum
530 2767 641 2837 prolem
665 2767 821 2839 pepererit,
845 2767 941 2822 trectis
993 2761 1063 2816 tiam
1088 2765 1212 2816 vestram
1251 2760 1386 2831 appetitis
1415 2775 1502 2832 quam
1538 2762 1675 2832 gaudium
1714 2765 1839 2822 liliorum

90 2854 211 2909 occultis
240 2855 376 2910 membris
417 2855 486 2921 suis,
511 2856 652 2925 templum
676 2869 772 2910 meum
802 2871 860 2910 non
884 2854 940 2910 nisi
993 2850 1160 2922 inspicietis.
1190 2847 1292 2904 Audite
1328 2864 1396 2920 ergo
1429 2849 1529 2920 quiin
1556 2851 1685 2906 turribus
1712 2852 1839 2910 ecclesie

89 2942 248 2997 meandum
272 2943 367 3014 legem
392 2960 444 3015 per
474 2959 521 2999 me
542 2943 599 2998 sibi
622 2943 718 2999 datam
743 2944 938 3015 ingredietur;
958 2939 1071 3024 castis.
1094 2939 1128 2994 ln
1153 2937 1342 2993 fornicatione
1377 2941 1469 2992 νοεῖτε
1500 2937 1588 2993 nolite
1623 2955 1669 2994 me
1697 2955 1839 3009 accesere,

90 3039 235 3102 quatenus
271 3038 369 3087 sancia
399 3039 575 3088 sacramenia
596 3033 727 3104 ejusdem
754 3032 856 3104 templi
883 3034 939 3088 mei
993 3025 1043 3082 aed
1058 3026 1243 3096 vosmetipsos
1262 3023 1411 3096 inspicil03
1428 3025 1577 3096 quoniam,
1603 3042 1667 3082 eum
1692 3028 1841 3086 addinbo·

90 3122 127 3174 ab
149 3121 232 3175 omui
256 3121 417 3192 pollutione
443 3126 473 3175 et
492 3123 591 3176 dolore
621 3121 675 3176 viri
696 3128 727 3175 et
743 3121 871 3176 mulieris
894 3120 940 3176 in·
994 3116 1056 3172 lum
1069 3114 1182 3170 curritis
1205 3129 1251 3168 me
1272 3119 1500 3181 contemnentes,
1515 3115 1615 3170 illicite
1629 3131 1717 3186 opera
1739 3117 1841 3185 tacitis,

89 3208 237 3263 violabilie
264 3209 332 3274 sint,
357 3209 426 3280 quia
456 3210 559 3265 Filium
580 3210 940 3283 merrnipurissimavirgo
993 3203 1102 3260 ctideo
1127 3203 1267 3259 cestlesse
1291 3219 1350 3257 non
1373 3202 1468 3270 vultis,
1488 3208 1520 3256 ut
1544 3219 1642 3260 servus
1662 3221 1741 3261 meua
1771 3207 1842 3262 Osee

90 3298 216 3368 genuit:
244 3296 435 3368 quaintegre
458 3299 566 3370 absque
589 3300 669 3353 nullo
694 3299 810 3354 vulnere
831 3296 941 3370 peccati
995 3293 1030 3348 de
1068 3291 1264 3348 contaminato
1299 3291 1408 3362 populo
1451 3291 1591 3363 loquitur,
1634 3292 1754 3348 dicens:
1779 3296 1842 3352 noa

90 3386 157 3440 init.
174 3386 265 3441 Locris
279 3386 358 3441 enim
379 3386 429 3458 qui
445 3387 474 3441 iu
490 3386 596 3441 bonore
619 3387 763 3457 Unigeniti
790 3387 848 3443 mei
871 3403 939 3443 con·
992 3380 1102 3436 dabam
1127 3379 1314 3453 copitalicner
1336 3396 1406 3436 euos
1428 3383 1461 3434 ul
1478 3383 1662 3438 revertantur
1684 3383 1723 3438 ud
1754 3385 1843 3438 Dmm

89 3480 219 3529 sacratus
240 3479 293 3541 est,
327 3475 439 3545 integra
475 3474 555 3530 omni
577 3476 761 3546 corruptione
781 3477 881 3531 livoris
907 3492 941 3532 ac
992 3485 1087 3536 auom,
1100 3470 1170 3541 qaia
1183 3467 1305 3540 spiritus
1325 3467 1530 3532 somicalt'om't
1543 3469 1577 3525 in
1590 3469 1801 3538 medioeorum,
1816 3473 1843 3527 tl

89 3561 220 3616 vulneris
249 3578 311 3616 esse
349 3562 444 3627 debet,
482 3564 619 3634 quoniam
653 3563 731 3618 idem
771 3564 941 3634 unigenitus
993 3558 1080 3612 Deum
1094 3573 1152 3611 nott
1164 3559 1356 3629 reputaverunt
1371 3557 1443 3628 (eae.
1456 3575 1483 3624 v,
1499 3558 1536 3626 l).
1551 3558 1629 3623 Quod
1645 3559 1749 3613 dicitnr
1765 3575 1772 3614 :
1790 3559 1843 3615 lda-

90 3665 176 3707 meus
189 3650 386 3722 integritatem
399 3650 524 3721 virginei
538 3657 638 3721 partus
656 3651 686 3706 in
701 3668 731 3706 se
755 3651 848 3718 novin
863 3650 940 3706 unda
994 3644 1066 3715 ligni
1076 3645 1208 3700 homiues
1226 3646 1317 3700 lteum
1331 3661 1389 3700 non
1403 3651 1607 3716 cognoscentes
1630 3646 1731 3702 ieciem
1746 3647 1843 3701 cordis

90 3745 120 3794 et
144 3739 249 3794 mulier
280 3755 345 3810 quae
367 3739 562 3810 integritatem
589 3740 762 3811 virginitatis
789 3756 850 3796 sure
873 3756 939 3796 cum
994 3732 1040 3788 sui
1062 3733 1250 3801 abscondunt,
1275 3749 1334 3788 non
1362 3737 1561 3788 convertentes
1584 3748 1648 3788 eam
1673 3734 1702 3788 in
1723 3734 1842 3790 diversis

89 3828 153 3883 viro
178 3829 318 3900 corrupit,
347 3829 378 3882 iu
401 3827 491 3884 livore
526 3828 619 3900 plagas
643 3845 703 3884 sues
728 3846 786 3901 que
807 3833 941 3899 corrupta
993 3821 1218 3877 involutionibus
1240 3821 1461 3877 machinationis
1480 3837 1538 3877 suae
1554 3826 1587 3876 ut
1602 3822 1723 3878 redeant
1738 3822 1772 3877 ad
1792 3837 1842 3877 ve-

89 3921 133 3972 est
156 3917 193 3972 sb
224 3916 357 3988 ingressu
383 3917 484 3988 templi
521 3917 579 3972 mei
605 3933 636 3972 se
655 3917 811 3986 contineat,
848 3933 940 3989 usque
994 3927 1057 3967 rem
1080 3911 1250 3979 claritatem,
1279 3911 1434 3984 perspicaci
1461 3910 1570 3966 scilicet
1591 3911 1673 3966 oculo
1704 3927 1764 3966 non
1786 3911 1843 3966 dis-

89 4005 160 4060 dam
197 4005 283 4077 plaga
316 4005 443 4060 vulneris
479 4004 572 4076 ipsius
612 4009 739 4074 muctar,
780 4005 939 4061 secundum
994 4006 1144 4056 cernentes
1167 4015 1232 4072 quea
1265 3999 1316 4055 Dei
1336 4005 1412 4064 sunt,
1436 4000 1485 4055 sed
1507 4000 1615 4055 malum
1636 4001 1666 4056 in
1681 3999 1842 4071 semetipsis

90 4093 170 4166 quod
197 4092 388 4149 ecclesiastica
411 4092 563 4163 disciplina
588 4092 645 4164 ipsi
668 4095 703 4150 dp
731 4094 831 4150 eadem
855 4110 942 4149 eausa
994 4086 1141 4154 nutriunt;
1175 4086 1311 4159 quoniam
1337 4087 1445 4142 allletio
1470 4086 1626 4158 petulantis
1649 4085 1843 4143 immunditiae

90 4181 251 4238 oerhssime
267 4185 454 4238 demonstrat.
471 4181 620 4238 Nemeum
635 4182 706 4238 Filio
720 4197 786 4238 mco
809 4182 841 4237 in
862 4182 941 4254 tigno
994 4189 1047 4246 per
1066 4174 1235 4231 diabolicam
1264 4176 1478 4247 suggestionem
1502 4175 1614 4231 virilem
1642 4175 1843 4232 tortitudinem

90 4271 185 4328 ornus
225 4286 332 4342 sponsa
366 4270 457 4342 ipsius
481 4271 633 4343 conjuncta
655 4272 765 4338 supper,
791 4271 864 4345 ipsa,
892 4287 940 4327 m.
960 4265 1084 4335 liquam
1095 4264 1125 4318 in
1140 4280 1169 4319 se
1182 4263 1288 4319 babere
1307 4264 1446 4320 deberent
1459 4264 1581 4326 emollit.
1610 4265 1778 4321 nonsiuens
1794 4281 1843 4322 eos

90 4377 148 4435 qus
171 4360 242 4415 dum
272 4360 360 4414 Filius
387 4375 470 4415 meurs
496 4359 643 4431 discipulis
670 4360 730 4416 suis
756 4359 893 4433 precepit
909 4365 941 4416 ut
995 4353 1070 4408 utin
1087 4355 1175 4408 Delam
1189 4353 1295 4409 bonam
1311 4351 1516 4408 conscientiam
1532 4369 1613 4408 suem
1639 4359 1758 4425 ponant,
1776 4370 1842 4409 curu

88 4449 211 4505 veritate
225 4448 373 4521 Evangelii
386 4452 543 4520 partotum
557 4448 698 4505 mundum
710 4448 939 4516 disseminarent,
993 4440 1174 4498 adversarius
1207 4441 1286 4513 ipsos
1314 4458 1332 4495 a
1366 4439 1425 4495 vila
1459 4440 1602 4496 lelicitatis
1637 4444 1748 4498 evertit.
1787 4442 1842 4499 Sed

89 4539 121 4593 in
149 4537 262 4592 occulto
287 4529 324 4590 se'
339 4536 493 4604 continuit,
521 4553 553 4591 ac
578 4536 681 4593 deinde
698 4542 797 4610 aperte
816 4537 941 4594 surrexit
994 4545 1073 4586 nunc
1101 4531 1136 4585 ad
1172 4529 1385 4586 amantissimas
1409 4545 1474 4584 oves
1501 4545 1579 4586 meas
1609 4547 1674 4602 quae
1697 4531 1728 4586 in
1756 4533 1842 4588 corde

90 4630 121 4679 et
141 4622 265 4696 gloriam
293 4623 392 4696 sponsi
419 4624 465 4677 sui
492 4623 521 4677 in
554 4624 741 4695 generatione
769 4625 888 4697 spiritus
911 4629 940 4679 et
994 4635 1060 4675 meo
1083 4619 1216 4691 plantate
1232 4623 1298 4674 sunt
1314 4634 1360 4673 me
1388 4623 1562 4685 convertam,
1586 4635 1684 4674 semen
1705 4621 1842 4676 castitatis

90 4711 284 4784 squepatun
299 4711 475 4782 predicavit.
500 4711 546 4767 Sic
564 4711 698 4783 etvirgo,
713 4712 855 4784 querire
870 4728 939 4767 con·
995 4707 1163 4776 existentem
1201 4706 1349 4779 virginitas
1389 4707 1467 4762 enim
1489 4723 1542 4778 per
1563 4723 1609 4763 me
1633 4708 1760 4780 plantata
1788 4713 1841 4778 est,

85 4801 232 4874 jungitur,
263 4801 348 4856 iaciat
379 4815 442 4855 curn
480 4800 586 4873 pudica
625 4801 734 4856 scilicet
768 4802 941 4857 verecundia
995 4796 1064 4869 quie
1083 4796 1169 4852 etiarn
1197 4795 1283 4850 Filius
1312 4812 1393 4851 meus
1417 4795 1452 4850 de
1481 4796 1591 4868 virgine
1620 4801 1704 4853 uatus
1729 4801 1780 4852 est.
1810 4799 1843 4854 Et

88 4905 183 4962 usqne
204 4888 241 4943 ad
263 4895 379 4960 tempus
394 4889 465 4944 illud
485 4888 561 4960 quod
585 4888 640 4944 sibi
663 4890 852 4946 ecclesiastice
878 4906 941 4945 cen·
994 4887 1058 4944 ideo
1094 4884 1243 4956 virginitas
1282 4889 1325 4939 est
1361 4883 1589 4955 pulcherrimum
1617 4901 1738 4956 pomum
1767 4887 1844 4942 inter

88 4995 158 5034 sara
177 4977 330 5049 proponit;
354 4979 385 5032 iu
406 4978 518 5033 occulto
543 4983 667 5047 maneat,
689 4985 719 5034 et
747 4978 802 5034 hoc
825 4983 940 5050 peracto
994 4974 1094 5030 omnia
1119 4987 1204 5044 poma
1221 4971 1404 5041 convallium,
1417 4977 1446 5026 et
1469 4988 1574 5042 magna
1593 4989 1717 5044 persone
1730 4974 1760 5029 iu
1780 4991 1844 5029 om·

89 5068 126 5123 de
155 5065 344 5121 occultatione
370 5081 422 5120 sua
450 5081 480 5120 se
507 5066 683 5122 transierens
707 5067 743 5123 ed
756 5066 939 5122 dilectionem
995 5063 1080 5119 nibus
1109 5062 1238 5134 personis
1265 5077 1330 5134 quse
1360 5062 1390 5116 ia
1420 5060 1524 5133 palatio
1548 5060 1739 5118 indeficientis
1767 5062 1844 5134 regis

89 5152 189 5226 sponsi
203 5152 259 5218 sui,
276 5156 375 5223 aperte
390 5153 536 5222 procedat.
995 5158 1071 5221 sunt,
1088 5151 1226 5224 quoniam
1242 5151 1304 5222 ipse
1332 5155 1475 5222 praecepto
1495 5149 1566 5221 legis
1589 5150 1700 5206 subdita
1716 5167 1775 5206 non
1790 5157 1842 5220 est,

126 5241 201 5297 Nolo
223 5240 310 5296 etiam
334 5246 368 5296 ut
389 5240 560 5312 praedictum
584 5256 658 5312 opus
679 5239 732 5295 viri
757 5256 790 5296 ac
810 5240 945 5297 mulieris
996 5241 1065 5313 quia
1092 5240 1272 5313 unigenitum
1301 5255 1399 5295 meum
1421 5238 1530 5294 mundo
1549 5239 1645 5295 edidit
1664 5240 1845 5313 Quapropter

91 5332 261 5388 exaecatur
303 5345 371 5385 cum
401 5331 462 5402 jam
489 5329 569 5385 radia
602 5329 739 5385 infantuli
762 5329 793 5384 in
820 5319 942 5386 muliere
995 5328 1114 5384 audiant
1129 5329 1179 5402 qui
1203 5329 1305 5384 Filium
1330 5326 1380 5383 Dei
1408 5328 1490 5398 sequi
1513 5328 1611 5383 volunt
1628 5329 1660 5383 in
1680 5328 1846 5386 innocentie

91 5419 188 5493 posite
202 5424 255 5487 est,
272 5435 307 5474 nc
320 5417 484 5491 coagulatio
504 5418 640 5474 infantuli
653 5417 817 5490 surperllao
832 5423 862 5474 et
876 5433 942 5490 per·
996 5416 1094 5474 liberae
1120 5417 1257 5474 castitatis
1280 5421 1310 5472 et
1332 5415 1364 5471 iu
1389 5415 1567 5490 separatione
1587 5417 1735 5474 moemutis
1751 5417 1847 5476 vidui·

92 5509 155 5566 dito
169 5507 281 5563 umine
294 5505 548 5580 polluatarnsque
567 5506 604 5563 ad
618 5506 821 5579 purgationem
842 5513 944 5580 partus
996 5505 1077 5573 tetis;
1108 5505 1245 5578 quoniam
1269 5505 1395 5561 nobilior
1418 5509 1461 5562 est
1484 5504 1632 5578 virginitas
1656 5522 1715 5563 non
1736 5508 1847 5580 pollute
