3984 6034
143 153 195 209 'ldd
881 152 909 207 S.
930 149 1166 207 lllbDliGAliDlS
1837 151 1894 205 ‘ret

142 301 241 343 versus
273 283 496 355 septentrionem
524 282 625 339 eudem
657 282 838 355 longitudino
858 284 894 340 ad
915 283 987 339 lines
1006 282 1257 339 Alicetsauctitas
1281 283 1375 340 elide
1402 284 1439 339 ad
1468 284 1678 356 plenitudinem
1705 285 1894 355 perfectiouis

142 390 209 430 suos
220 373 403 445 pertingunt:
1043 388 1106 444 quse
1126 372 1203 427 iuter
1220 371 1356 429 timorem
1380 372 1495 428 Domini
1509 378 1540 429 et
1559 374 1739 444 corporalem
1763 373 1889 429 tribula·

142 477 538 550 Quurecupitus'stus'nrotu
556 476 595 532 αι
615 475 772 558 imaginem
791 476 918 533 homini,
929 474 989 549 spi.
1042 459 1154 516 tiouem
1169 467 1213 515 est
1230 477 1260 516 sa
1274 462 1461 533 prolongans,
1479 467 1511 517 ut
1529 476 1617 532 supra
1635 460 1743 517 dictum
1758 467 1814 531 est,
1831 477 1893 516 uno
1979 469 1980 534 g

177 552 241 605 rent
270 554 297 605 et
320 546 442 605 morulis
466 546 621 620 descriptio
639 547 861 620 ιιριιιβιαιιοιιιι
879 562 988 604 eurem.
1043 548 1128 605 modo
1143 548 1306 621 aequalique
1319 549 1414 605 studio
1433 548 1636 620 exspirationis
1649 547 1754 604 uirium
1769 566 1892 605 suarum

177 639 271 694 llVlll.
296 637 457 710 Omniaque
481 638 575 707 capita
589 637 651 692 haec
665 637 696 691 in
713 637 862 707 praefatam
883 646 987 703 rotam,
1041 637 1190 693 homiuem
1203 637 1238 693 ad
1262 637 1458 693 beatiudinem
1480 642 1645 709 provocant,
1670 637 1740 709 quia
1759 638 1894 709 quamvis

142 734 171 781 et
183 728 218 781 ad
229 725 387 796 imaginem
401 727 475 781 hauc
488 725 614 780 hominis
628 726 747 797 spirant,
765 726 902 797 quoniam
911 725 989 781 venti
1043 726 1167 782 diversas
1180 726 1361 796 operationes
1382 726 1517 792 habeant,
1541 726 1579 781 ad
1603 741 1691 779 uuam
1710 730 1809 781 ιιιιιιιι
1823 726 1893 780 bea·

141 815 190 870 isti
217 814 332 869 flatibus
346 814 404 869 auis
424 815 566 870 muudum
586 818 758 886 temperant,
781 814 988 885 hominemque
1041 814 1196 869 titudinem
1225 815 1356 870 tendunt.
1380 815 1452 868 llam
1476 813 1565 869 virtus
1587 814 1676 868 attera
1696 815 1732 869 ah
1757 814 1892 869 alteraiu

142 903 301 959 ministerio
334 918 385 957 sno
417 902 452 957 ιιι
477 904 600 958 salutem
627 908 803 957 conservent
840 904 912 958 Nam
936 918 988 957 nec
1041 903 1209 975 operatione
1232 902 1414 957 rectitudinis
1444 902 1583 973 precedit.
1613 902 1774 974 Omniaque
1797 902 1895 973 capita

141 994 267 1047 mundus
281 992 458 1059 subsisteret,
475 1008 528 1046 nee
552 992 638 1047 homo
660 992 754 1047 rivere
768 996 874 1063 posset,
894 992 919 1046 si
933 992 988 1047 lla·
1041 990 1112 1059 haar,
1127 991 1157 1046 id
1178 995 1221 1044 est
1234 991 1355 1045 virtutes
1369 990 1431 1045 istae
1449 990 1481 1045 in
1502 990 1621 1045 scientia
1637 990 1689 1045 Dei
1707 995 1783 1055 sunt,
1799 991 1894 1046 scien-

141 1082 219 1135 tibus
246 1086 395 1135 venturum
419 1080 541 1135 istorum
564 1096 623 1135 non
651 1085 861 1151 vegetarentur.
887 1080 941 1136 Sed
960 1085 988 1135 et
1040 1078 1170 1151 tiamque
1195 1079 1246 1134 Dei
1272 1079 1436 1141 attendunt,
1463 1078 1633 1150 hominique
1656 1084 1715 1133 ιιιιι
1735 1078 1767 1133 in
1789 1094 1895 1149 corpo·

141 1170 308 1224 cumhomo
324 1168 355 1222 iu
370 1168 528 1224 intentione
552 1170 730 1224 animasum
757 1184 787 1224 ιι
802 1184 917 1225 sursum
931 1169 987 1223 eri·
1041 1168 1160 1236 ralihus,
1183 1184 1269 1239 quam
1294 1167 1324 1221 in
1347 1166 1524 1238 spiritalibus
1547 1167 1714 1223 necessariis
1723 1167 1817 1221 causis
1843 1184 1893 1222 as·

141 1258 194 1328 git,
212 1257 250 1312 ita
265 1264 297 1312 ut
312 1257 526 1312 malefactorum
543 1272 664 1312 suorum
679 1256 843 1312 meminerit
858 1262 990 1328 atquan-
1042 1254 1156 1311 sistunt.
1183 1256 1297 1311 Timore
1315 1253 1394 1310 esiim
1416 1254 1531 1311 Domini
1551 1255 1697 1311 homiuem
1722 1255 1893 1327 inspirante,

142 1346 179 1401 do
202 1346 304 1401 deinde
328 1345 467 1415 poenitere
490 1345 625 1417 disponit,
649 1345 731 1417 quasi
745 1362 832 1416 supra
852 1346 988 1401 verticem
1041 1344 1129 1399 honio
1143 1344 1206 1415 ipse
1228 1346 1317 1399 Deum
1339 1344 1431 1399 vereri
1452 1343 1604 1415 iucipiens,
1618 1344 1765 1416 sapienter
1786 1344 1896 1399 incedit

141 1432 219 1489 illins
237 1450 302 1489 cum
327 1434 427 1488 eadem
444 1433 604 1488 intentione
630 1432 757 1505 insigne
781 1434 847 1504 puri
861 1434 986 1503 retheris,
1041 1432 1118 1488 buna
1140 1438 1169 1488 et
1191 1438 1267 1487 recta
1299 1448 1387 1503 opera
1419 1433 1604 1503 perllciendo.
1631 1432 1747 1488 Fiducia
1776 1448 1896 1505 quoque

140 1522 228 1576 idest
249 1520 280 1574 in
293 1520 356 1591 ipsa
374 1520 544 1593 poenitentia
570 1520 643 1575 sicut
663 1504 816 1592 leopardus
831 1522 919 1577 timor
936 1523 989 1577 Do·
1042 1538 1100 1594 que
1111 1522 1198 1576 home
1221 1520 1252 1576 in
1275 1522 1365 1576 Deum
1380 1521 1509 1588 conlidit,
1525 1537 1592 1576 cum
1618 1521 1779 1577 constantia
1796 1522 1896 1593 ipsum

142 1608 213 1664 mini
233 1608 370 1681 exsurgit,
394 1608 444 1681 qui
468 1607 552 1680 quusi
573 1625 608 1663 ex
622 1624 671 1664 ore
685 1625 749 1675 suo,
773 1609 804 1665 id
818 1614 861 1664 est
875 1611 911 1666 de
929 1609 987 1665 vir·
1006 1580 1145 1679 ¹3tangit,
1168 1614 1310 1682 quatenus
1333 1608 1364 1664 in
1392 1610 1482 1664 Deum
1505 1613 1670 1664 constanter
1691 1610 1826 1677 confidat,
1848 1626 1897 1665 co·

139 1701 200 1753 tute
214 1714 266 1753 sua
279 1696 483 1752 contritionem
495 1697 628 1765 educens,
641 1713 706 1756 cum
718 1703 848 1755 mentum
863 1698 988 1754 hominis
1043 1699 1256 1771 gitatiouesque
1280 1698 1315 1753 ad
1343 1697 1433 1753 Deum
1459 1697 1559 1769 erigat,
1576 1696 1716 1769 quonium
1733 1702 1846 1752 mentes
1862 1698 1896 1752 n.

139 1786 234 1857 tangit
247 1786 277 1840 in
298 1784 486 1856 prosperitate
501 1800 565 1839 eum
584 1786 738 1856 prolongat
760 1802 853 1858 usque
867 1787 937 1841 dum
953 1788 988 1843 ad
1043 1787 1151 1844 delium
1176 1803 1192 1840 a
1215 1787 1319 1841 virtute
1344 1786 1513 1841 constantias
1526 1785 1711 1840 roborantur.
1737 1786 1820 1841 l'ides
1838 1802 1892 1841 au-

140 1877 227 1945 capnt
245 1874 338 1928 cancri
354 1873 460 1928 scilicet
484 1872 608 1941 liduciae,
634 1872 669 1928 de
685 1889 743 1945 qua
757 1876 834 1930 velut
849 1874 988 1930 duetor—
1043 1880 1102 1932 tem
1125 1891 1189 1929 cum
1216 1874 1365 1930 sanctitate
1399 1889 1433 1929 aa
1455 1890 1520 1946 quae
1542 1873 1573 1927 in
1594 1873 1763 1953 inlidelitate
1785 1874 1895 1947 dijudi-

138 1962 206 2019 fices
220 1962 251 2018 id
265 1966 308 2017 est
321 1962 378 2017 duo
393 1962 482 2033 pedes
492 1960 699 2033 videlicetspas
714 1969 743 2018 at
757 1962 878 2018 dubium
892 1968 988 2018 exten·
1042 1964 1135 2020 cauda
1155 1969 1223 2017 sunt
1246 1962 1395 2035 dijudicat,
1419 1978 1509 2035 seque
1533 1962 1667 2018 velociter
1690 1962 1823 2032 dilatans,
1835 1980 1898 2019 cre·

139 2051 248 2107 duntur
263 2052 420 2122 perveniat,
437 2050 647 2106 inadversitate
661 2067 776 2123 quoque
791 2051 896 2106 mentis
910 2051 988 2107 illius
1043 2051 1208 2108 deutascitu
1225 2051 1341 2119 imbuit,
1365 2067 1431 2106 uum
1454 2051 1568 2107 auditus
1586 2051 1703 2107 illorum
1723 2066 1825 2109 omnes
1846 2057 1895 2107 tu·

139 2140 270 2195 eamdam
283 2139 486 2195 contritionem
502 2142 660 2195 extendens
674 2140 704 2195 in
719 2143 804 2212 caput
822 2139 899 2195 cervi
910 2138 988 2212 quod
1042 2142 1151 2196 multus
1188 2155 1388 2214 perversarum
1426 2139 1635 2211 cogitationum
1667 2140 1811 2209 deserens,
1847 2141 1893 2196 lu·

139 2229 211 2285 tides
239 2233 283 2285 est
310 2228 450 2300 perducit.
473 2228 544 2284 Nam
574 2244 640 2285 cum
665 2229 753 2285 homo
780 2228 907 2300 pondera
921 2244 987 2301 pac·
1041 2228 1134 2285 bricas
1164 2228 1251 2283 etiam
1284 2228 1447 2297 uoluptates
1475 2227 1596 2282 interius
1623 2228 1735 2283 avertit.
1761 2228 1842 2293 Quod
1866 2231 1893 2285 si

139 2322 268 2373 caturam
289 2332 409 2372 snorum
435 2315 638 2385 reminiscitur,
664 2316 863 2388 poenitentium
886 2332 987 2389 aggre-
1040 2316 1128 2373 humo
1160 2316 1333 2371 viriditatem
1363 2316 1504 2371 virtutum
1537 2316 1659 2372 istarum
1691 2318 1826 2373 deserens
1859 2317 1891 2372 in

139 2406 229 2475 ditur,
250 2406 280 2461 in
305 2422 363 2479 qua
381 2408 473 2463 Deum
495 2407 598 2463 timere
623 2422 681 2463 non
709 2406 829 2474 desistit,
855 2407 987 2479 quamvis
1042 2406 1205 2461 ariditatem
1232 2402 1414 2477 negligentia
1443 2404 1572 2471 vertitur,
1607 2404 1647 2460 ita
1672 2409 1703 2467 ιιι
1726 2407 1848 2461 humore
1864 2412 1896 2464 et

138 2509 277 2567 prospera
297 2495 399 2550 mundi
422 2494 504 2566 quasi
526 2496 615 2551 altera
644 2498 724 2565 parte
745 2494 859 2564 habeat,
883 2511 988 2567 quous·
1041 2493 1185 2549 viriditate
1217 2494 1358 2549 bonorum
1391 2508 1513 2564 operum
1546 2498 1649 2562 careat,
1681 2492 1756 2549 vires
1786 2494 1895 2550 animae

139 2598 195 2656 que
207 2582 352 2652 fiduciam,
375 2584 409 2639 de
425 2600 482 2656 qua
505 2582 578 2639 sicut
602 2583 659 2639 duu
682 2582 770 2654 padua
800 2600 865 2655 apes
887 2588 915 2639 at
931 2583 985 2640 du·
1041 2582 1131 2655 ipsius
1145 2581 1283 2638 deliciunt
1297 2586 1326 2636 et
1340 2586 1491 2650 arescunt;
1509 2581 1532 2635 si
1550 2596 1617 2636 vero
1630 2581 1893 2654 luxnvoluptatum

139 2672 219 2728 bium
247 2671 392 2741 oriuntur,
415 2672 624 2744 apprehendat.
645 2672 685 2727 De
706 2671 900 2728 fiduciaanim
921 2688 987 2744 spes
1042 2671 1125 2744 quasi
1162 2671 1324 2741 incongrua
1355 2670 1543 2726 inundatione
1576 2670 1663 2725 nimis
1697 2671 1894 2742 pertunditur,

138 2759 240 2831 surgit,
265 2758 311 2815 cui
330 2764 427 2816 tamen
451 2760 582 2816 dubietas
600 2758 747 2815 interdum
766 2776 796 2813 aa
824 2760 986 2832 conjungit,
1041 2776 1123 2815 mens
1155 2758 1245 2831 ipsius
1268 2757 1377 2814 lubrice
1407 2758 1543 2814 incedens
1567 2758 1708 2831 liquescit.
1734 2760 1765 2815 si
1793 2766 1895 2816 autem

138 2848 207 2920 quia
221 2848 289 2905 dum
304 2850 391 2905 humo
412 2849 442 2904 iu
459 2850 550 2904 Deum
564 2848 692 2914 conlidit,
706 2846 907 2903 remissionem
923 2864 987 2919 peo-
1005 2854 1117 2933 Crecto
1142 2850 1259 2905 tramite
1282 2848 1398 2917 incedit,
1425 2848 1523 2903 omnia
1546 2864 1634 2920 opera
1648 2846 1738 2920 ipsius
1763 2850 1799 2904 sd
1823 2866 1893 2921 pro-

137 2940 265 2993 cetorum
288 2953 406 2993 suorum
423 2937 501 2993 velut
517 2935 701 3007 procedendo
727 2950 757 2990 se
783 2934 902 3007 adipisci
923 2952 986 3007 spe·
1042 2940 1207 3009 speritatem
1232 2937 1406 3010 diriguntur,
1426 2937 1504 2992 velut
1522 2936 1554 2992 iu
1577 2936 1693 2993 Cautico
1713 2936 1894 2994 canticorum

139 3030 193 3093 rat,
213 3026 282 3081 dum
304 3032 400 3081 autern
431 3024 645 3079 multitudinem
667 3029 696 3079 et
719 3023 903 3095 gravedinem
917 3024 986 3079 illu·
1040 3027 1258 3099 scriptumest:

139 3130 204 3169 rum
229 3114 402 3180 considerat,
428 3112 573 3168 multoties
593 3117 689 3167 utrum
712 3116 830 3182 peccata
852 3128 904 3167 soa
930 3112 985 3167 sibi
1042 3132 1247 3191 Testimonium
1260 3132 1296 3186 ge
1308 3130 1440 3187 camd,
1457 3129 1636 3187 00„ng
1650 3131 1690 3186 ag
1708 3132 1811 3187 gadem
1822 3148 1893 3189 cm,

140 3202 326 3258 remittuntur
354 3218 390 3256 an
420 3216 478 3257 uon
509 3200 592 3273 quasi
624 3200 827 3256 retrocedendo
861 3201 984 3268 dubitat,
1162 3200 1764 3276 veniemetquumodcintelltpendamsit.

140 3290 376 3363 quamvisinDao
390 3288 523 3345 oontidat.
539 3289 595 3345 Sed
607 3288 986 3361 dumaliquundointarad·
1074 3293 1173 3350 illlis
1197 3291 1359 3347 Introduxit
1379 3307 1425 3347 me
1447 3307 1496 3345 rex
1519 3290 1550 3345 in
1573 3289 1689 3346 cellaria
1703 3307 1763 3345 sua.
1792 3292 1893 3347 Exsul·

139 3394 221 3435 versa
235 3378 317 3450 quasi
330 3378 361 3434 in
375 3378 465 3434 alters
477 3384 559 3450 parte
585 3378 764 3449 corporalem
781 3378 984 3434 contritionem
1039 3381 1163 3438 tahinius
1186 3379 1399 3435 attestabimur
1419 3379 1450 3434 in
1473 3384 1501 3435 te
1524 3394 1667 3435 memores
1689 3379 1810 3435 uberum
1826 3386 1895 3435 tuo·

141 3466 258 3538 patitur,
279 3466 314 3523 ιι
334 3467 447 3522 ιιιιιιιι
471 3466 537 3522 tidei
553 3482 583 3521 se
604 3466 753 3536 convertit,
779 3482 845 3538 quse
862 3466 893 3522 in
921 3482 984 3521 cor·
1039 3485 1104 3524 rum
1128 3485 1215 3539 super
1252 3468 1373 3536 rinum3
1400 3466 1472 3523 recti
1501 3468 1893 3540 diligunttetcunl.1].»

141 3556 315 3612 nibueseree
336 3554 539 3611 consolationis
568 3554 770 3611 infidelitatem
786 3555 941 3611 dubietatis
955 3555 984 3611 in
1039 3558 1120 3625 Quod
1143 3558 1184 3613 sic
1216 3555 1373 3612 intellectui
1392 3561 1492 3628 patet:
1509 3556 1581 3622 Quia
1604 3572 1659 3628 ege
1682 3556 1779 3613 anima
1797 3557 1894 3613 tidelis

140 3644 190 3701 illo
201 3645 238 3700 ad
248 3644 371 3701 nihilum
385 3644 509 3701 deducit.
529 3645 609 3701 Unde
630 3645 708 3700 velut
721 3660 755 3699 ex
769 3660 818 3700 ore
836 3644 942 3714 cancri,
955 3644 986 3700 id
1039 3647 1174 3715 hominis,
1191 3662 1290 3719 gressu
1311 3646 1438 3704 veritatis
1462 3646 1565 3701 Filium
1579 3645 1641 3715 Dei,
1653 3647 1704 3718 qui
1720 3661 1772 3717 per
1786 3646 1894 3701 huma·
1979 3713 1980 3740 ,

140 3740 183 3789 est
193 3734 228 3790 de
243 3734 347 3790 tiducia
362 3734 434 3790 alios
456 3733 542 3790 flatus
556 3734 634 3805 quod
652 3734 812 3789 constantia
834 3738 877 3789 eat
889 3734 986 3789 exieus
1040 3736 1159 3791 nitatem
1175 3751 1256 3791 suam
1270 3736 1418 3791 homiuem
1432 3734 1565 3803 redemit,
1590 3750 1690 3789 secura
1713 3750 1788 3801 sum,
1799 3734 1894 3790 intro·

141 3838 232 3895 usque
249 3822 282 3878 ad
304 3822 515 3895 plenitudinem
530 3822 712 3893 perfectiouis
733 3822 870 3894 procedit,
887 3821 985 3895 ibique
1041 3824 1122 3899 duxit
1136 3840 1183 3879 me
1197 3824 1256 3891 ille,
1281 3823 1332 3896 qui
1352 3829 1521 3879 cunctorum
1546 3826 1641 3879 rector
1662 3822 1768 3892 existit,
1783 3823 1815 3878 in
1829 3823 1893 3895 pte·

139 3911 215 3967 inter
247 3911 379 3967 timorem
406 3912 521 3968 Domini
550 3916 580 3967 et
600 3912 742 3981 judicium
766 3910 817 3967 Dei
844 3912 984 3982 consistit,
1041 3913 1358 3969 nitudiuemdunorum
1373 3928 1503 3982 suorum,
1520 3912 1696 3967 ubiomuam
1710 3912 1893 3969 saturitatem

139 3998 278 4069 qnoniam
300 4014 365 4053 cnm
390 3997 512 4069 quilibet
534 3997 564 4053 iu
585 3998 674 4052 Deum
697 3998 843 4053 conlidens
858 3996 889 4052 in
903 3997 986 4053 bonis
1039 4002 1178 4058 virtutum
1203 3999 1331 4066 invenio,
1348 4006 1377 4055 et
1393 4001 1445 4056 nbi
1469 4001 1504 4057 de
1530 4001 1632 4056 virtute
1646 4001 1677 4057 iu
1704 4000 1839 4057 virtutem
1854 4002 1892 4057 fi-

138 4083 274 4155 operibns
303 4089 436 4139 constans
463 4089 493 4139 ιι
522 4084 663 4157 perlaetus
686 4091 739 4152 est,
774 4086 907 4141 timorem
931 4088 983 4142 Do·
1040 4089 1189 4147 ducialiter
1211 4088 1343 4145 accendo.
1362 4088 1441 4145 Unde
1461 4094 1489 4143 ιι
1508 4105 1559 4145 nus
1574 4105 1674 4145 omnes
1692 4090 1742 4161 qui
1757 4105 1808 4162 per
1823 4107 1893 4146 san-

140 4172 212 4227 mini
231 4172 267 4228 ad
284 4190 315 4227 se
335 4172 453 4243 colligit,
478 4188 514 4227 ne
534 4174 648 4245 gravius
662 4172 822 4245 delinquat,
842 4174 983 4247 judicium
1005 4162 1027 4216 D
1041 4179 1162 4251 guinem
1177 4178 1307 4248 ejusdem
1322 4177 1386 4233 l'ilii
1403 4178 1456 4234 Dei
1470 4177 1613 4250 redempti
1627 4193 1739 4245 sumus,
1754 4182 1813 4233 toto
1828 4193 1894 4232 cor·

142 4260 193 4318 Dei
216 4260 303 4316 etiam
322 4260 446 4333 inspicit,
471 4277 506 4317 ue
528 4263 651 4333 peccatis
677 4266 794 4332 peccata
811 4263 936 4333 adjiciat.
954 4264 986 4319 Et
1038 4282 1108 4341 pore
1128 4265 1343 4331 exsultabimus,
1359 4270 1476 4339 totaque
1496 4266 1593 4321 anima
1614 4265 1779 4321 letabimur
1792 4266 1824 4320 iu
1846 4271 1890 4337 te,

140 4349 224 4423 quasi
245 4366 278 4405 ax
300 4366 349 4405 ore
373 4350 459 4419 cervi,
481 4350 589 4405 scilicet
603 4350 637 4405 da
661 4350 716 4405 lide
738 4350 811 4405 alius
829 4350 914 4406 llatus
935 4350 986 4423 qui
1039 4360 1168 4411 osaucta
1193 4353 1341 4419 Divinitas,
1366 4369 1419 4424 per
1443 4369 1530 4427 quam
1558 4352 1748 4420 subsistimus,
1774 4354 1810 4409 ad
1824 4370 1891 4409 me-

140 4438 275 4494 aanctitas
291 4437 496 4510 intelligendus
518 4444 562 4494 est
581 4438 710 4505 renisus,
732 4454 823 4511 usque
838 4439 874 4495 ιι
896 4439 986 4511 plani·
1038 4442 1162 4497 moriam
1186 4446 1351 4496 reserantes
1381 4440 1561 4496 dnlcedinem
1596 4430 1788 4513 supernorum
1818 4457 1894 4512 prse-

140 4527 269 4585 tudinem
289 4526 553 4601 perfectionisque
573 4527 648 4583 inter
669 4526 804 4582 timorem
827 4528 942 4583 Domini
958 4533 987 4585 ιι
1038 4531 1164 4587 mierum
1201 4546 1288 4601 super
1317 4545 1418 4585 omnes
1449 4531 1598 4601 passiones
1624 4533 1654 4585 et
1687 4528 1892 4585 tribulationes

139 4618 319 4689 corporalem
334 4615 548 4674 tribulationem
563 4622 604 4673 ast
620 4616 795 4686 extenditur,
809 4616 879 4689 quta
892 4617 985 4673 tidelis
1038 4635 1111 4692 quas
1137 4618 1172 4673 ab
1204 4617 1374 4673 adversariis
1398 4617 1525 4673 veritatis
1551 4618 1628 4689 passi
1658 4634 1769 4687 sumus,
1793 4618 1834 4674 ita
1857 4624 1894 4674 ut

138 4706 225 4763 homo
239 4706 268 4761 in
281 4706 430 4761 sanctitate
446 4706 556 4778 pollens
574 4706 605 4761 in
633 4704 807 4776 perfectione
821 4706 876 4762 ista
890 4707 984 4775 durat,
1037 4707 1100 4764 illas
1123 4706 1205 4779 quasi
1225 4722 1278 4777 pro
1301 4706 1392 4766 nihilo
1413 4707 1561 4775 ducamus,
1586 4706 1656 4763 dum
1680 4706 1795 4762 delicias
1818 4723 1893 4779 quas

139 4796 179 4852 itu
201 4800 234 4850 ut
251 4796 391 4851 veraciter
415 4797 508 4851 Denm
531 4796 642 4864 timeat,
664 4784 694 4851 ιι
713 4800 745 4851 ιιι
768 4794 855 4851 ιιιιιιι
876 4796 913 4851 ub
930 4795 986 4851 huc
1038 4796 1121 4853 nobis
1143 4794 1174 4850 in
1197 4794 1360 4851 ostensione
1384 4796 1585 4852 mundaturum
1608 4801 1725 4851 tuorum
1750 4797 1892 4869 proponis

139 4898 244 4955 corpus
258 4898 343 4939 suum
357 4884 499 4955 castigare
520 4899 580 4940 non
605 4889 702 4939 cessat.
720 4886 819 4957 ltaque
833 4883 927 4951 ssatus,
943 4884 985 4939 vi·
1039 4884 1234 4957 degustamus.
1252 4884 1285 4939 Et
1298 4882 1339 4939 sic
1352 4883 1404 4956 qui
1428 4883 1459 4939 in
1474 4883 1610 4955 operibus
1636 4883 1797 4940 sanctitatis
1818 4886 1890 4940 recti

139 4969 244 5027 delicet
264 4972 397 5027 contritio
412 4973 442 5025 in
459 4971 648 5044 prosperitate
663 4989 680 5027 a
695 4972 799 5029 timore
815 4972 930 5029 Domini
950 4973 986 5029 ed
1039 4978 1107 5029 sunt
1121 4971 1247 5043 diligunt
1259 4976 1288 5027 ιι
1304 4986 1373 5027 sera
1386 4977 1416 5027 ιι
1430 4971 1556 5043 perlecta
1570 4971 1732 5040 dilectione,
1751 4972 1891 5046 quoniam

139 5057 274 5115 ildariam
290 5060 459 5131 procedens,
474 5060 559 5115 Datus
573 5060 659 5116 etiem
680 5060 788 5117 scilicet
802 5062 903 5117 eadem
918 5077 985 5116 eun·
1040 5061 1138 5117 omnia
1158 5059 1235 5115 bona
1257 5064 1285 5115 ta
1308 5060 1494 5132 diligentibus
1508 5060 1652 5129 concedis,
1667 5059 1779 5133 etquis
1801 5059 1889 5116 etiam

140 5146 221 5202 tritio
246 5148 277 5202 in
301 5147 472 5206 adversitate
499 5149 536 5205 ab
559 5150 662 5206 audam
685 5150 789 5205 umore
814 5148 929 5205 Domini
951 5150 986 5205 ad
1039 5149 1156 5205 tandem
1170 5148 1258 5203 vitam
1273 5154 1413 5205 aeternam
1429 5147 1470 5203 eis
1492 5149 1605 5207 tribuis.
1623 5149 1681 5205 Sed
1705 5149 1890 5220 etsapientia

141 5234 227 5291 tidem
242 5237 349 5305 exiens,
372 5238 514 5310 ltatusque
534 5238 622 5295 idest
640 5238 801 5293 constantia
824 5239 859 5293 da
882 5238 987 5295 fiducia
1039 5238 1175 5309 cellariis,
1197 5236 1227 5293 id
1246 5243 1289 5293 est
1309 5237 1454 5292 inentibus
1472 5238 1625 5293 homiuum
1646 5237 1771 5293 intendit
1783 5242 1813 5292 et
1833 5254 1889 5311 ap·
1979 5227 1980 5248 ¹

140 5322 175 5377 ad
190 5324 400 5395 plenitudinem
415 5326 607 5398 perlectionis,
618 5327 769 5399 quainter
784 5326 917 5383 timorem
932 5328 988 5383 Do-
1038 5327 1123 5399 punit
1133 5325 1274 5398 justitiam
1296 5341 1371 5381 verre
1388 5324 1457 5382 fidei
1480 5341 1534 5397 per
1546 5341 1633 5399 quam
1647 5340 1731 5381 verus
1749 5325 1824 5380 Deus
1839 5340 1887 5380 cu-

142 5410 215 5467 mini
230 5416 258 5469 et
271 5412 413 5485 judicium
433 5416 484 5472 Dei
508 5426 560 5483 eat,
582 5416 722 5485 teudeus;
739 5414 882 5488 flatusque
906 5416 984 5473 vide·
1040 5415 1199 5488 gnuscitur,
1218 5414 1268 5471 ubi
1294 5414 1395 5471 eadem
1409 5413 1483 5471 tides
1503 5414 1633 5471 mamam
1647 5420 1677 5471 et
1695 5430 1812 5471 omnem
1836 5414 1889 5471 hu-
