3984 6034
133 221 182 274 su
365 277 375 299 κ
869 221 897 276 s.
918 213 1153 310 tricennalibus

133 358 189 406 mee
203 347 337 420 Virginis.
352 348 475 421 'l'uergo
493 364 524 406 es
546 349 685 408 Dominus
698 350 815 406 illorum
829 351 861 406 in
875 363 975 422 snper·
992 347 1231 421 Aobsequeotes.
1274 347 1307 404 lu
1344 345 1543 420 spiritualibus
1584 361 1651 404 vero
1690 345 1878 404 sacramentis

133 453 171 493 na
184 437 312 493 claritate
334 437 503 505 divinitatis,
524 438 574 510 qni
594 437 696 493 frames
715 438 758 494 tui
773 446 840 494 sunt
859 445 978 510 propter
1031 442 1098 493 siunt
1116 437 1310 508 precellentes
1329 439 1359 492 et
1381 435 1556 508 superiores,
1578 441 1646 494 sunl
1660 440 1690 492 et
1705 434 1879 492 obedientes

134 524 362 580 incarnationem
376 528 456 581 tuam
470 525 502 581 in
516 542 574 597 que
591 526 678 580 bomo
693 529 744 581 est.
766 527 799 580 Et
816 525 976 591 inclinatio,
1031 528 1116 596 atquc
1136 523 1331 596 corripientes.
1348 525 1407 596 ligo
1432 531 1527 580 numm
1549 525 1613 580 illas
1632 523 1792 580 ciliciorum
1806 540 1879 580 cau-

1824 219 1877 270 lidi

133 611 162 667 id
173 616 217 667 cst
242 612 381 683 subjectio
404 613 572 669 exhibeatur
602 613 654 669 tibi
679 631 696 668 a
722 614 788 669 tiliis
804 614 904 669 matris
920 618 977 668 tum
1031 628 1076 666 sas
1097 612 1279 668 ordinatione
1301 628 1365 668 mea
1391 613 1558 668 constitutus
1586 612 1704 668 omnino
1730 612 1792 685 rapi
1811 613 1880 667 nolo

133 700 241 756 scilicet
257 705 315 755 ture
337 700 552 768 incarnationis,
574 706 659 772 elque
680 701 710 755 in
727 701 865 773 obsequio
886 700 978 773 piissi·
1031 699 1136 756 furtivo
1166 716 1284 755 munere
1316 700 1471 769 eruptionis
1505 702 1536 756 in
1567 701 1789 766 venundatione,
1827 701 1881 756 sed

134 805 189 844 mus
216 788 376 844 deuotionis
399 789 589 859 subjiciantur
618 789 670 844 tibi
697 790 829 845 homines
854 789 915 846 nati
941 807 978 846 ex
1031 789 1096 843 solo
1121 793 1153 843 nt
1180 789 1221 844 cis
1248 790 1410 845 rationabili
1439 805 1525 844 cansa
1548 791 1706 856 assistatur,
1729 790 1769 845 ita
1782 791 1880 861 utqui

133 874 319 931 bominibus:
336 877 369 931 Et
391 877 529 948 quoniam
553 878 640 933 iilius
663 878 713 933 [lei
728 879 768 932 sic
782 884 826 934 est
840 878 978 934 Dominus
1033 876 1107 946 ipsas
1131 876 1291 948 suscipiunt
1315 877 1399 932 utiles
1423 877 1479 934 sint
1507 893 1603 934 coram
1629 879 1687 933 [leo
1706 877 1879 934 albumini-

134 961 484 1031 omniumcreaturarurn,
499 965 660 1038 peripsum
679 966 812 1021 ctiamin
831 967 978 1023 voluntate
1032 965 1094 1021 bus.
1128 965 1194 1029 Sed,
1224 965 1343 1037 quidum
1371 966 1505 1022 venenati
1536 965 1701 1037 scorpiones
1740 967 1879 1038 justitiam

134 1049 267 1105 Patriset
288 1050 319 1104 in
342 1056 419 1106 tactu
442 1053 567 1122 Spiritus
588 1053 677 1108 suncti
702 1055 832 1112 instituta
854 1059 897 1111 est
918 1056 979 1110 dis·
1033 1069 1127 1110 meam
1156 1054 1417 1124 transgrediuntur,
1452 1061 1480 1110 et
1511 1071 1557 1110 cas
1589 1055 1739 1111 rnnrtiiero
1768 1071 1880 1110 veneno

135 1137 238 1206 positio
250 1136 427 1194 diversarum
439 1144 613 1210 potestatum
625 1142 657 1198 in
671 1143 789 1198 mrrndo.
804 1145 979 1208 iinonuodol
1033 1143 1159 1196 avaritiis
1173 1147 1202 1196 ct
1216 1141 1358 1213 superbiae
1385 1143 1560 1214 subripiunt,
1587 1161 1645 1199 riou
1663 1144 1757 1199 solum
1771 1143 1802 1199 in
1825 1161 1880 1198 sae·

135 1224 181 1278 Sic
209 1224 341 1280 videlieet
363 1227 441 1298 qnod
466 1230 540 1284 bens
554 1229 671 1286 abstulit
687 1231 864 1287 nimietatem
880 1236 909 1287 et
919 1233 979 1303 jac·
1033 1229 1177 1286 sularibus
1192 1231 1398 1302 praeposituris,
1424 1233 1472 1287 sed
1497 1232 1584 1286 cliens
1598 1233 1628 1286 in
1643 1232 1882 1303 dispositionibus

135 1313 255 1368 tantiam
274 1315 352 1370 illam
369 1333 455 1387 quum
477 1319 602 1388 populos
620 1321 763 1390 populum
783 1321 979 1376 nonhonora-
1034 1317 1236 1390 spiritualibus.
1269 1320 1380 1390 Rapina
1415 1325 1512 1376 autem
1549 1319 1729 1376 secularium
1758 1320 1883 1392 dignita·

135 1403 247 1467 ret3ile
274 1405 352 1474 quod
379 1406 577 1479 uuusquisque
600 1408 706 1463 faceret
728 1410 804 1480 quod
829 1409 892 1465 lieri
921 1411 980 1481 plu·
1035 1410 1106 1470 tum,
1130 1412 1243 1462 terrene
1270 1405 1376 1461 seilicet
1409 1423 1460 1479 per
1489 1413 1604 1463 terrena
1634 1413 1801 1478 comparatu
1836 1413 1882 1462 est

135 1495 212 1544 cerat
226 1490 250 1544 si
265 1490 321 1546 boc
344 1494 420 1548 Dens
442 1493 637 1550 inestimabili
651 1495 794 1567 sapientia
809 1497 922 1553 consilii
934 1496 980 1552 sui
1035 1495 1162 1567 quidem,
1192 1494 1369 1550 severissima
1392 1495 1422 1550 iu
1448 1495 1597 1552 iracundia
1620 1496 1674 1552 zeli
1697 1497 1754 1552 mci
1773 1496 1884 1552 exami-

135 1595 194 1634 non
203 1579 410 1650 prostravisset,
440 1584 488 1636 sed
510 1581 573 1653 ipse
593 1582 728 1639 discrevit
750 1586 890 1656 populum
904 1586 980 1640 inter
1035 1585 1146 1650 nanda;
1182 1584 1231 1638 sed
1266 1589 1364 1640 lamen
1391 1583 1516 1656 'majoris
1546 1584 1684 1655 ponderis
1717 1590 1746 1640 et
1776 1583 1884 1640 exami-

135 1669 287 1738 popnlum,
313 1668 451 1724 minorem
474 1670 660 1727 scilicetcum
682 1673 892 1730 ministratione
908 1675 980 1730 obe·
999 1644 1159 1728 Bnationis
1198 1675 1242 1730 est
1270 1672 1372 1744 rapina
1404 1672 1605 1744 spiritualium.
1650 1675 1721 1728 Nam
1766 1675 1886 1728 emenia·

136 1752 250 1809 dicutiae
265 1755 369 1826 majori
380 1773 430 1810 sno
445 1757 603 1828 subjacere,
618 1759 759 1830 majorem
775 1777 840 1816 vero
854 1762 885 1817 in
899 1762 981 1817 omni
1035 1777 1080 1814 res
1112 1764 1179 1814 sunt
1211 1759 1241 1814 in
1272 1760 1461 1816 exterioribus
1494 1777 1559 1816 caro
1593 1760 1628 1816 de
1664 1776 1767 1830 carne,
1795 1761 1883 1832 spiri-

137 1841 269 1897 utiIitatis
298 1844 440 1914 regimine
469 1846 589 1901 solerter
611 1853 639 1902 el
662 1847 762 1902 deuote
787 1848 892 1904 minori
911 1850 980 1906 snb·
1035 1847 1236 1904 tualesaulem
1257 1847 1289 1902 in
1307 1847 1493 1904 interioribus
1517 1847 1631 1920 spiritui
1654 1848 1809 1919 conjuncti.
1826 1848 1883 1904 Sed

136 1930 242 1994 venire,
267 1930 341 1986 sicut
366 1932 453 1988 edam
481 1934 512 1988 iu
542 1936 711 1992 ascensione
744 1937 867 2007 Spiritus
889 1940 981 1994 suomi
1035 1937 1166 2008 quemvis
1192 1937 1344 1992 montarso
1365 1935 1396 1992 in
1417 1935 1605 1992 exterioribus
1632 1941 1807 2008 occupentur
1826 1953 1882 1992 ou·

137 2020 235 2075 dutum
250 2025 293 2075 est
306 2021 391 2077 iacob
404 2027 582 2094 perpetrem
595 2041 691 2092 suum,
707 2027 784 2098 qood
800 2031 874 2082 esset
887 2027 980 2083 domi·
1036 2041 1095 2080 ram
1121 2029 1264 2080 terrenam
1283 2025 1431 2092 babentes,
1457 2030 1554 2080 minen
1581 2024 1635 2080 sub
1659 2024 1708 2080 illu
1727 2025 1819 2096 speeie
1846 2025 1884 2080 ad

136 2109 325 2164 nostratuum
339 2125 468 2179 snorum,
487 2116 518 2167 nt
532 2119 560 2167 st
573 2112 681 2169 dictum
696 2119 749 2170 est.
1035 2115 1171 2168 interiora
1193 2113 1311 2184 spiritus
1333 2113 1365 2168 in
1393 2112 1534 2184 regimine
1556 2129 1608 2167 suo
1637 2113 1774 2168 deberent
1788 2113 1884 2168 anbe-

171 2197 273 2253 Sediu
290 2199 346 2254 boc
374 2200 452 2271 quod
474 2206 620 2256 ostensum
649 2208 702 2271 ast,
726 2203 802 2275 qnod
826 2209 902 2260 esset
924 2205 979 2261 lto-
1035 2201 1114 2264 lare;
1138 2201 1300 2274 spirituales
1330 2217 1398 2256 vero
1429 2203 1460 2256 iu
1489 2201 1583 2270 specis
1611 2200 1759 2272 religionis
1788 2208 1819 2256 et
1852 2203 1884 2256 in

41 2321 44 2327 ·
137 2284 245 2354 miuus,
268 2285 496 2342 demonstratum
519 2295 562 2344 est
584 2290 662 2362 qood
683 2292 818 2349 secedere
831 2294 980 2364 negotium
1035 2295 1200 2362 contemptu
1233 2287 1424 2344 ninudialinrn
1462 2286 1559 2359 positi,
1588 2287 1710 2343 interius
1732 2287 1763 2342 in
1795 2289 1884 2344 cordo

137 2373 222 2428 habet
239 2388 392 2444 personum
422 2375 594 2433 dominandi
617 2396 705 2451 super
727 2382 889 2438 libertatem
913 2385 982 2439 allo-
1036 2379 1126 2433 Patris
1162 2377 1371 2448 omnipotentis
1407 2375 1542 2442 ordinati,
1579 2376 1669 2432 multo
1703 2375 1794 2448 magis
1828 2379 1885 2431 sub

137 2475 213 2527 rum,
242 2461 347 2532 quibus
374 2469 491 2535 propter
518 2465 654 2522 timorem
678 2468 795 2524 bonoria
814 2471 868 2526 sibi
882 2472 918 2527 ab
940 2473 982 2529 eis
1036 2467 1177 2537 spirituali
1194 2465 1310 2522 nomine
1335 2464 1474 2520 deberent
1496 2465 1601 2520 Filium
1624 2464 1686 2534 ejus
1712 2466 1743 2518 iu
1767 2480 1883 2518 summo

137 2548 261 2619 impensi
284 2567 337 2621 per
359 2558 530 2623 potestatem
555 2573 637 2611 suam
659 2563 768 2628 parcat,
790 2576 848 2615 non
868 2576 918 2616 eos
932 2577 981 2631 op·
1036 2555 1192 2611 sacerdotio
1216 2554 1348 2609 ardenter
1372 2553 1494 2622 imitari;
1520 2551 1598 2624 quia,
1625 2553 1699 2608 sicut
1721 2553 1806 2607 Filius
1830 2553 1883 2608 liei

137 2637 264 2706 puimsus
276 2639 342 2710 jure
361 2642 555 2711 seruitiorum,
578 2644 627 2700 sed
645 2647 709 2702 illos
731 2648 839 2703 babens
856 2650 938 2720 quasi
951 2651 981 2704 ln
1036 2643 1122 2699 exivit
1136 2643 1171 2698 de
1186 2643 1271 2699 cordo
1293 2641 1384 2698 Putris
1405 2641 1460 2708 siri,
1482 2642 1523 2696 ila
1537 2640 1687 2698 constituit
1702 2643 1785 2696 Pater
1800 2643 1881 2712 apud

138 2724 290 2782 dilectione
313 2729 445 2786 fratrum.
463 2732 495 2786 tn
518 2731 572 2786 boc
588 2740 684 2789 alitem
708 2737 784 2806 qriod
805 2737 914 2792 dictum
939 2744 982 2792 est
1036 2731 1221 2802 semetipsum
1241 2729 1271 2785 in
1295 2731 1366 2784 Filio
1384 2745 1435 2784 suo
1458 2745 1596 2800 personas
1614 2730 1817 2802 magistrorum
1831 2731 1884 2801 qni

137 2815 213 2883 qnod
234 2815 393 2872 incursatio
422 2823 491 2874 unte
517 2821 613 2892 ipsum
634 2824 726 2891 beret,
748 2825 883 2881 innuitur
896 2827 983 2882 servi·
1037 2820 1067 2876 in
1089 2825 1147 2875 mm
1171 2819 1318 2890 egregiam
1341 2817 1553 2874 ordinationem
1578 2819 1662 2890 positi
1684 2824 1751 2874 sunt
1764 2825 1886 2889 propter·

137 2901 211 2956 tinm
230 2901 448 2962 ministrationis
467 2906 596 2979 illorum,
615 2910 665 2981 qui
688 2926 741 2981 per
764 2913 910 2969 vinculum
937 2917 979 2969 iu·
1000 2909 1189 2973 cutilitatem
1221 2907 1360 2974 Ecclesiae,
1395 2911 1423 2963 et
1447 2907 1479 2963 in
1507 2913 1583 2963 recto
1610 2923 1697 2978 opere
1730 2909 1787 2962 beo
1815 2923 1885 2962 con-

138 2988 312 3046 muleutium
342 2992 466 3048 dominis
499 2996 558 3050 snis
585 2998 738 3054 substracti
765 3004 843 3068 suut,
874 3005 906 3056 nt
929 3002 983 3058 titii
1034 2998 1135 3069 juncti.
1154 2995 1324 3063 Quomodo?

138 3077 232 3132 carnis
263 3094 362 3135 curam
395 3083 539 3138 emnalem
570 3084 717 3142 babentes.
745 3087 801 3144 Sed
829 3093 982 3162 postquam
1073 3086 1127 3151 Oui
1145 3085 1177 3140 iu
1201 3082 1421 3156 compunctione
1444 3087 1474 3139 et
1497 3082 1667 3153 probatione
1682 3073 1776 3138 c'ordis
1795 3090 1885 3154 atque

137 3165 198 3236 ipse
227 3167 313 3223 Jacob
344 3168 399 3226 boe
429 3171 590 3227 dominium
612 3178 672 3244 'per
694 3181 844 3246 paternam
867 3177 984 3234 benedi·
1038 3174 1068 3229 in
1097 3178 1210 3230 maturo
1234 3189 1320 3228 sensu
1343 3177 1420 3240 sunt,
1445 3171 1522 3244 quod
1539 3171 1612 3226 milri
1636 3173 1755 3228 omuino
1774 3173 1886 3244 perspi·

138 3254 262 3310 etiousm
304 3258 385 3312 tratri
423 3275 475 3314 sno
513 3260 670 3332 subripuit;
695 3263 800 3321 deiude
838 3268 983 3322 eoelestem
1037 3279 1123 3318 cuum
1144 3269 1186 3318 est
1215 3262 1319 3318 bonam
1341 3259 1473 3317 videlicet
1506 3260 1709 3316 conscientiam
1732 3261 1885 3326 babentes,

138 3343 331 3401 celebritatem
362 3348 557 3419 perlepidam
577 3366 663 3428 quem
687 3353 777 3409 erexit
799 3353 830 3408 in
854 3355 982 3424 titulum,
1037 3351 1078 3406 ita
1109 3356 1140 3406 ul
1155 3367 1287 3422 perverse
1316 3355 1345 3405 et
1367 3347 1509 3406 contrarie
1535 3348 1733 3420 magisterium
1761 3365 1819 3406 uon
1834 3367 1887 3420 ap-

23 3492 29 3504 ,
139 3438 167 3487 et
180 3449 232 3504 per
252 3434 393 3492 decimam
410 3453 497 3508 qnam
523 3454 553 3494 se
569 3439 644 3495 vovit
665 3441 800 3497 daturum
823 3426 989 3512 constituit,
1038 3443 1146 3512 petant,
1177 3439 1250 3496 illud
1276 3454 1329 3494 nec
1361 3437 1501 3494 diabolica
1536 3442 1597 3492 arte
1622 3437 1805 3505 sciscitantes,
1831 3453 1886 3493 neo

139 3527 171 3576 ut
189 3522 395 3594 presignatum
416 3531 469 3594 est,
493 3527 658 3597 significans
685 3529 873 3602 principalem
888 3547 984 3602 perso
1037 3543 1089 3600 pei·
1109 3528 1261 3600 pecuniam
1286 3533 1335 3583 anl
1348 3542 1401 3598 per
1422 3526 1589 3582 saecularem
1610 3525 1770 3597 potentiam
1786 3528 1885 3598 acqui·

138 3625 206 3664 num
229 3611 260 3666 iu
281 3612 423 3683 spirituali
444 3615 556 3683 militia,
584 3617 654 3686 quia
673 3617 797 3689 quisque
830 3620 922 3675 tidelis
947 3623 983 3676 de
1038 3622 1143 3684 rentes,
1183 3632 1235 3673 uec
1270 3615 1335 3672 iude
1360 3616 1485 3670 volantia
1508 3614 1597 3670 verbe
1631 3613 1724 3668 laudis
1748 3615 1886 3670 buniunoc

138 3697 259 3754 minimo
284 3701 377 3771 gradu
398 3704 551 3760 ascendere
579 3703 666 3760 debet
683 3705 720 3761 ad
735 3723 901 3763 summurn:
931 3725 984 3781 per
1038 3711 1208 3779 querentes,
1238 3705 1289 3761 sed
1307 3705 1380 3760 illud
1405 3719 1471 3758 vern
1495 3703 1635 3758 electione
1653 3705 1885 3774 meaetpopuli,

138 3788 303 3845 saecularem
338 3791 470 3847 videlieet
510 3795 671 3864 potentiam
707 3794 815 3851 discere
851 3799 984 3869 superius
1038 3796 1068 3850 in
1087 3793 1248 3849 hnmilitate
1275 3793 1474 3866 suscipientes,
1497 3791 1527 3848 bi
1555 3791 1714 3846 charissimi
1736 3797 1764 3846 el
1783 3791 1887 3864 proba-

139 3876 337 3948 magisterium
375 3881 503 3935 clarioris
540 3880 623 3949 lucis,
659 3884 816 3954 spiritualis
846 3886 921 3955 vitm,
952 3888 984 3942 in
1039 3883 1139 3940 tissimi
1169 3883 1309 3951 custodes,
1335 3888 1421 3954 atque
1443 3879 1596 3936 certissimi
1622 3879 1708 3935 amici
1732 3880 1789 3934 mei
1803 3887 1882 3936 suut.

138 3980 197 4036 quo
234 3965 409 4037 adimpletur
437 3967 565 4025 officinm
592 3972 721 4026 naucleri
741 3974 898 4028 secuudum
929 3974 985 4030 iter
1038 3972 1093 4028 Sed
1121 3971 1171 4044 qui
1198 3975 1273 4026 retro
1296 3969 1441 4038 incedunt,
1471 3971 1499 4022 et
1528 3967 1600 4023 illud
1627 3967 1683 4023 alio
1700 3968 1786 4022 modo
1803 3967 1886 4022 iule-

138 4053 314 4109 immaculeti
343 4054 439 4126 Agrii,
473 4057 524 4128 qui
553 4075 667 4114 sursum
696 4061 802 4116 levavit
834 4061 984 4118 bominem
1038 4059 1134 4116 nebris
1164 4060 1315 4132 acquirunt
1343 4057 1474 4113 uidelicet
1501 4071 1553 4127 per
1584 4055 1732 4112 saecularia
1756 4061 1884 4112 terreno.

138 4157 204 4198 cium
226 4141 406 4214 plenitudine
428 4147 457 4199 et
470 4144 598 4202 bonitate
622 4149 717 4204 omnis
728 4148 982 4221 justitim,sciiicet
1039 4165 1104 4202 rrum
1130 4148 1228 4203 furtim
1252 4147 1387 4219 mysteria
1402 4146 1560 4201 coelestium
1585 4144 1763 4216 diripientes,
1780 4146 1885 4200 taciem

139 4230 252 4302 erigens
273 4231 420 4288 bominem
447 4240 619 4306 prostratum
645 4237 758 4295 insidiis
783 4240 910 4310 perversi
935 4258 981 4295 ra·
1004 4215 1132 4292 ”msam
1162 4235 1286 4308 tugiunt,
1318 4240 1404 4306 alque
1432 4233 1542 4288 autimas
1574 4249 1639 4288 suas
1667 4233 1773 4288 acriter
1808 4235 1885 4288 ocri·

138 4317 237 4390 pteris.
1039 4325 1125 4393 dnnl3
1146 4326 1175 4380 in
1198 4326 1251 4380 boc
1265 4339 1311 4380 me
1330 4323 1501 4390 deridentes,
1527 4322 1596 4394 quis
1615 4321 1656 4376 sic
1678 4337 1723 4378 nie
1738 4323 1886 4392 denegant

175 4408 254 4466 Unde
275 4409 363 4466 sliam
378 4410 439 4468 baec
458 4412 516 4469 duo
539 4413 670 4470 instituta
689 4414 725 4471 ad
741 4420 856 4471 terrena
880 4417 983 4473 videli-
1039 4419 1182 4470 elcoutru
1200 4415 1376 4469 uoluntatem
1399 4426 1495 4468 susam
1518 4410 1677 4466 calcitrant.
1708 4409 1857 4474 Quomodo
1868 4413 1883 4463 ‘l

138 4503 183 4554 cet
205 4502 235 4554 et
261 4499 297 4553 nd
324 4499 449 4556 coelestie
464 4502 648 4573 procedentia
672 4503 704 4558 in
719 4509 845 4575 quatuor
858 4510 887 4560 ct
910 4521 980 4578 qna-

138 4593 205 4643 tnor
237 4590 331 4659 partes
365 4587 541 4658 dividuntur,
566 4591 636 4661 qnia
658 4592 734 4646 Deus
761 4607 896 4663 maguam
926 4592 981 4647 riu

138 4675 263 4732 scientim
292 4677 493 4733 mtionalitatis
521 4675 687 4735 hominibus
704 4679 793 4745 dedit,
825 4681 866 4735 ita
891 4686 924 4738 nt
951 4683 983 4737 in

137 4765 302 4820 ascensione
324 4765 450 4837 Spiritus
469 4766 559 4822 sancti
582 4768 644 4822 bec
665 4768 697 4822 iu
719 4769 883 4840 semetipsis
897 4786 981 4825 sern-

137 4858 268 4910 tursntur
280 4852 312 4909 in
326 4855 419 4925 figura
433 4858 557 4925 quatuor
582 4856 802 4923 elementorum,
826 4859 889 4928 plus
903 4873 980 4929 prm·

138 4943 222 4998 dictis
248 4941 362 4997 duobus
380 4942 474 5000 modis
498 4943 645 5012 addentes,
668 4946 747 5015 quod
768 4961 828 5000 non
842 4962 982 5017 aspernor

137 5046 190 5086 nec
204 5029 318 5102 abjicio,
341 5029 479 5102 quoniam
494 5031 588 5102 quiin
611 5033 730 5088 nomine
757 5048 823 5088 meo
838 5033 981 5104 multipli-

137 5119 273 5191 estquod
301 5119 407 5186 minus,
424 5119 529 5190 diguus
554 5125 598 5175 cst
620 5122 761 5177 mercedis
786 5128 815 5176 et
828 5137 887 5176 non
902 5123 979 5193 abje-

137 5207 249 5273 ctionis,
266 5223 332 5280 quse
351 5208 439 5264 etiam
462 5212 587 5280 quatuor
615 5215 711 5279 partes
733 5215 791 5264 tum
815 5210 845 5264 in
860 5212 979 5264 arcula·

137 5296 216 5350 ribus
229 5297 445 5368 gravaminibus
458 5313 546 5368 qnam
574 5297 605 5352 in
625 5298 821 5368 spiritualibus
843 5299 981 5353 institutis

138 5390 213 5437 sunt.
248 5385 425 5448 Quomodo?
452 5385 568 5448 Ollinia
597 5387 780 5440 sacularibus
796 5388 888 5438 newis
912 5394 980 5440 auru

137 5470 246 5527 nobiles
286 5479 314 5528 et
338 5473 503 5534 nobiliores,
534 5480 599 5528 snut
636 5479 665 5530 et
691 5474 864 5529 famulantes
891 5481 978 5545 atque

1038 4501 1109 4568 Quin
1148 4501 1204 4572 ipsi
1233 4501 1395 4572 despiciunt
1425 4515 1471 4555 me
1503 4513 1561 4554 nou
1598 4497 1793 4554 desiderantes
1833 4515 1884 4569 po·

1037 4597 1167 4646 testatem
1189 4588 1347 4661 magisterii
1368 4587 1486 4660 adipisci
1500 4601 1552 4657 per
1566 4601 1627 4652 ms;
1646 4585 1688 4641 ite
1713 4589 1746 4641 nt
1764 4585 1882 4640 interio-

1037 4695 1083 4734 res
1106 4679 1203 4734 oculos
1224 4676 1317 4734 cordis
1337 4676 1380 4732 sui
1404 4676 1440 4732 ud
1465 4691 1510 4730 nie
1533 4674 1645 4730 elevent
1668 4675 1708 4729 sic
1730 4673 1878 4730 dicentes:

1037 4768 1132 4823 Placet
1160 4767 1213 4822 boc
1235 4767 1293 4822 Deo
1318 4781 1356 4820 an
1376 4765 1460 4820 non?
1488 4763 1539 4820 scd
1561 4763 1758 4835 unusquisque
1779 4777 1881 4818 eornm

1036 4854 1106 4910 dicit
1135 4854 1165 4909 in
1183 4855 1354 4924 semetipso:
1382 4852 1498 4908 Etiamsi
1527 4853 1710 4908 boematum
1733 4855 1778 4908 est
1805 4852 1881 4923 apud

1037 4946 1136 5011 Deum,
1159 4958 1213 5012 ego
1241 4946 1338 4997 tamen
1361 4942 1415 4996 boc
1438 4940 1573 5012 accipiam
1600 4939 1749 4996 conlidens
1776 4939 1808 4994 iu
1829 4941 1883 4994 ilo·

1037 5031 1124 5100 mino,
1145 5031 1222 5102 quod
1251 5029 1424 5102 quandoque
1457 5029 1554 5083 virens
1583 5028 1678 5084 udbnc
1699 5026 1729 5082 in
1757 5043 1879 5097 corpore

1036 5121 1200 5192 poeniteam,
1236 5123 1264 5173 et
1292 5118 1342 5173 tali
1371 5116 1457 5172 niodo
1494 5115 1645 5188 acquirunt
1679 5115 1878 5187 magisterium

1035 5209 1142 5280 absque
1159 5223 1203 5262 uro
1219 5209 1276 5262 Deo
1291 5207 1354 5262 vivo
1365 5225 1373 5273 ;
1386 5205 1425 5260 ila
1445 5203 1522 5277 qnod
1541 5220 1594 5260 neo
1613 5205 1668 5260 boc
1691 5223 1708 5258 a
1724 5219 1770 5260 me
1785 5209 1883 5275 postu·

1035 5299 1104 5364 leui,
1129 5311 1181 5351 uec
1201 5313 1231 5350 sn
1245 5296 1280 5350 ud
1308 5295 1362 5350 linc
1385 5311 1449 5350 nina
1470 5293 1614 5348 voluntate
1631 5292 1780 5364 pervenire
1793 5297 1881 5348 coruli·

1035 5387 1120 5449 lla11l;
1142 5385 1190 5438 sod
1215 5386 1245 5438 iu
1268 5384 1322 5438 boc
1345 5383 1447 5437 ardore
1478 5400 1494 5434 u
1518 5381 1589 5436 facie
1612 5397 1677 5436 urea
1700 5381 1812 5450 triplant
1838 5383 1880 5435 sic

1036 5475 1178 5545 rapientes
1211 5471 1418 5544 magisterium,
1445 5487 1461 5526 u
1491 5469 1684 5526 misericordia
1716 5485 1779 5523 urea
1813 5485 1882 5524 uan-
