3984 6034
186 206 242 263 nte
623 286 628 299 ἱ
915 213 943 270 s.
964 211 1214 272 llltbllclltllls.
1668 203 1674 210 '
1712 266 1718 278 .
1893 219 1954 276 ιιι

191 354 258 394 com
272 338 335 395 luce
350 341 379 394 ct
400 339 573 397 humiditate
587 344 698 414 partem
719 358 776 398 non
799 343 895 400 babet.
917 344 1040 401 Nubilis-
1056 348 1081 400 Α
1094 346 1207 403 curetis.
1220 347 1365 418 Rogamus
1385 345 1483 415 etiam,
1505 353 1538 420 nt
1552 363 1586 404 ea
1605 366 1668 422 qum
1687 349 1750 405 vira
1775 367 1841 407 voce
1860 352 1955 408 nobis

192 427 281 482 simos
304 427 359 483 llos
383 427 472 501 virga
500 434 607 498 Aaron,
635 431 797 503 perignem
837 434 948 502 ilorcm,
965 439 993 489 et
1007 435 1038 489 in
1090 435 1171 505 prius
1183 435 1304 502 dixistis,
1320 435 1423 492 litteris
1435 452 1552 511 qnoque
1569 439 1788 507 commendetis,
1813 446 1843 496 et
1858 443 1953 496 nobis

192 532 268 588 equa
290 524 412 572 murtam
441 517 600 588 suffocavit,
629 519 664 575 da
683 535 741 592 quo
755 521 894 577 floriditas
907 523 1038 578 sanctita-
1091 523 1304 591 transmittatis3
1332 524 1411 596 qnia,
1447 525 1516 581 dum
1544 527 1707 583 carnalibus
1739 529 1953 600 concupiscen-

192 605 273 660 tiset
297 604 455 660 coeteslium
478 607 795 678 virtutumcxortaast,
813 611 950 682 quoniam
977 613 1039 683 ipse
1090 610 1138 666 tiis
1152 611 1241 668 dediti
1256 628 1365 676 stamus,
1396 613 1535 684 spiritalia
1559 630 1623 686 qnae
1648 631 1701 670 nec
1728 616 1871 686 videmus,
1892 633 1953 673 nec

193 694 423 766 nobilagcrmen
444 695 480 750 ab
496 697 552 751 alto
580 700 678 751 monte
692 696 849 769 descendit,
863 700 938 755 unde
951 701 1039 756 cham
1090 700 1223 757 audimus
1248 700 1329 756 facile
1373 718 1424 770 tter
1453 703 1660 774 negligentiam
1687 701 1825 759 oblivioni
1853 706 1951 760 tradi·

193 799 300 840 norum
325 799 417 856 genus
432 784 579 855 plantavit.
596 785 766 857 Prophetice
789 804 914 860 namque
942 790 1039 857 rerba,
1093 801 1166 840 mus.
1198 788 1294 843 Valeat
1319 786 1433 842 ditectio
1464 794 1566 860 restra,
1596 794 1625 845 et
1652 789 1700 846 ille
1723 791 1874 848 uobiscum
1910 791 1952 847 sit

193 888 260 944 qua
274 872 304 928 in
320 873 423 929 umbra
437 873 520 928 lamec
536 880 707 943 sonuerunt,
732 881 800 932 tunc
814 877 938 933 formata
951 894 1039 950 appu·
1095 891 1181 946 φιιιιι
1197 876 1358 932 totocorde
1374 875 1504 949 diligitis.

193 965 326 1029 ruerunt,
343 962 458 1032 quando
485 962 575 1018 Filius
604 963 654 1019 uei
681 964 717 1019 de
732 964 789 1020 allo
810 972 917 1036 monte,
933 967 1042 1022 scilicet
1281 981 1488 1039 RESPONSUM
1507 983 1749 1041 ffltnttflfflffls,

194 1051 230 1148 d?
242 1050 329 1106 ⁰⁰¹¹d⁰
345 1051 437 1148 ΜΨ
460 1051 514 1118 ³⁰5³
527 1052 673 1151 ⁶⁰⁸⁰⁰¹¹dj²
698 1053 732 1108 δᾶ
748 1054 924 1111 induendam
939 1055 1039 1156 hum?
1095 1085 1283 1144 Grauissimis
1294 1088 1387 1144 uerbis
1400 1091 1428 1144 et
1442 1087 1498 1143 Dei
1510 1088 1623 1144 nomine
1637 1091 1843 1164 neplipentium
1858 1094 1950 1148 eleri-

195 1141 325 1206 urtatam,
354 1154 404 1210 qul
420 1155 535 1194 ornnem
561 1146 671 1197 vocavit
693 1147 865 1212 creaturam,
890 1149 918 1199 et
931 1160 995 1200 cem
1012 1160 1042 1199 ιιι
1130 1173 1228 1213 comm
1242 1158 1274 1214 επ
1296 1175 1367 1215 cm
1380 1160 1545 1214 animarum
1558 1159 1756 1234 (illaqueatis,
1770 1166 1950 1236 myreum.

195 1241 345 1280 cavernam
368 1232 477 1282 neturae
507 1243 566 1282 sua
596 1229 755 1300 coustituit,
783 1232 920 1302 quoniam
947 1232 1042 1304 ipsum
1129 1227 1188 1295 dit·
1204 1229 1315 1286 multila
1339 1230 1392 1287 dul
1410 1229 1538 1304 plurima
1556 1232 1718 1304 multusque
1732 1237 1820 1290 ctiam
1836 1235 1951 1307 predi-

195 1313 312 1369 deocbat
354 1319 386 1368 ot
418 1331 491 1370 nora
532 1315 680 1372 sanctitate
713 1319 869 1374 coelestium
904 1321 1042 1377 virtutum
1131 1298 1357 1356 mmmm&

195 1401 328 1457 homines
365 1401 508 1472 indueret,
538 1421 612 1461 nora
638 1405 818 1463 humanitate
845 1407 972 1465 indutus.
999 1411 1043 1467 llli
1131 1404 1185 1471 Qui
1207 1406 1388 1480 autemus
1409 1408 1953 1483 esl,etquioenlunuestllpoc.1),

195 1489 937 1568 enim,secundnmloannem,nouecsuupuiuibus,
952 1515 1044 1571 neque
1096 1495 1260 1564 pastoribus
1290 1495 1417 1551 Ecclesia
1455 1496 1539 1551 dicit:
1579 1496 1634 1562 Qui
1670 1504 1741 1565 crat,
1783 1504 1953 1554 creaturam

195 1579 392 1637 excoluntutc
411 1582 520 1649 cumas,
535 1597 629 1653 neque
644 1599 679 1638 ec
697 1583 923 1655 coluntutcuiri,
938 1587 989 1642 sed
1010 1605 1045 1644 ez
1097 1580 1313 1651 facturusue,
1343 1583 1383 1638 ita
1402 1584 1480 1656 quod
1501 1582 1700 1640 testimouium
1713 1586 1954 1642 testimoniorum

195 1667 433 1724 caecutirent
457 1670 549 1740 (loun.
579 1671 615 1740 1);
642 1671 721 1743 quia,
749 1671 822 1727 siunt
850 1674 937 1730 bieria
963 1676 1044 1748 virgo
1065 1643 1128 1724 Biu
1142 1671 1295 1743 semetipso
1309 1670 1420 1741 habuit,
1455 1673 1553 1728 omnia
1581 1689 1670 1745 opera
1699 1689 1751 1729 sua
1764 1675 1896 1731 iaciendo
1916 1676 1955 1730 si·

195 1761 295 1813 contra
311 1762 445 1813 naturam
471 1761 558 1814 mum
584 1764 614 1814 at
643 1758 791 1816 bominem
812 1764 924 1834 genuit,
942 1763 982 1820 ita
996 1765 1045 1821 isti
1098 1763 1147 1814 out
1174 1760 1273 1816 voluit.
1302 1760 1355 1826 Qui
1381 1759 1458 1816 enirn
1487 1776 1605 1817 omnem
1628 1768 1786 1818 creaturam
1815 1763 1895 1830 fecit,
1924 1768 1955 1819 et
1985 1757 1986 1782 ³

195 1849 443 1901 continuaturum
459 1847 845 1920 cemelieconcupteeentioe,
871 1851 1045 1924 ipsumimi.
1099 1845 1298 1904 testimonium
1326 1848 1558 1904 testimoniorum
1586 1849 1615 1904 in
1647 1850 1780 1906 omnibus
1811 1851 1955 1923 operibus
1985 1863 1986 1868 ’

196 1934 294 2000 undo,
311 1933 342 1988 in
368 1951 472 1989 noram
498 1935 677 1991 sanctitatem
704 1923 765 1993 nati
793 1947 871 2009 sunt,
900 1957 988 2013 quam
1011 1959 1044 1998 ex
1099 1934 1158 1990 θῑῐὶὅ
1179 1936 1359 2003 θῦῑθῦἂθῧθῑι
1386 1937 1435 2003 ἰιαι
1465 1937 1541 2009 ‘1⁰0⁶
1566 1938 1701 2011 lu⁰dqu⁰
1725 1940 1883 1995 f⁰f¹11³f¹¹ffl
1901 1956 1955 2011 ap·

63 2023 67 2031 '
182 2019 259 2093 ,ipso
283 2025 431 2076 surxerunt.
457 2021 546 2078 Filius
570 2038 695 2095 namque
715 2024 774 2094 liei,
800 2025 875 2084 sicut
897 2029 989 2084 bonus
1017 2035 1045 2086 et
1080 2024 1205 2094 'patuit
1222 2023 1275 2089 Oui
1304 2029 1505 2093 venturum&
1531 2025 1629 2082 ⁰¹¹1¹²i⁸
1644 2027 1788 2099 lufssdbib
1808 2033 1837 2083 02
1851 2044 1886 2084 08
1902 2029 1956 2084 de·

197 2107 311 2180 sapiens
326 2109 508 2177 hortulanus,
538 2110 629 2166 bonas
643 2117 671 2166 et
685 2111 722 2168 ad
736 2113 878 2187 cuiusque
893 2116 1044 2174 utilitatem
1099 2113 1199 2168 nuoin
1223 2112 1280 2168 alie
1308 2113 1515 2181 vicissitudine,
1541 2114 1666 2184 iterabit,
1697 2120 1726 2171 et
1746 2131 1846 2172 omnes
1860 2133 1954 2188 rogas

196 2197 337 2268 perlectas
362 2197 474 2269 colligit
501 2198 615 2269 narbas,
638 2200 728 2256 boues
747 2205 775 2256 et
793 2203 934 2272 perlectos
950 2205 1044 2262 nomi·
1099 2204 1263 2273 temporum
1287 2207 1316 2257 et
1341 2206 1504 2274 temporum
1528 2203 1680 2274 absterret,
1705 2208 1735 2259 et
1748 2204 1845 2260 omnin
1859 2204 1953 2260 simut

197 2303 257 2357 nes,
275 2286 324 2358 qui
349 2287 434 2359 quasi
454 2286 532 2343 bone
553 2288 645 2344 herba
663 2289 693 2344 in
714 2289 791 2345 bona
815 2296 892 2347 terra
916 2293 1044 2363 fuerunt,
1099 2304 1175 2344 nova
1189 2305 1250 2344 asse
1276 2289 1371 2358 faciet,
1389 2295 1418 2345 et
1440 2295 1505 2362 pust
1520 2291 1723 2363 purgationem
1739 2293 1838 2365 ignota
1854 2299 1952 2348 ostun-

197 2375 336 2448 quoniam
351 2391 418 2430 eum
434 2375 597 2443 audierunt,
619 2382 648 2432 et
662 2392 810 2434 sermones
822 2378 911 2452 ipsius
925 2381 1044 2437 andien-
1099 2377 1156 2432 det.
1186 2379 1227 2433 De
1252 2378 1316 2450 ipso
1340 2383 1441 2434 santus
1466 2379 1555 2447 flavit,
1571 2380 1611 2435 sic
1626 2380 1737 2436 dicans:
1766 2381 1951 2437 Firmamen-

197 2468 250 2531 tes,
267 2462 417 2536 praeceptis
446 2462 537 2535 ipsius
554 2463 677 2521 libenter
690 2465 929 2538 obtemperabant
942 2469 973 2524 in
986 2469 1045 2526 fide
1099 2465 1160 2521 tum
1173 2481 1239 2522 cum
1266 2465 1401 2522 omnibus
1420 2468 1598 2523 ornamentis
1626 2468 1686 2524 suis
1714 2470 1809 2540 posui,
1826 2471 1906 2527 nulla
1921 2473 1953 2528 vi

197 2551 387 2608 eteberitate.
416 2554 479 2624 ipse
493 2569 610 2626 quoque
625 2554 779 2611 duodecim
797 2559 943 2628 apostolos
958 2558 1046 2630 elegit
1099 2569 1208 2611 carens.
1225 2555 1329 2612 Oculos
1358 2555 1435 2610 enim
1458 2555 1539 2628 quasi
1563 2557 1598 2612 ad
1625 2557 1792 2621 ridendam,
1814 2574 1898 2613 eures
1912 2561 1952 2615 ad

196 2641 314 2708 (Mutilo.
342 2641 380 2712 a),
401 2641 434 2697 ed
464 2657 618 2697 numerum
645 2642 797 2700 duodecim
826 2647 1043 2718 prophetarum,
1099 2642 1288 2714 audiendum,
1304 2659 1388 2698 nares
1409 2643 1444 2700 ad
1460 2644 1649 2714 odorandum,
1675 2648 1756 2702 osad
1772 2647 1950 2719 gustandum

196 2729 248 2800 qni
273 2729 376 2785 umbra
402 2730 520 2786 luerunt
548 2729 664 2799 Christi,
705 2733 780 2788 sicut
811 2735 914 2790 umbra
940 2752 1045 2808 corpus
1099 2731 1193 2787 babet.
1222 2731 1293 2787 Nam
1316 2731 1368 2800 sot,
1394 2733 1477 2804 qnasi
1503 2735 1602 2788 lumen
1631 2734 1780 2790 ocellorum
1808 2735 1870 2807 ajars
1886 2741 1946 2804 cst;
1985 2759 1986 2766 ι

197 2816 335 2872 ostendit.
1097 2824 1198 2875 ventus
1213 2823 1308 2874 autem
1326 2820 1440 2876 unditus
1469 2821 1582 2877 aurium
1598 2822 1675 2894 eius;
1701 2837 1760 2889 aar,
1777 2822 1950 2880 odoramen·
1985 2849 1986 2854 ¹

470 2890 636 2947 EPISTOLA
655 2891 773 2950 ΧῙΝῙῙῙ·
1062 2913 1159 2996 ctum
1173 2908 1251 2980 eJus3
1267 2925 1324 2976 ros,
1353 2914 1454 2981 gustus
1477 2911 1549 2981 ejus,
1567 2911 1741 2968 viriditatem
1756 2913 1895 2982 sudando,
1913 2917 1949 2969 ut

250 2993 365 3034 nnlnrrrr
381 2993 528 3035 namnlsr
545 2995 714 3036 cnmlcouua
733 2997 938 3040 cononicuslua
955 2999 990 3039 an
1099 2996 1156 3052 oris
1184 2997 1338 3070 spiramen.
1370 3001 1449 3054 Luna
1479 3015 1595 3071 quoque
1623 3003 1755 3071 tempora
1780 3007 1949 3072 temporum
1985 3025 1986 3080 l

515 3084 710 3126 mimum·
1098 3085 1154 3153 dat,
1171 3089 1200 3141 et
1213 3085 1252 3140 sic
1274 3086 1422 3142 scientiam
1439 3087 1604 3143 hominibus
1633 3087 1767 3144 ostendit.
1784 3090 1876 3146 Stellae
1898 3106 1949 3145 au-

197 3171 268 3240 eius
285 3188 385 3244 preces
386 3173 543 3299 stafilum.
574 3176 735 3248 nouantur
754 3175 1045 3248 quauieucoecillie
1097 3177 1166 3238 tem,
1181 3173 1258 3227 velut
1284 3173 1439 3229 rationales
1455 3173 1523 3242 sint,
1539 3175 1579 3230 sic
1606 3181 1684 3242 sunt,
1712 3175 1781 3248 quia
1807 3176 1947 3233 circutum

213 3241 426 3315 Wmdiwssb
446 3243 1042 3319 “mmmmdsslelillfflrmiffl
1097 3262 1217 3329 babent;
1247 3260 1287 3317 sic
1302 3263 1388 3317 ctiam
1409 3263 1587 3318 rationalitas
1610 3265 1701 3321 multa
1715 3266 1946 3338 comprehendit.

232 3350 377 3405 Pantanus
405 3349 539 3415 decanus,
577 3352 644 3407 licet
671 3352 900 3425 indignissimus,
926 3354 1045 3426 majoris
1098 3351 1226 3414 Ouatuor
1241 3349 1326 3428 stiam
1347 3352 1468 3422 angulos
1492 3351 1580 3420 orbis,
1609 3354 1688 3424 igne,
1712 3354 1788 3410 nubs
1814 3359 1843 3409 et
1870 3370 1947 3426 aqua

196 3437 333 3506 ecclesiae,
361 3442 495 3511 totusque
520 3440 614 3494 clerus
639 3441 800 3510 colonien,
827 3443 994 3498 Hmuacuuer
1008 3442 1044 3498 de
1098 3436 1219 3500 firmavi,
1244 3441 1271 3492 et
1288 3436 1327 3492 sic
1352 3453 1453 3492 omnes
1476 3438 1616 3494 terminos
1639 3443 1733 3506 terrae,
1750 3439 1831 3512 qnasi
1857 3457 1945 3497 renas

197 3526 225 3582 S.
254 3527 381 3582 lieberto
416 3525 445 3581 in
470 3527 591 3601 Pinguia
618 3530 788 3586 uenerande
815 3529 953 3587 sectatrici
987 3532 1044 3587 Pa·
1099 3523 1244 3596 conjunxi.
1266 3525 1385 3597 Lapides
1399 3525 1434 3581 de
1449 3526 1517 3597 igne
1531 3532 1646 3599 alequa
1662 3527 1813 3584 siculosaa
1827 3529 1898 3598 fudi,
1914 3537 1945 3586 at

197 3614 250 3670 tris
273 3614 361 3686 illius,
378 3632 465 3689 quam
480 3616 567 3689 elegit
581 3617 668 3673 bieria
681 3619 763 3687 (Luc.
790 3619 830 3690 x),
859 3623 889 3674 et
902 3636 979 3675 nnnc
992 3636 1045 3693 per
1098 3617 1204 3670 terram
1219 3614 1254 3670 de
1281 3613 1453 3671 humiditate
1480 3620 1508 3671 et
1524 3615 1667 3672 viriditate
1684 3616 1766 3686 quasi
1790 3617 1944 3674 medullam

197 3703 371 3760 munditiam
407 3705 511 3776 cordis,
544 3711 574 3762 at
600 3706 631 3761 in
659 3707 756 3763 futuro
780 3707 853 3763 lucie
877 3707 914 3764 ud
941 3709 1044 3764 leuium
1098 3702 1244 3766 constitui.
1273 3704 1396 3776 Abyssos
1417 3704 1495 3758 reiut
1522 3704 1573 3776 qui
1600 3719 1706 3776 corpus
1732 3705 1883 3774 sustinent,
1911 3707 1944 3762 in

199 3793 289 3849 Deum
308 3791 422 3849 intueri.
1098 3791 1188 3847 fixura
1216 3793 1331 3848 extendi
1357 3791 1433 3847 circe
1455 3808 1527 3864 qaas
1553 3793 1689 3849 sudantes
1717 3808 1800 3866 aquae
1827 3796 1943 3850 suntad

232 3881 304 3947 Quia
344 3888 505 3938 maternam
546 3883 683 3956 pietatem
716 3890 839 3940 vestram
884 3884 1041 3957 diligimus,
1097 3879 1436 3936 firmamentumeorum.
1453 3881 1498 3938 Sic
1512 3882 1609 3936 omnia
1624 3887 1692 3936 sunt
1718 3882 1883 3950 constituta,
1905 3899 1945 3937 ne
1985 3877 1986 3892 *

197 3970 277 4026 vobis
305 3974 406 4026 notum
431 3971 562 4034 iacimus,
591 3971 658 4044 quia
673 3979 826 4046 postquam
852 3990 869 4029 a
894 3974 978 4030 nobis
1002 3992 1044 4031 re·
1097 3968 1239 4025 deficiant.
1266 3969 1297 4026 sl
1322 3969 1413 4025 nubes
1429 3969 1526 4040 ignem
1552 3975 1700 4041 elaquem
1720 3969 1940 4038 nonhaberent,

196 4054 327 4123 cessistis,
371 4071 439 4111 cum
469 4072 522 4126 per
553 4057 678 4112 &vinam
715 4057 874 4128 jussionum
913 4059 949 4114 ad
990 4077 1043 4117 nos
1096 4059 1176 4113 volnt
1199 4059 1271 4114 cinis
1297 4064 1401 4114 essent.
1431 4059 1486 4114 Sed
1511 4059 1536 4114 si
1559 4063 1662 4114 catera
1678 4058 1833 4140 luminaria
1846 4059 1943 4115 tumen
1985 4101 1986 4142 ;

197 4143 354 4213 venissetis,
395 4143 444 4200 ubi
483 4145 568 4201 rerba
609 4145 684 4212 rita,
726 4153 814 4218 prout
854 4149 926 4204 Deua
962 4150 1044 4206 robis
1097 4145 1132 4202 de
1144 4146 1212 4217 igne
1226 4147 1294 4201 solis
1308 4162 1365 4202 nou
1377 4146 1527 4215 baberent,
1553 4162 1605 4218 per
1617 4163 1707 4218 aquas
1733 4162 1793 4200 non
1808 4145 1941 4200 fulmina-

196 4232 356 4304 inspirasit,
372 4232 455 4289 nobis
469 4232 631 4304 aperuistis,
663 4233 694 4290 in
708 4235 1042 4296 maximamadmiratie-
1061 4237 1174 4300 urent,
1189 4234 1238 4289 sed
1260 4249 1334 4288 recca
1356 4239 1459 4289 assant.
1490 4235 1557 4291 liaec
1571 4240 1638 4290 sunt
1653 4233 1739 4289 etiam
1755 4234 1942 4290 instrumenta

197 4337 263 4376 narn
279 4320 355 4377 ducti
384 4337 484 4377 sumus
498 4338 552 4393 pro
577 4339 611 4378 ce
636 4323 712 4396 quod
735 4325 854 4381 [leusin
874 4330 934 4381 mm
947 4326 1043 4400 fragili
1095 4321 1293 4378 edificationis
1320 4322 1454 4390 bominis,
1478 4339 1542 4396 qum
1568 4323 1724 4395 tangendo,
1747 4323 1898 4378 osculando
1912 4327 1941 4377 et

197 4426 272 4476 vase,
286 4411 317 4465 in
332 4415 392 4466 tam
418 4410 514 4482 fragili
528 4428 597 4467 sexu
620 4412 758 4482 hominis,
775 4419 853 4469 tauta
866 4414 940 4471 mira
953 4431 1043 4472 secre-
1095 4411 1295 4481 amplectendo
1316 4408 1544 4481 comprehcndit,
1561 4427 1627 4467 cum
1643 4411 1669 4466 ci
1689 4411 1861 4478 ministrant,
1877 4415 1938 4466 tan·

196 4504 292 4555 torum
308 4515 426 4556 suorum
447 4504 593 4573 operatur.
620 4501 673 4557 Sed
688 4500 818 4574 Spiritus
832 4502 880 4559 ubi
904 4503 1043 4576 outtspe'-
1096 4500 1189 4570 gando
1218 4499 1325 4556 scilicet
1359 4500 1427 4571 quia
1453 4499 1579 4556 nobilem
1609 4504 1778 4571 potestatem
1805 4515 1870 4555 curn
1898 4500 1937 4553 eis

195 4588 357 4656 ruttdoun.
378 4590 426 4658 ιιι).
441 4589 513 4644 Νιιιι
542 4605 576 4644 ex
599 4589 698 4645 mullis
712 4607 809 4646 rernm
823 4591 938 4647 indiciis
953 4593 1043 4648 mani·
1095 4593 1217 4644 exercet.
1232 4589 1286 4646 Scd
1304 4593 1333 4643 et
1353 4589 1439 4644 homo
1454 4589 1564 4644 nullam
1579 4589 1727 4644 licentiam
1747 4587 1937 4660 possibilitatis

196 4678 300 4733 festum
314 4677 357 4747 lit,
373 4678 450 4748 quud
480 4677 510 4732 in
526 4679 693 4750 precordiis
713 4681 813 4736 vestris
826 4681 961 4752 placitam
986 4681 1040 4737 sibi
1095 4677 1223 4745 baberet,
1244 4677 1268 4732 si
1295 4677 1350 4732 ista
1367 4693 1432 4733 cum
1459 4693 1493 4732 ee
1519 4691 1577 4732 uon
1605 4680 1707 4732 essent.
1734 4676 1780 4732 Sic
1809 4678 1935 4730 istarum

195 4766 292 4822 sedem
318 4765 454 4837 elegerit:
482 4767 586 4822 merito
614 4773 643 4823 et
668 4784 720 4824 nas
748 4769 778 4825 in
801 4768 1042 4826 admirationibus
1094 4765 1223 4834 homine,
1243 4770 1272 4822 et
1300 4767 1388 4822 bomo
1414 4780 1479 4820 com
1505 4765 1572 4821 illis.
1605 4765 1626 4822 0
1653 4763 1746 4832 lilioli,
1766 4763 1817 4837 qui
1840 4779 1936 4835 greges

196 4853 349 4910 nostrised
365 4870 414 4909 roa
428 4854 510 4926 quasi
526 4854 560 4909 ad
576 4854 672 4910 rivum
698 4856 747 4912 liei
762 4858 912 4929 templum,
942 4874 1042 4929 preces
1096 4871 1175 4910 moos
1202 4855 1328 4926 pascitis,
1353 4855 1390 4910 de
1415 4854 1535 4910 instanti
1563 4854 1752 4910 instructione
1786 4852 1936 4908 [lominica

195 4944 330 5011 oblaturi,
345 4942 517 5010 accedimus,
540 4948 569 4999 et
595 4945 631 5000 de
659 4945 745 5000 corde
774 4950 878 5014 restro,
900 4946 984 5002 sicuti
999 4963 1042 5004 re·
1094 4943 1181 5012 vocis,
1197 4959 1286 5014 quare
1307 4959 1366 4999 non
1382 4942 1559 5010 erubescitis,
1579 4957 1645 4998 cum
1666 4949 1776 4998 cratera
1802 4943 1934 4996 creatura.

194 5032 310 5088 rcrada
327 5031 377 5086 Dei
402 5033 528 5097 oraculo,
558 5031 685 5087 veritatis
700 5049 836 5105 responsa
863 5034 1038 5106 flagitamus.
1095 5037 1247 5104 precepta,
1272 5047 1338 5104 quae
1369 5030 1404 5087 de
1433 5031 1572 5102 magistro
1588 5046 1640 5085 suu
1655 5030 1772 5096 habent,
1787 5027 1934 5084 nonduse·

196 5119 404 5192 beatitudinem
426 5121 504 5176 enim
521 5126 644 5177 vestram
657 5137 745 5193 qnam
760 5123 862 5178 intime
877 5138 1039 5192 exoramus,
1095 5127 1173 5190 rtlnl,
1191 5121 1240 5175 sed
1256 5119 1432 5193 perficiunt?
1461 5120 1517 5174 Vos
1543 5117 1680 5174 constitui
1705 5117 1780 5172 sicut
1804 5117 1891 5172 solem
1908 5122 1936 5172 et

195 5215 228 5265 ut
242 5209 384 5265 desideria
411 5215 519 5279 nostra,
534 5209 672 5282 quoniam
700 5211 737 5266 ad
762 5227 861 5266 coram
875 5211 1041 5268 animarum
1094 5214 1197 5265 catera
1211 5208 1375 5276 luminaria,
1396 5211 1429 5263 ut
1449 5207 1582 5263 luceretis
1594 5205 1760 5262 hominibus
1776 5205 1933 5278 perignem

195 5297 361 5370 respiciunt,
391 5299 529 5354 intentius
548 5300 606 5356 bes
621 5299 844 5356 commendetis:
872 5304 902 5355 et
926 5299 1040 5373 siquid
1093 5297 1229 5354 doctrinm
1253 5297 1284 5353 in
1313 5297 1388 5354 bono
1412 5311 1529 5352 rumore
1550 5296 1739 5365 fulgurantes,
1765 5299 1794 5349 et
1812 5294 1936 5350 ardentia

193 5385 345 5442 adherens
367 5389 434 5454 Deo,
462 5387 577 5444 animus
592 5393 683 5444 vester
709 5388 740 5443 in
768 5405 835 5444 vcra
863 5388 982 5458 visione,
1007 5395 1041 5446 ut
1093 5387 1179 5443 corda
1206 5391 1350 5459 parantes.
1377 5387 1435 5441 linc
1460 5385 1491 5440 in
1520 5385 1613 5458 prima
1637 5389 1722 5439 oetate
1751 5382 1851 5439 mnndi
1873 5382 1933 5440 ieci.

193 5475 306 5543 assolet,
329 5475 365 5531 de
390 5476 474 5532 uobis
500 5475 665 5548 perviderit,
691 5476 792 5532 litteris
806 5477 889 5537 uobis
903 5477 1037 5534 iutimare
1093 5476 1164 5533 Abel
1188 5475 1267 5532 enirn
1282 5475 1367 5548 elegi,
1395 5475 1453 5531 Noe
1476 5472 1573 5542 dilexi,
1604 5471 1726 5528 Abrabae
1757 5487 1803 5528 ma
1829 5471 1936 5528 ostendi
