3984 6034
88 281 135 336 22l
730 275 917 332 aetsuotAE.
930 305 964 315 -
979 272 1088 330 aelst.
1107 272 1207 330 Xtth.
1792 267 1846 322 222

89 421 117 470 et
138 413 340 487 spiritualium
362 413 548 484 hymnorum,
568 409 737 482 perturbere
761 411 805 465 vet
826 409 938 465 auterre
956 405 1133 464 doceaturis
1147 405 1298 478 operitno,
1315 404 1421 461 scilicet
1435 403 1557 472 homini,
1579 401 1711 465 subditis,
1735 401 1843 456 iecisti·

91 519 148 556 nou
164 502 290 558 desistit.
306 502 488 574 Quapropter
505 515 619 555 summa
637 498 789 571 vigilantia
813 498 893 553 robis
915 503 945 552 et
994 497 1111 568 quaudo
1137 495 1211 550 vires
1244 494 1381 566 potentiss
1413 497 1471 548 tues
1495 492 1619 548 creando
1643 491 1780 547 emisisti?
1800 492 1842 547 Tu

89 591 228 645 omuibus
247 590 373 661 prelatis
398 589 586 660 satagendum
606 592 658 656 est,
687 592 717 642 et
731 591 886 659 autequam
911 602 943 640 os
996 585 1075 641 enim
1098 584 1251 656 pulchrum
1272 587 1379 638 tectum
1399 598 1466 638 cum
1491 581 1691 653 pulcherrimis
1711 579 1843 636 fenestris

89 679 215 748 alicujus
230 678 374 744 Ecclesiae,
388 679 489 733 laudes
509 679 567 732 ileo
594 677 772 744 eunomium,
798 691 851 746 per
874 691 943 730 sen·
996 672 1180 742 suis,{sciticot
1191 669 1652 742 firmamentumcumluminariis
1662 669 1719 724 illis
1729 668 1843 734 creasti,

89 769 213 822 tentam
240 767 390 834 claudatis,
414 768 459 822 rel
479 782 542 822 eam
558 783 576 820 a
595 766 763 832 tractandis,
785 765 829 820 vel
851 763 943 835 perci·
995 761 1026 816 iu
1039 761 1117 832 quod
1132 762 1233 828 solem,
1248 759 1298 832 qni
1316 759 1425 814 lumine
1443 775 1494 814 suo
1509 757 1605 814 omnis
1628 774 1715 828 super
1737 761 1843 812 terram

88 857 206 926 piendis
218 854 406 911 sacramentis
428 855 621 926 suspendatis,
636 870 736 910 musas
759 869 812 924 pro
837 852 943 926 quibus
996 855 1025 904 et
1039 849 1092 904 sub
1106 855 1183 904 terra
1196 849 1269 920 regit
1281 853 1310 902 et
1323 848 1478 912 illuminat,
1494 846 1677 914 constituisti,
1694 846 1740 900 cui
1756 846 1844 901 etiam

90 946 142 1000 hoc
162 945 331 999 iaciendum
347 946 394 1010 sit,
411 942 631 1014 diligentissime
654 942 735 1014 prius
760 941 942 998 discutiendo
996 943 1099 994 cetera
1112 938 1269 994 luminaria
1288 938 1446 1004 adherent,
1468 953 1521 1007 per
1544 951 1632 1005 quem
1656 935 1762 1002 lucent,
1787 934 1844 990 sic-

92 1031 251 1086 rentitetis.
606 1066 608 1069 -
996 1032 1028 1082 ut
1046 1043 1147 1083 omues
1160 1032 1298 1083 creature
1313 1025 1366 1081 tibi
1381 1024 1586 1092 obsecundant,
1602 1032 1631 1079 et
1654 1023 1683 1078 in
1707 1030 1733 1079 te.
1749 1024 1777 1079 in
1793 1039 1843 1094 ge·

123 1120 173 1174 uss
190 1119 367 1175 studendum
385 1118 476 1182 robis,
493 1123 526 1173 ut
537 1118 572 1173 ad
589 1119 645 1174 hoc
656 1117 734 1173 idem
749 1118 810 1172 zelo
822 1116 941 1188 justitias
995 1131 1065 1171 nere
1079 1132 1131 1172 suo
1147 1116 1205 1171 vita
1220 1115 1355 1170 existunt.
1378 1116 1418 1170 Tu
1442 1119 1539 1170 autem
1561 1129 1691 1168 summus
1713 1112 1844 1168 infimam

91 1209 151 1275 Ilei,
166 1223 231 1262 non
255 1207 456 1279 indignatione
472 1208 517 1263 rel
540 1207 648 1279 injusto
670 1210 749 1262 motu
770 1205 870 1272 animi,
891 1221 942 1262 seu
993 1209 1154 1259 creaturam
1168 1203 1296 1274 tetigisti,
1313 1209 1342 1258 et
1361 1203 1571 1259 humanitatem
1594 1218 1626 1256 ax
1643 1201 1692 1256 illa
1712 1200 1843 1269 induisti,

91 1297 238 1353 desiderio
255 1296 374 1352 ultionis
396 1296 564 1363 trahamini,
587 1301 616 1350 et
638 1295 797 1350 cavendum
815 1310 940 1366 semper,
994 1308 1048 1364 per
1063 1307 1152 1364 quam
1166 1291 1317 1347 inimicum
1332 1296 1412 1346 tuum
1426 1307 1458 1346 ex
1472 1296 1531 1346 tolo
1547 1287 1699 1361 superasti,
1725 1287 1775 1360 qui
1799 1287 1844 1342 ιιι-

90 1402 123 1441 ne
138 1385 170 1438 in
185 1384 306 1455 judiciis
318 1384 417 1439 vestris
434 1383 700 1440 circumveniamini
722 1401 740 1438 a
760 1382 874 1450 Sauos,
890 1383 942 1455 qui
995 1381 1071 1436 vidia
1091 1396 1144 1436 sua
1164 1381 1312 1436 lromincm
1329 1395 1414 1452 quem
1430 1381 1632 1450 plasmaveras,
1657 1378 1687 1432 in
1711 1376 1844 1449 paradiso

91 1473 277 1528 hominema
300 1472 408 1528 coelesti
422 1472 583 1541 harmonia,
599 1478 628 1528 et
648 1490 665 1527 a
685 1473 795 1528 deliciis
816 1471 942 1544 paradisi
994 1469 1118 1524 seduxit.
1142 1471 1184 1525 Tu
1214 1469 1291 1524 enim
1308 1483 1373 1522 rere
1394 1467 1526 1532 charitas,
1549 1471 1656 1522 aeterne
1679 1468 1763 1533 Dens,
1784 1480 1845 1520 om-

90 1562 225 1617 extraxit.
238 1563 359 1617 Pensate
371 1561 480 1632 itaque,
492 1562 630 1634 quoniam
655 1559 729 1616 sicot
747 1577 852 1633 corpus
875 1561 942 1616 lesu
995 1557 1080 1613 uibus
1101 1556 1239 1613 creaturis
1259 1556 1315 1611 tuis
1335 1558 1480 1628 sapienter
1501 1556 1612 1618 creatis,
1640 1560 1669 1610 et
1693 1553 1842 1620 ordinatis,

91 1651 199 1706 Christi
212 1651 250 1706 de
262 1649 372 1720 Spiritu
392 1655 491 1705 sendo
504 1665 537 1704 ex
549 1649 716 1721 integritate
740 1648 859 1721 virginis
884 1650 941 1704 lla·
995 1650 1027 1702 et
1041 1645 1226 1718 praeparatis,
1240 1645 1356 1700 tandem
1371 1646 1530 1714 hominem,
1545 1645 1627 1716 quasi
1643 1644 1678 1698 ad
1693 1640 1845 1714 prandium

89 1741 138 1794 riae
150 1744 259 1794 uatum
273 1744 327 1807 est,
343 1738 383 1794 sic
405 1740 493 1794 etiam
517 1739 661 1795 canticum
683 1739 814 1807 laudum,
837 1754 942 1794 secun·
996 1739 1191 1806 preparatum
1206 1733 1379 1803 vocandum,
1394 1733 1523 1788 formasti
1539 1732 1567 1786 in
1584 1737 1642 1788 tam
1657 1731 1737 1787 hrevi
1752 1747 1842 1786 mora.

89 1826 157 1881 darm
173 1827 324 1883 coelestem
348 1827 529 1884 harmoniam
543 1844 593 1899 per
608 1827 745 1899 Spiritum
767 1831 896 1883 sanctum
912 1825 940 1882 in
996 1825 1042 1881 Sic
1056 1829 1173 1878 vocatur
1187 1823 1302 1878 initium
1317 1822 1375 1876 diei
1389 1837 1461 1890 esse,
1474 1820 1589 1893 quando
1615 1819 1723 1875 scilicet
1738 1835 1845 1874 aurora

90 1914 219 1970 Ecclesia
247 1914 423 1983 radicatum
448 1931 552 1988 corpus
581 1933 649 1972 vero
671 1917 875 1972 indumentum
899 1919 944 1969 est
996 1911 1144 1981 consurgit
1159 1912 1326 1966 antesolens
1342 1927 1348 1965 :
1366 1909 1509 1978 ctlstutim
1525 1907 1672 1981 inspirasti
1694 1909 1723 1963 in
1748 1907 1844 1979 ipsum

89 2005 211 2072 animae,
230 2003 399 2075 quurirsm
416 2020 515 2060 rocem
537 2005 633 2070 habet,
655 2005 780 2076 ideoque
805 2005 888 2061 docet
911 2009 943 2058 ut
996 2001 1171 2074 spiraculum
1187 1999 1252 2055 vitae
1267 2001 1350 2066 (Gen.
1365 2001 1413 2068 11),
1436 1999 1509 2054 sicut
1531 1999 1617 2052 etiam
1642 1997 1684 2051 sol
1708 2002 1774 2068 post
1795 2011 1845 2066 an·¹

88 2108 197 2163 eorpus
212 2106 281 2148 cnm
303 2091 401 2148 anima
416 2109 469 2164 per
482 2109 581 2148 vocem
600 2095 660 2149 ileo
674 2093 774 2148 laudes
797 2093 940 2148 decantet.
995 2105 1093 2146 roram
1114 2089 1210 2144 statim
1238 2087 1331 2143 radios
1355 2103 1422 2142 suos
1442 2086 1580 2156 fulgendo
1606 2084 1722 2150 emittit,
1750 2084 1844 2156 spira-

89 2183 169 2238 Uude
200 2187 229 2236 et
257 2181 442 2254 propheticus
470 2182 594 2252 Spiritus
625 2198 677 2254 per
701 2181 942 2255 significationem
996 2179 1093 2234 cutum
1125 2181 1221 2232 autem
1246 2176 1322 2242 vitae,
1353 2175 1451 2230 anima
1474 2180 1527 2242 est,
1552 2190 1617 2245 que
1639 2172 1713 2245 ignis
1737 2171 1842 2240 existit,

86 2272 170 2340 jubet
185 2269 262 2325 utin
284 2269 423 2341 cymbalis
438 2269 630 2340 jubilationis,
647 2276 676 2326 et
698 2271 808 2326 ceteris
831 2270 940 2326 instru·
995 2267 1077 2337 cujus
1094 2263 1213 2321 flamma
1227 2264 1407 2320 rationalitas
1430 2269 1482 2332 cst,
1505 2278 1557 2334 per
1577 2278 1665 2334 quam
1680 2262 1756 2316 vires
1777 2260 1841 2318 eui-

88 2357 198 2412 meutis
219 2357 337 2412 musicis
359 2357 431 2411 Deus
445 2356 589 2422 landone
610 2357 697 2428 (Prul.
723 2365 776 2428 cat,
799 2373 864 2428 ques
892 2373 943 2411 sa·
997 2371 1052 2412 mss
1067 2354 1097 2409 in
1110 2353 1228 2410 edentia
1242 2353 1311 2409 boni
1326 2359 1355 2408 ot
1363 2352 1431 2408 mali
1441 2357 1665 2422 cognoscuntur,
1675 2350 1748 2405 sicut
1757 2350 1844 2407 etiam

88 2447 205 2518 pientes
229 2450 259 2500 et
286 2444 406 2500 studiosi
435 2444 657 2510 adinvenerunt,
679 2445 818 2517 quoniam
842 2461 942 2500 omnes
996 2443 1039 2498 sol
1053 2458 1106 2513 per
1121 2440 1305 2513 splendorem
1324 2457 1409 2497 sunm
1429 2441 1622 2511 cognoscitur.
1639 2440 1715 2495 liora
1734 2443 1843 2504 antem,

87 2540 162 2589 artes
189 2533 309 2604 quesad
340 2531 494 2588 utilitatem
516 2538 545 2588 et
567 2534 766 2588 necessitatem
789 2533 941 2589 hominum
996 2532 1028 2588 in
1040 2547 1098 2602 qua
1111 2531 1251 2587 Dominus
1271 2531 1362 2587 Adam
1383 2531 1414 2585 in
1432 2529 1600 2601 paradisum
1614 2528 1721 2599 posuit,
1743 2533 1773 2582 et
1784 2527 1844 2598 glo-

87 2623 249 2693 pertinent,
272 2620 462 2692 aspiraculo,
486 2623 565 2693 quod
590 2623 664 2676 heus
687 2623 764 2677 misit
780 2622 810 2676 in
837 2638 942 2692 corpus
995 2620 1101 2676 riosam
1123 2619 1336 2690 jucunditatem
1360 2619 1489 2689 eJ'usdem
1510 2617 1636 2689 paradisi
1659 2615 1685 2670 ei
1707 2613 1842 2682 ostendit,

88 2710 313 2780 hoministGers.
325 2713 367 2778 ιι),
384 2716 505 2781 repertas
519 2716 611 2767 sunt:
634 2716 662 2766 et
675 2711 741 2766 ideo
761 2712 873 2783 justum
899 2715 943 2765 est
996 2724 1114 2766 ornnem
1130 2708 1255 2763 fructum
1271 2705 1359 2774 illius,
1382 2713 1499 2778 excepto
1522 2705 1602 2777 ligno
1626 2704 1752 2768 scientias
1773 2702 1843 2758 boni

87 2809 119 2854 ut
134 2801 166 2855 iu
184 2799 323 2854 omnibus
339 2799 472 2854 laudetur
487 2801 572 2855 [leus.
589 2801 773 2872 thuoniem
796 2800 942 2855 inaudita
996 2803 1025 2853 et
1048 2797 1126 2865 mali,
1147 2797 1173 2850 ei
1199 2795 1368 2862 concedens,
1394 2794 1449 2851 fnit
1471 2794 1552 2866 quasi
1576 2793 1670 2864 prims
1693 2807 1783 2864 usqne
1806 2791 1844 2846 ad

87 2890 215 2960 alicujus
224 2888 367 2943 cantionis
381 2889 525 2944 interdum
548 2888 637 2944 homo
661 2906 738 2960 sepe
762 2889 889 2960 suspirat
912 2895 942 2945 et
995 2885 1122 2942 tertiam.
1144 2884 1222 2940 liora
1245 2899 1324 2950 vero,
1349 2900 1407 2955 qua
1434 2882 1544 2939 vocavit
1566 2882 1654 2940 Adam
1676 2880 1843 2937 nominibus

86 2979 193 3049 gemit,
207 2983 341 3031 naturam
358 2977 464 3032 animae
477 2976 599 3034 coelmtis
615 2976 775 3033 harmonias
799 2979 939 3045 recolens,
960 2987 1097 3042 ecorum
1119 2980 1221 3030 cuncta
1250 2973 1409 3030 animantia
1436 2978 1464 3028 et
1487 2971 1614 3027 volatilia
1635 2970 1710 3039 coeli,
1726 2984 1790 3041 quas
1812 2968 1843 3024 in

84 3065 235 3136 propheta
270 3062 388 3134 spiritus
420 3066 552 3118 naturam
576 3063 768 3119 'considerans
790 3069 820 3118 et
849 3064 942 3119 sciens
994 3065 1105 3122 visione
1129 3062 1254 3119 scientiae
1277 3079 1336 3118 sure
1361 3061 1431 3118 vidit
1455 3067 1484 3116 et
1510 3059 1651 3132 cognovit,
1679 3065 1708 3115 et
1729 3057 1760 3114 iu
1785 3075 1844 3130 qna

85 3152 166 3225 (quia
182 3150 394 3223 symphonialis
412 3156 456 3206 est
476 3152 585 3222 anima)
609 3151 741 3208 hortatur
764 3152 796 3207 in
817 3153 939 3224 psalmo,
998 3152 1153 3208 Dominum
1168 3149 1197 3206 in
1213 3149 1341 3206 claritate
1356 3149 1512 3206 divinitatis
1527 3165 1585 3203 suae
1607 3147 1661 3203 sibi
1675 3148 1843 3218 loquentem

85 3249 117 3297 ut
140 3241 338 3296 conliteamur
366 3239 489 3296 Domino
509 3240 541 3295 iu
561 3241 681 3309 cithara,
705 3247 734 3296 et
755 3241 787 3296 in
806 3241 941 3313 psalterio
998 3241 1115 3308 audivit,
1138 3240 1263 3313 spatium
1289 3239 1413 3295 babebat
1443 3239 1516 3294 sicut
1536 3240 1615 3294 horae
1638 3236 1730 3292 tertie
1755 3248 1843 3306 usque

85 3332 190 3387 decem
212 3329 388 3385 chordarum
409 3330 568 3401 psallamus
588 3331 615 3386 ei
630 3331 717 3402 (Paul.
742 3347 830 3394 xxxn,
855 3333 941 3399 xcii:
996 3331 1033 3385 ad
1058 3335 1167 3385 sextam
1185 3346 1193 3387 ι
1209 3345 1267 3400 qua
1290 3328 1398 3384 scilicet
1421 3330 1495 3384 Deus
1514 3327 1540 3382 ei
1565 3332 1633 3382 tunc
1656 3325 1686 3380 in
1712 3323 1844 3380 orientali

84 3421 233 3474 citharam
249 3433 314 3489 quse
328 3417 450 3472 interius
465 3423 559 3486 sonat,
579 3418 615 3474 ad
633 3418 816 3490 diciplinam
838 3435 941 3490 corpo·
996 3423 1078 3489 parte
1111 3417 1254 3490 apparuit,
1281 3433 1334 3472 nec
1365 3418 1428 3488 ejus
1458 3416 1579 3481 vultum,
1600 3413 1649 3468 sed
1683 3412 1843 3468 claritatem

85 3507 142 3574 ris;
156 3504 342 3578 psalterium,
363 3504 441 3575 quod
456 3504 491 3560 de
509 3504 705 3577 superioribus
719 3521 821 3561 sonum
836 3507 939 3575 reddit,
996 3506 1152 3578 quamdam
1173 3507 1270 3562 vultus
1291 3506 1353 3577 ejus
1375 3504 1455 3562 vidit.
1480 3505 1542 3570 Oria
1560 3503 1725 3574 cognitione
1748 3501 1843 3557 laetiti-

84 3597 120 3652 ed
135 3594 334 3650 intentionem
350 3593 485 3666 spiritus;
501 3594 601 3650 decem
613 3594 747 3664 chordas,
762 3596 798 3652 ad
812 3602 940 3652 contem·
995 3599 1101 3660 catuna,
1126 3596 1200 3652 Dens
1222 3595 1253 3650 in
1277 3595 1373 3664 ipsum
1395 3609 1528 3664 soporem
1555 3593 1646 3658 misit;
1674 3597 1703 3647 et
1718 3591 1758 3646 ite
1777 3591 1844 3645 laeto

85 3686 253 3756 piationem
267 3682 340 3754 legis
353 3683 461 3737 reterre
480 3683 610 3754 cupiens.
636 3683 690 3747 oui
715 3699 784 3755 ergo
809 3683 940 3740 Ecclesiae
996 3681 1094 3738 animo
1110 3682 1140 3737 in
1155 3681 1299 3738 desiderio
1313 3682 1435 3752 soporis,
1452 3682 1529 3736 velut
1549 3681 1627 3736 tilius
1646 3695 1743 3734 coram
1763 3682 1843 3750 patre

87 3775 117 3829 in
131 3771 258 3829 canticis
268 3772 386 3828 laudum
402 3770 462 3840 hei,
479 3771 541 3827 sine
563 3771 693 3844 pondere
709 3778 794 3828 certas
809 3773 939 3841 rationis,
995 3786 1045 3824 suo
1059 3770 1243 3826 obdormivit.
1268 3772 1297 3824 tn
1314 3785 1415 3840 sopore
1437 3775 1533 3823 autern
1552 3768 1601 3823 illo
1617 3769 1692 3823 Deus
1710 3766 1843 3838 spiritum

86 3863 240 3918 silentium
259 3860 425 3931 imponunt,
437 3860 583 3916 consortio
604 3862 800 3932 angelicarum
821 3862 941 3918 laudum
994 3857 1086 3928 ipsius
1101 3858 1131 3914 iu
1148 3874 1211 3915 eam
1226 3857 1409 3914 altitudinem
1427 3857 1552 3921 sustulit,
1569 3857 1605 3910 de
1623 3871 1679 3927 que
1694 3855 1725 3910 iu
1738 3870 1843 3924 corpus

86 3952 117 4006 iu
140 3951 217 4006 coelo
241 3950 389 4016 umbrant,
411 3948 462 4021 qui
484 3951 576 4005 Deum
596 3951 627 4005 in
647 3951 731 4005 terris
753 3951 856 4006 decore
882 3968 940 4008 sue
994 3948 1057 4018 ejus
1070 3948 1189 4003 miserat
1202 3963 1267 4004 cum
1282 3947 1401 4002 scientia
1414 3946 1484 4002 boni
1508 3951 1537 4001 et
1557 3944 1634 4012 mali,
1660 3949 1689 3999 et
1710 3959 1753 4012 ea,
1777 3958 1843 4014 que

87 4039 185 4094 laudis
212 4036 320 4109 injuste
343 4035 549 4108 spoliaverunt,
576 4036 631 4092 nisi
653 4053 708 4110 per
726 4053 822 4094 seram
846 4038 939 4110 pleni-
994 4042 1115 4092 venture
1135 4042 1225 4101 erant,
1248 4035 1356 4092 scilicet
1378 4037 1413 4093 de
1434 4035 1572 4108 progenie
1596 4033 1675 4089 illius
1696 4033 1733 4088 ed
1757 4032 1842 4087 coele-

86 4127 213 4182 uetiam
247 4131 277 4180 et
297 4123 445 4192 ,humilem
478 4124 701 4181 satisfactionem
724 4126 941 4182 emendaverint
994 4129 1068 4180 stem
1092 4127 1248 4182 Jerusalem
1268 4125 1456 4197 implendam,
1471 4123 1668 4195 praeostendit.
1687 4123 1718 4178 at
1740 4121 1771 4176 in
1794 4137 1843 4176 oo·

85 4217 168 4287 (Sap.
187 4215 240 4285 xa).
257 4213 311 4278 oui
330 4228 401 4285 ergo
424 4213 489 4269 coeli
504 4214 597 4269 claves
611 4219 722 4282 teuent,
744 4214 871 4271 districte
893 4231 938 4270 ca·
994 4214 1060 4270 dem
1075 4231 1178 4286 sopore
1193 4219 1300 4270 cusum
1314 4213 1350 4270 de
1361 4213 1423 4285 ipso
1436 4212 1513 4282 tulit,
1530 4218 1558 4266 et
1571 4211 1600 4267 in
1612 4211 1764 4268 mulierem
1777 4208 1844 4265 asdi-

86 4310 188 4365 reaut,
212 4319 251 4358 ue
268 4302 310 4357 eis
338 4306 368 4356 et
387 4303 547 4358 claudenda
569 4302 709 4374 aperiant,
734 4309 763 4358 ct
784 4304 941 4375 aperienda
960 4287 1095 4368 Duravit,
1108 4319 1166 4374 qne
1178 4303 1302 4358 adducta
1311 4307 1339 4357 et
1354 4302 1424 4364 visa,
1441 4303 1533 4357 Adam
1548 4301 1663 4372 gavisus
1690 4305 1733 4356 est
1748 4299 1841 4354 valde.

84 4392 226 4447 claudant
238 4406 246 4456 ;
260 4389 329 4462 quia
343 4388 483 4460 judicium
496 4390 682 4446 durissimum
696 4390 727 4446 in
740 4392 785 4446 his
799 4393 850 4464 qrri
864 4409 940 4464 pre·
993 4392 1056 4463 lpse
1071 4397 1167 4447 autem
1177 4397 1206 4447 et
1220 4407 1291 4446 uxor
1305 4392 1367 4462 ejus
1381 4391 1595 4446 considerantes
1610 4389 1679 4460 quid
1693 4388 1843 4458 comedere

84 4485 163 4547 sunt,
182 4479 245 4543 liet,
259 4478 326 4533 nisi.
342 4483 375 4533 ut
392 4478 434 4532 ait
455 4480 619 4549 Apostolus,
641 4479 762 4552 praesint
775 4481 807 4535 iu
830 4480 939 4536 sollici·
993 4480 1039 4534 vel
1053 4479 1168 4552 operari
1182 4479 1308 4550 primum
1332 4479 1480 4547 deberent,
1503 4479 1565 4550 ipsa
1589 4478 1708 4550 propios
1731 4477 1842 4548 lignum

82 4569 189 4624 urdine
213 4569 305 4634 (uem.
331 4566 390 4638 xu).
415 4568 449 4622 itt
470 4567 566 4623 audiri
587 4584 689 4624 rocem
711 4569 752 4624 sic
771 4568 937 4626 dicentem:
994 4567 1120 4624 scientie
1142 4568 1258 4624 boniet
1279 4568 1346 4623 mali
1368 4573 1456 4636 stans,
1475 4568 1569 4623 virum
1588 4583 1672 4623 suum
1697 4569 1843 4636 exspecta·

82 4656 155 4720 Quis
167 4655 278 4710 crearit
291 4655 418 4710 cretum?
433 4655 518 4710 Deus.
538 4654 608 4721 Quis
620 4659 712 4728 aperit
732 4657 866 4713 fidelibus
880 4657 939 4712 suis
992 4657 1050 4712 bat.
1081 4657 1224 4729 Antiquus
1251 4673 1318 4712 vero
1340 4673 1459 4730 serpens
1482 4671 1669 4726 cognosceus,
1701 4654 1769 4726 quia
1808 4653 1838 4708 iu

82 4742 217 4799 eoelumi
241 4743 326 4797 Deus.
348 4741 418 4807 Quis
439 4743 502 4812 ejus
524 4742 650 4800 similis?
673 4746 780 4802 nullus.
809 4748 841 4802 ut
860 4745 937 4814 ideo,
991 4745 1082 4800 alium
1097 4745 1261 4816 respiceret,
1270 4745 1345 4801 sicut
1359 4746 1455 4818 angeli
1466 4746 1496 4800 in
1512 4745 1666 4801 Dominum
1683 4741 1844 4813 respiciunt

82 4830 240 4896 nfideles,
265 4844 352 4884 nemo
376 4833 503 4884 restrum
526 4830 649 4901 resistat,
673 4833 718 4887 vel
741 4849 770 4888 se
801 4839 937 4905 opponat,
991 4849 1056 4890 eam
1073 4835 1108 4890 ad
1122 4834 1324 4906 decipiendum
1345 4851 1497 4908 aggressus
1521 4837 1572 4892 e'st.
1591 4835 1667 4889 liora
1691 4837 1787 4886 autem
1811 4830 1842 4886 in

82 4936 119 4974 ue
134 4917 313 4974 tortitudine
328 4934 380 4973 sua
400 4934 488 4989 super
500 4934 550 4973 ros
563 4919 656 4987 cadat,
676 4925 705 4974 et
727 4921 840 4976 nullum
854 4922 938 4991 adju-
992 4937 1051 4994 qua
1065 4923 1126 4978 haec
1136 4923 1212 4978 lacta
1228 4929 1305 4990 sunt,
1320 4923 1376 4980 fuit
1391 4924 1474 4997 quasi
1490 4923 1617 4994 spatium
1646 4925 1731 4976 sextae
1751 4933 1842 4988 usque

81 5015 190 5075 torem,
206 5005 259 5078 qui
273 5021 322 5062 ros
336 5006 367 5061 in
385 5005 496 5077 judicio
518 5008 581 5078 ejus
604 5013 729 5076 tueatur,
747 5009 862 5080 possitis
885 5011 937 5065 ha·
990 5013 1158 5070 aduenam.
1175 5013 1275 5068 liulier
1296 5029 1384 5085 quam
1402 5013 1539 5069 Dominus
1556 5013 1586 5066 in
1599 5009 1732 5081 paradiso
1746 5009 1781 5063 de
1800 5006 1842 5062 vi·

81 5097 162 5153 bere.
178 5095 261 5150 lstud
281 5099 396 5165 tempus
420 5094 561 5150 muliebre
582 5101 635 5164 est,
660 5097 730 5168 quia
749 5097 863 5168 justitia
887 5098 936 5155 llei
991 5100 1096 5156 viticati
1119 5101 1245 5157 hominis
1273 5108 1350 5158 coste
1374 5101 1566 5158 aedificaverat
1586 5097 1695 5170 (itinn
1720 5102 1789 5152 tuuc
1811 5096 1843 5151 in

81 5183 186 5240 debilis
210 5187 265 5238 est.
288 5181 344 5238 Sed
366 5181 506 5238 tortitudo
525 5182 646 5254 justitiae
673 5185 726 5241 Ilei
750 5186 879 5254 exsudat,
908 5193 937 5242 et
963 5185 970 5198 '
992 5189 1391 5260 prescientiasuahubenset
1406 5188 1567 5261 praevidens
1583 5187 1670 5242 vitam
1684 5201 1737 5256 per
1752 5201 1841 5257 quam

80 5269 220 5326 bellatrix
235 5273 337 5323 contra
349 5267 521 5339 injustitiam
536 5269 641 5338 existit,
663 5275 806 5342 quatenus
827 5272 937 5328 devicta
990 5277 1085 5332 omnis
1100 5277 1157 5332 rita
1168 5277 1306 5341 subsistit,
1324 5275 1498 5347 quandoque
1514 5274 1544 5328 in
1558 5273 1710 5328 mulierem
1725 5271 1841 5328 descen·

82 5358 174 5413 tsdat
990 5379 1098 5432 suram,
1114 5380 1167 5437 per
1182 5379 1268 5436 qnam
1283 5365 1370 5419 bomo
1387 5363 1416 5417 in
1434 5363 1556 5434 gloriam
1571 5361 1697 5433 paradisi
1717 5359 1841 5417 coelestis

115 5447 226 5500 (lvere
240 5442 394 5514 sapientia,
411 5461 475 5515 quae
492 5444 601 5516 absque
615 5445 696 5500 omni
719 5445 802 5501 initio
819 5453 848 5502 et
867 5465 935 5504 con·
988 5451 1148 5508 intraturus
1173 5458 1257 5519 esset,
1282 5470 1297 5507 a
1320 5456 1452 5522 serpente
1474 5452 1600 5517 seducte,
1617 5451 1715 5507 cibum
1740 5449 1840 5505 mortis

83 5537 236 5588 stitutione
251 5537 376 5587 eternus
399 5533 472 5588 tleus
495 5533 604 5600 existis,
628 5540 738 5606 quauta
751 5538 887 5608 mysteria
904 5537 936 5592 iu
991 5541 1051 5596 viro
1068 5558 1120 5598 suo
1134 5540 1270 5612 porrexit.
1288 5539 1357 5612 ipsis
1372 5556 1441 5612 ergo
1463 5541 1591 5596 claritate
1612 5557 1664 5597 sua
1683 5541 1724 5597 ita
1748 5541 1839 5596 denu-
