3984 6034
76 249 130 302 713
691 244 834 302 servias,
848 275 885 290 -·
901 245 965 304 [ΑΒ.
985 245 1033 310 111.
1055 247 1146 304 tusto
1166 245 1210 303 Xl.
1774 249 1827 304 tlt

76 376 246 452 perditionis
259 375 382 444 devicto,
397 375 486 432 filius
506 379 573 432 ante
594 374 683 433 ίίηοιη
702 377 805 434 mundi
820 377 852 432 in
873 393 923 432 ca-
943 379 1034 448 Apus
1047 377 1117 434 illud
1133 393 1201 434 cum
1216 393 1266 434 eos
1279 377 1339 450 jam
1361 377 1505 435 crudelius
1519 377 1666 436 inflectere
1680 384 1710 436 et
1724 381 1825 438 incur-

76 469 186 524 tbolica
200 467 258 523 fide
277 466 498 522 candidissimus
514 470 545 521 et
569 466 781 536 pulcherrimus
794 466 926 537 fulgebit,
982 483 1049 522 vare
1073 466 1205 535 tentabit,
1230 466 1352 522 Ecclesia
1372 466 1402 522 in
1421 467 1488 523 filiis
1506 468 1565 526 suis
1578 469 1741 526 albedinem
1754 487 1828 526 rerer

74 559 116 612 ita
131 557 210 629 quod
234 561 304 611 ωηο
332 555 430 626 palam
452 555 554 610 veritas
581 571 634 626 per
660 556 756 626 ipsum
778 569 930 626 cognosce-
982 555 1060 623 fidei,
1087 555 1187 612 sedin
1210 555 1273 626 ipse
1295 555 1459 627 angustiam
1481 557 1635 628 sanguinei
1656 560 1780 631 stuporis
1795 576 1828 617 ac

75 651 141 713 tur;
168 644 288 718 etqaod
314 644 424 700 falsitas
444 643 475 698 in
498 643 560 698 filio
584 642 745 716 iniquitatis
766 643 930 714 peremnia
982 644 1121 700 maximas
1135 661 1278 701 aerumnas
1292 645 1468 700 diversarum
1482 646 1648 717 passionum
1661 648 1825 706 sustinebit.

76 735 241 804 abjicietur,
264 738 298 788 ut
324 738 353 788 et
380 731 468 786 flerid
490 747 589 786 servus
613 747 695 787 meus
718 736 851 797 testetur,
878 730 929 786 ubi
981 733 1025 788 ab
1043 733 1111 806 ipsis
1140 739 1236 789 autem
1258 733 1380 806 genibus
1399 749 1490 806 usque
1512 733 1549 790 ad
1569 735 1638 791 duas
1664 752 1828 810 zonasque

75 823 164 877 dicit:
181 823 244 877 Rea
256 819 480 876 emolatubs'fur
498 819 530 875 in
539 823 606 888 Qec,
620 819 818 876 fundabuntur
831 835 930 875 omncs
982 839 1034 896 per
1057 828 1252 878 transversum
1277 821 1409 892 superius
1425 828 1575 894 tangentes
1594 825 1700 880 calcem
1721 827 1828 898 pedum

75 909 432 984 unijureorts'nec3puio
447 908 622 964 obstructum
640 911 684 964 ert
698 925 731 964 or
751 906 927 980 mamutium
983 911 1056 968 albae
1080 911 1225 980 videntur,
1255 910 1414 984 sanguinea
1441 917 1576 982 apparet;
1600 913 1668 985 quia
1689 929 1754 970 cum
1768 915 1829 987 jam

74 998 283 1071 inipuffl’cef.
300 999 382 1068 arri).
412 998 471 1053 floc
496 998 553 1053 tale
572 1002 629 1052 est:
651 997 797 1054 Profunda
810 995 930 1052 scientia
982 1001 1061 1056 velut
1077 1000 1237 1056 motionem
1257 999 1452 1070 oppressionis
1472 1015 1532 1056 sua
1549 1001 1728 1074 sustinuerit,
1739 1021 1830 1078 usque

76 1090 198 1162 quaeest
216 1102 340 1159 magnus
358 1090 450 1141 status
469 1085 500 1141 iu
518 1085 638 1142 homine
652 1086 760 1141 scilicet
778 1085 929 1157 pulchram
983 1087 1021 1143 ad
1050 1087 1122 1144 duos
1149 1090 1237 1144 testes
1262 1087 1389 1144 veritalis
1410 1087 1462 1160 qui
1491 1089 1643 1146 Ecclesiam
1675 1091 1830 1149 fortissime

75 1179 203 1234 formem
218 1177 386 1248 linguarum
406 1175 559 1231 hominum
582 1175 729 1230 voluntate
753 1179 783 1228 ef
805 1173 930 1245 disposi·
983 1173 1183 1242 continebunt,
1197 1173 1258 1245 jam
1272 1173 1348 1230 circa
1356 1175 1635 1232 consummationem
1652 1179 1754 1234 mundi
1768 1195 1832 1236 can·

76 1266 158 1320 tione
185 1264 238 1320 Dei
262 1268 396 1335 tangens,
421 1267 536 1318 suenus
566 1261 765 1334 symphonizat
789 1263 820 1318 in
845 1260 930 1317 atteri
983 1264 1084 1320 dorem
1107 1261 1225 1334 justitie
1248 1269 1277 1318 et
1292 1263 1471 1321 rectitudinis
1490 1266 1683 1336 ostendentes,
1708 1270 1831 1326 scelera·

77 1355 141 1422 liei,
158 1353 227 1425 quia
242 1353 332 1408 fleam
342 1351 422 1408 norit
434 1356 464 1406 et
477 1351 553 1407 beari
569 1351 601 1406 iu
615 1349 749 1406 laudibus
759 1349 926 1406 sonantium
982 1351 1108 1408 tissimus
1137 1351 1350 1423 persecutiones
1382 1357 1412 1408 et
1443 1341 1655 1410 crudelissimas
1678 1357 1832 1417 effusiones

77 1444 224 1499 mentium
246 1447 376 1508 currunt,
401 1446 514 1496 torrens
528 1440 583 1496 iter
605 1439 758 1495 verborum
783 1439 814 1494 in
834 1440 930 1510 puris·
984 1441 1144 1514 sauguinis,
1168 1441 1250 1497 iniis
1269 1441 1320 1512 qni
1339 1441 1435 1511 ipsum
1457 1443 1634 1512 perditorem
1650 1451 1831 1520 contempse-

77 1535 155 1588 simo
187 1531 266 1587 fonte
288 1530 441 1586 fortissimi
468 1528 658 1585 dominatoris
684 1528 840 1584 facientes:
864 1544 930 1582 cnm
984 1531 1043 1586 rint
1066 1529 1202 1601 patietur.
1222 1529 1295 1595 Quid
1319 1528 1395 1585 hocf
1414 1529 1486 1585 Cum
1507 1530 1583 1586 filius
1602 1535 1773 1604 perditionis
1799 1537 1831 1592 in

76 1622 110 1676 in
136 1621 250 1692 perdito
283 1625 414 1690 tempore
442 1619 631 1674 destruuntur
657 1618 754 1672 hiatus
779 1615 930 1671 sibilorum
984 1619 1129 1674 contraria
1143 1617 1409 1688 suadoctrinajam
1434 1617 1571 1675 fiduciam
1596 1621 1833 1681 otfortitudinem

77 1708 287 1766 diabolicarum
301 1708 418 1774 artium,
439 1722 505 1779 qum
529 1711 639 1762 mentes
664 1704 815 1760 hominum
838 1706 930 1775 turpi·
949 1672 1124 1763 Bfallaciter
1152 1705 1329 1762 confortatus
1358 1707 1518 1779 acceperit:
1549 1712 1617 1764 tunc
1651 1715 1680 1765 el
1710 1712 1834 1770 Ecclesia

76 1803 124 1854 ter
150 1798 292 1854 inliciunt.
322 1796 380 1852 Sed
413 1801 443 1853 et
474 1795 524 1850 illa
548 1793 697 1849 muliebris
724 1793 821 1864 imago
843 1809 931 1865 quam
984 1795 1110 1852 incursu
1122 1794 1314 1850 festinationis
1328 1811 1387 1850 sum
1402 1794 1582 1852 nobilissimo
1605 1798 1744 1870 sanguine
1763 1817 1835 1874 per-

78 1893 147 1943 ante
168 1886 259 1942 altare
284 1885 362 1958 quod
389 1889 432 1940 cst
464 1889 531 1940 ante
562 1884 660 1939 oculos
682 1884 732 1938 Dei
755 1882 837 1954 prius
859 1897 932 1938 con·
984 1883 1132 1950 fundetur,
1148 1882 1199 1938 ubi
1226 1887 1254 1938 et
1272 1883 1333 1954 ipsa
1355 1887 1423 1938 tunc
1438 1884 1523 1954 plene
1544 1886 1605 1956 jam
1621 1887 1834 1945 coelestehabi-

78 1993 227 2048 sparetus,
252 1990 331 2031 aune
350 1975 439 2031 etiam
458 1975 557 2030 tibist
573 1973 621 2028 hic
641 1973 747 2027 iterum
763 1971 929 2038 ostendiur;
985 1971 1111 2027 taculum
1124 1973 1315 2026 construetur.
1333 1971 1405 2026 Nam
1419 1986 1480 2038 ros,
1495 1988 1514 2026 n
1526 1972 1630 2044 plateae
1644 1976 1831 2046 Hierusalem,

78 2066 151 2138 quia
165 2080 270 2136 spensa
284 2064 348 2119 Filii
365 2062 417 2120 [lei
442 2061 604 2134 purissimis
627 2060 807 2120 orationihus
820 2063 932 2114 sancto·
984 2065 1055 2116 tunc
1069 2061 1099 2116 in
1114 2059 1224 2130 optimo
1239 2075 1310 2114 auro
1324 2075 1377 2130 par
1389 2061 1559 2131 sanguinem
1582 2067 1745 2119 sanctorum
1773 2065 1834 2121 ful-

78 2170 148 2210 rum
171 2154 293 2221 instans,
306 2158 335 2208 et
352 2169 400 2206 eas
424 2165 558 2222 supernae
577 2149 760 2221 inquisitioni
775 2148 932 2204 secundum
985 2147 1106 2221 gebitis;
1134 2148 1201 2220 qnia
1230 2149 1360 2204 diabolus
1376 2155 1445 2206 tuuc
1464 2151 1673 2223 exstinguetur,
1697 2154 1833 2226 quoniam

79 2243 163 2316 quod
180 2242 235 2298 tibi
262 2245 506 2312 permonstratum
529 2244 573 2294 est
601 2237 783 2293 devotissime
797 2237 930 2305 offerens,
986 2238 1115 2292 membra
1131 2237 1250 2307 superui
1278 2237 1352 2308 regis
1376 2243 1543 2308 persecutus
1558 2245 1610 2306 est,
1624 2239 1664 2296 ita
1682 2243 1758 2314 quod
1774 2243 1835 2316 ipse
1862 2269 1869 2285 s

78 2333 172 2388 modo
190 2332 277 2387 etiam
300 2331 355 2386 tibi
380 2330 411 2385 iu
432 2329 542 2384 eisdem
564 2325 752 2383 sacramentis
774 2341 826 2396 pro
842 2341 932 2380 asser·
985 2341 1047 2398 pras
1062 2341 1167 2396 magne
1182 2330 1291 2380 terrore
1305 2341 1357 2382 suo
1369 2326 1404 2381 ed
1419 2326 1543 2382 nihilum
1556 2329 1713 2400 redigetur.

80 2422 162 2478 boue
174 2420 295 2491 justitiae
309 2420 488 2486 declaretur;
507 2418 547 2472 ite
561 2423 657 2472 tamen
672 2415 749 2487 quod
762 2431 826 2470 earn
845 2415 932 2470 modo
1022 2413 1078 2468 Sed
1093 2429 1109 2466 o
1135 2429 1183 2468 vos
1199 2412 1341 2480 homines,
1367 2411 1417 2483 qui
1435 2413 1466 2468 iu
1489 2413 1559 2484 ipsis
1573 2415 1703 2472 habitare
1724 2417 1836 2475 deside-

79 2512 172 2566 atiam
186 2510 222 2564 ab
235 2509 372 2565 umbilico
381 2508 490 2563 ventris
506 2507 642 2563 deorsum
657 2505 772 2572 rideas3
792 2503 933 2576 quoniam
986 2499 1068 2567 ratis,
1082 2501 1163 2556 illum
1185 2500 1284 2572 fugite.
1302 2505 1330 2556 et
1348 2501 1439 2556 Deum
1454 2502 1506 2573 qui
1520 2519 1570 2558 ros
1585 2505 1692 2560 crearit
1706 2506 1834 2564 adorata.

81 2601 147 2671 ipsa
173 2614 225 2671 pro
247 2597 394 2654 creatione
415 2595 465 2652 illa
490 2611 547 2668 qua
573 2610 652 2650 nunc
675 2592 867 2649 ecclesiastica
888 2590 933 2646 di·
987 2590 1019 2644 ln
1043 2605 1089 2644 ser
1113 2589 1191 2644 enim
1214 2589 1316 2644 diebus
1330 2589 1450 2660 pertenit
1470 2591 1544 2646 Deus
1559 2608 1647 2664 opera
1668 2610 1735 2665 sua;
1765 2596 1837 2651 etin

80 2688 195 2761 gnitate
216 2687 396 2758 provehitur,
411 2701 504 2757 usque
523 2684 560 2739 ad
580 2682 790 2754 plenitudinem
806 2680 933 2736 filiorum
987 2677 1110 2749 septimo
1125 2677 1267 2749 requierit
1292 2677 1327 2732 ab
1343 2693 1431 2748 opere
1449 2693 1509 2735 suo.
1526 2680 1599 2745 Quid
1616 2681 1692 2737 troc?
1706 2681 1758 2737 Sex
1774 2682 1836 2738 dies

81 2779 147 2848 ejus
175 2776 275 2832 multis
305 2775 511 2831 miraculorum
539 2771 683 2844 mysteriis
716 2769 752 2826 ad
780 2767 934 2823 tuitionem
988 2764 1270 2821 sexuumerisaeculi
1286 2769 1354 2821 sunl
1368 2785 1376 2834 ;
1392 2766 1442 2822 sed
1468 2767 1590 2823 insextc
1605 2783 1680 2824 nora
1697 2771 1838 2828 miracula

81 2867 256 2930 multorum,
292 2864 346 2920 tihi
375 2863 584 2919 manifestatur.
627 2861 697 2915 flam
730 2857 767 2912 ab
797 2854 934 2912 umbilico
988 2853 1193 2908 mundocedite
1206 2858 1282 2922 suut,
1299 2853 1431 2910 utatiam
1451 2854 1482 2910 in
1499 2859 1578 2911 sextu
1597 2855 1644 2912 die
1660 2857 1734 2914 fleus
1749 2876 1838 2931 opera

81 2967 177 3022 nsque
205 2952 241 3007 ad
261 2952 355 3006 locum
370 2950 453 3006 illum
474 2949 525 3004 ubi
549 2947 654 3003 mulier
678 2945 870 3016 cognoscitur,
886 2957 934 2996 va·
954 2941 1213 3025 Gsuacnmplerit.
1231 2943 1312 2998 Nune
1330 2947 1427 2999 autem
1442 2945 1575 3014 muudus,
1592 2944 1622 3000 iu
1637 2946 1759 3016 septimo
1782 2963 1838 3005 nu·

82 3038 143 3092 rias
167 3043 196 3091 et
211 3053 379 3110 squamosas
402 3036 529 3092 maculas
549 3035 653 3089 babet:
669 3030 748 3102 quod
762 3033 806 3085 est
821 3045 836 3083 a
852 3027 935 3084 forti·
989 3047 1070 3087 mero
1098 3031 1195 3087 saeculi
1225 3037 1293 3086 aule
1322 3033 1508 3088 novissimum
1535 3033 1624 3102 diem,
1648 3040 1691 3091 ast
1718 3036 1792 3093 sicut
1806 3037 1838 3094 in

82 3125 188 3182 tudine
199 3125 250 3180 illa
271 3141 329 3197 qua
344 3125 429 3180 modo
449 3124 480 3178 iu
497 3121 566 3178 liliis
583 3121 642 3178 suis
655 3121 742 3191 digne
758 3123 787 3174 el
799 3116 935 3174 laudabi-
988 3119 1036 3174 die
1051 3119 1181 3190 septimo.
1204 3121 1376 3182 Quomodo?
1394 3121 1544 3192 Prophetae
1569 3138 1652 3178 voces
1670 3141 1735 3180 suas
1760 3141 1837 3182 com-

83 3216 153 3270 liter
169 3214 256 3286 viget,
272 3214 413 3285 usquead
429 3217 545 3283 tempus
558 3210 630 3266 illud
644 3209 694 3264 ubi
706 3207 784 3264 filius
799 3205 936 3278 perditio-
958 3207 966 3230 ⁸
989 3206 1151 3280 placarunt,
1172 3208 1261 3264 Filius
1277 3209 1365 3264 etiarn
1392 3225 1472 3266 meus
1496 3212 1673 3268 voluntatem
1698 3229 1792 3270 meam
1807 3215 1839 3270 iu

83 3303 131 3358 uis
148 3307 224 3358 artes
236 3319 312 3369 suas,
328 3318 400 3373 quas
415 3301 548 3358 diabotus
567 3299 668 3370 primm
685 3295 803 3352 mulieri
816 3294 937 3350 immisit
989 3297 1100 3352 mundo
1115 3295 1243 3368 perfecit,
1261 3301 1398 3370 claperte
1408 3300 1594 3371 Evangelium
1608 3301 1638 3358 in
1653 3306 1715 3357 foto
1731 3304 1839 3359 mundo

83 3389 227 3462 perficere
249 3389 411 3455 conabitur,
435 3387 601 3444 varietatem
620 3389 650 3440 et
673 3383 811 3440 duritiam
834 3384 866 3439 in
889 3383 937 3440 oh-
990 3385 1180 3456 praedicatum
1201 3390 1253 3453 est,
1274 3387 1325 3443 sed
1347 3393 1375 3443 et
1397 3389 1452 3444 hoc
1476 3405 1529 3460 per
1541 3395 1656 3463 tempus
1674 3396 1839 3464 temporum

80 3477 212 3550 jectioue
233 3478 392 3534 multorum
424 3477 559 3532 vitiorum
595 3480 655 3529 tam
684 3474 715 3528 in
745 3471 938 3528 fornicatoriis
990 3472 1069 3544 pleni
1083 3473 1209 3542 numeri,
1226 3480 1315 3546 etper
1328 3476 1393 3547 plus
1411 3481 1576 3546 temporum
1592 3495 1735 3536 annorum
1750 3481 1841 3553 ipsius

83 3583 177 3640 quam
191 3568 223 3622 in
239 3567 396 3622 mortiferis
419 3571 449 3622 et
471 3564 624 3636 rapacibus
646 3562 730 3617 malis
747 3559 938 3616 lamentabili·
989 3561 1069 3632 pleni
1086 3563 1208 3626 numeri,
1225 3563 1356 3634 quamvis
1376 3565 1406 3619 iu
1427 3565 1519 3620 mulla
1544 3565 1707 3624 diversitate
1727 3585 1841 3626 merum

83 3661 131 3710 ter
155 3665 184 3711 et
205 3653 406 3710 miserabiliter
424 3652 587 3708 sustinebit.
607 3649 780 3716 Quomodo?
794 3648 936 3714 Quoniam
990 3649 1143 3705 hominum
1171 3653 1267 3706 tanim
1294 3667 1347 3722 per
1369 3667 1415 3706 me
1439 3654 1513 3708 bene
1537 3652 1689 3710 fundatum
1704 3657 1840 3726 perstitit.

83 3745 106 3799 ii
132 3744 183 3815 qui
210 3759 275 3799 eam
306 3743 428 3815 diligere
451 3742 600 3807 deberent,
632 3755 696 3794 eam
722 3738 825 3793 acriter
839 3753 937 3810 perse·
992 3738 1047 3793 Sed
1080 3753 1156 3792 nunc
1186 3739 1325 3794 catholica
1354 3739 1425 3794 fides
1454 3739 1485 3796 iu
1517 3743 1631 3812 populis
1657 3743 1780 3812 vacillat,
1813 3751 1842 3801 et

88 3837 228 3904 quantur.
992 3827 1181 3896 Evangelium
1200 3827 1231 3882 in
1245 3827 1411 3884 hominibus
1421 3827 1570 3897 claudicat,
1585 3829 1743 3886 fortissima
1755 3831 1841 3887 etiam

125 3920 207 3976 Unde
229 3919 315 3974 etiam
337 3919 370 3975 in
394 3921 456 3975 loco
480 3919 632 3976 muliebris
661 3916 837 3989 cognitionis
855 3932 939 3972 mon·
990 3916 1141 3972 solumina
1162 3932 1226 3988 quae
1250 3917 1448 3988 probatissimi
1477 3918 1609 3974 doctores
1630 3920 1720 3974 multe
1743 3920 1841 3976 studio

86 4013 236 4064 struosum
260 4012 290 4063 et
305 4008 496 4079 nigerrimum
516 4015 603 4079 caput
626 4008 764 4077 apparet;
790 4005 859 4076 quia
872 4021 938 4060 cum
992 4004 1235 4060 enucleaverunt:
1260 4004 1338 4076 turpi
1362 4005 1449 4060 taedio
1468 4005 1615 4073 diffluunt,
1639 4011 1669 4062 et
1683 4007 1763 4062 cibus
1777 4008 1843 4064 ritae

87 4095 201 4150 artibus
214 4096 316 4166 primm
331 4094 508 4150 seductionis
531 4095 563 4149 in
577 4093 767 4151 monstruosis
781 4087 939 4163 turpitudi-
993 4091 1156 4148 divinarum
1184 4091 1397 4163 scripturarum
1418 4093 1480 4165 Jam
1511 4095 1667 4166 tepefactus
1688 4101 1740 4151 est.
1763 4097 1844 4152 Unde

89 4183 189 4250 nibus,
202 4189 241 4238 ·et
257 4183 288 4238 in
313 4181 479 4255 nigerrimis
496 4179 711 4252 iniquitatibus,
723 4177 895 4250 perditionis
908 4175 941 4231 fi-
995 4195 1073 4236 nuno
1095 4180 1199 4252 loquer
1218 4195 1270 4252 per
1284 4196 1342 4236 nou
1367 4181 1534 4254 loquentem
1549 4181 1697 4240 homiuem
1713 4185 1748 4242 de
1773 4183 1845 4242 Scri·

88 4273 144 4326 lius
160 4269 308 4326 insaniens
331 4270 437 4337 veniet,
458 4270 558 4340 igneos
572 4269 672 4323 oculos
693 4273 722 4323 et
744 4282 828 4324 aures
841 4272 875 4322 ut
888 4280 939 4322 au·
958 4264 1097 4341 llpturis,
1114 4285 1166 4324 nec
1181 4269 1310 4326 edoctam
1326 4275 1471 4326 aterreuo
1486 4271 1624 4344 magistro
1638 4288 1646 4342 ;
1662 4274 1711 4330 sed
1727 4289 1781 4346 ego
1794 4275 1845 4346 qui

89 4377 135 4416 res
150 4358 238 4426 asini,
261 4365 291 4414 et
312 4374 397 4414 umes
416 4363 443 4414 et
460 4373 492 4412 es
515 4361 549 4412 ut
573 4372 658 4412 neres
672 4361 701 4412 et
723 4374 756 4412 us
777 4356 871 4412 leonis
889 4355 939 4410 ha·
996 4373 1061 4414 sum
1076 4357 1201 4414 edissero
1229 4373 1280 4429 psr
1308 4373 1372 4414 eam
1400 4374 1476 4414 nova
1496 4363 1604 4415 secreta
1627 4366 1657 4416 et
1680 4363 1771 4418 multa
1785 4377 1847 4435 my·

89 4448 182 4503 bens:
215 4463 283 4524 cum
317 4446 491 4502 furibundos
515 4449 594 4501 actus
617 4445 786 4519 nequissimi
814 4443 891 4516 iguis
911 4448 942 4499 et
996 4447 1067 4504 stica
1080 4460 1145 4519 quae
1168 4446 1306 4502 hactenus
1321 4445 1351 4501 iu
1377 4447 1572 4504 voluminibus
1593 4449 1749 4517 latuerunt,
1768 4450 1848 4506 velut

89 4536 277 4608 turpissimos
293 4536 405 4591 sonitus
426 4536 669 4606 centradictionis,
694 4537 787 4592 ileum
804 4535 942 4606 abnegari
996 4533 1083 4590 bomo
1103 4533 1171 4590 facit
1197 4533 1247 4605 qui
1270 4533 1372 4590 limum
1394 4535 1451 4591 sibi
1477 4536 1605 4608 primum
1631 4537 1792 4610 componit:
1818 4542 1848 4593 et

89 4627 201 4682 faciens
226 4624 395 4681 bominibus
421 4625 561 4694 immittit,
587 4626 627 4682 ita
644 4626 803 4698 pessimum
820 4624 942 4680 fetorem
999 4622 1105 4679 deiude
1120 4637 1155 4677 cx
1169 4635 1202 4678 eo
1226 4639 1356 4695 quasque
1370 4623 1480 4680 formas
1496 4625 1652 4681 secuudum
1666 4627 1845 4683 voluntatem

91 4714 227 4771 sensibus
251 4728 353 4769 eorum
371 4713 537 4782 infundens,
563 4731 596 4770 ac
613 4715 814 4770 crudelissima
833 4713 943 4786 rapaci-
998 4711 1237 4768 suamdisceruit.

93 4809 153 4860 tate
166 4802 376 4858 aecclesiastica
388 4803 523 4859 institute
538 4802 691 4873 dilanians,
715 4802 823 4859 scilicet
838 4817 944 4873 magno
1035 4799 1058 4856 0
1085 4799 1225 4855 fructuosi
1248 4800 1378 4856 doctores
1404 4801 1475 4856 boni
1505 4799 1588 4871 lucri,
1605 4801 1720 4858 'animes
1740 4806 1849 4859 rostras

93 4893 177 4948 biatu
195 4889 334 4947 frendens
356 4896 386 4947 et
404 4892 484 4948 uelut
506 4892 614 4948 ferreos
631 4909 664 4948 ac
678 4891 833 4948 horribiles
845 4891 946 4947 dentes
1000 4888 1134 4946 redimite
1154 4891 1182 4943 et
1203 4887 1280 4945 huno
1296 4903 1458 4944 sermonem
1473 4889 1587 4946 fortiter
1599 4891 1730 4961 clamate,
1747 4907 1799 4948 uec
1813 4892 1850 4948 ed

94 4979 274 5036 horribiliter
295 4995 420 5051 acuens3
446 4980 585 5054 quoniam
604 4981 790 5038 voracissimo
813 4980 888 5036 rictu
901 4980 945 5034 ri·
1000 4979 1096 5051 ipsum
1123 4977 1266 5034 increduli
1294 4981 1398 5048 sstcte;
1419 4979 1487 5050 quia
1510 4977 1627 5035 siillnm
1640 4979 1776 5050 spernitis
1792 4996 1850 5037 nou

95 5072 206 5126 tiorum
230 5069 433 5126 fortitudinem
459 5076 489 5126 et
508 5070 652 5126 insaniam
665 5068 862 5126 mordacitatis
875 5083 945 5135 suae,
1002 5068 1085 5124 illum
1099 5067 1147 5122 sed
1160 5081 1206 5122 me
1220 5066 1271 5139 qui
1284 5081 1441 5124 reraxsnm
1451 5066 1643 5124 contemnitis.
1659 5067 1714 5123 Vos
1723 5083 1850 5140 nemque

95 5159 152 5215 sibi
180 5159 429 5215 consentientibus
450 5162 577 5231 pessime
601 5158 706 5231 infigit.
733 5160 766 5214 at
778 5160 815 5214 ab
831 5159 884 5214 illo
899 5173 946 5214 ce·
1003 5157 1145 5228 populum
1159 5157 1319 5212 maumsub
1329 5156 1394 5228 lege
1409 5173 1475 5213 mea
1485 5156 1596 5212 nutrire
1607 5157 1728 5225 debetis,
1744 5157 1852 5214 haben·

97 5248 157 5320 pita
186 5249 339 5320 usquead
369 5264 465 5320 mnne
488 5249 550 5319 illa,
576 5249 640 5306 alba
663 5253 692 5306 et
710 5247 801 5304 rubea
819 5253 849 5304 at
869 5247 949 5303 velut
1003 5250 1046 5302 tes
1061 5261 1160 5302 curam
1175 5261 1266 5317 usque
1280 5244 1315 5301 ad
1326 5245 1504 5316 prefinitum
1517 5248 1631 5317 tempus
1641 5245 1720 5301 illius
1729 5247 1853 5302 curatio·

99 5339 191 5393 multa
213 5337 388 5394 counitione
411 5342 533 5394 contusa
550 5342 609 5405 est;
635 5337 806 5410 quoniame
824 5335 950 5409 passiam
1004 5333 1060 5399 nis,
1074 5349 1142 5390 cum
1161 5331 1273 5389 deficiet
1288 5333 1382 5388 omnis
1400 5348 1469 5388 cura
1484 5333 1616 5389 omnium
1637 5333 1779 5390 laborum.
1797 5335 1854 5392 Sed

98 5425 269 5499 deceptione
291 5442 351 5500 qua
371 5427 449 5484 iltius
472 5426 643 5500 perditionis
667 5427 802 5484 homiues
822 5425 950 5498 primum
1005 5424 1041 5480 da
1069 5423 1125 5479 hoc
1142 5426 1272 5495 tempore
1295 5421 1409 5478 habetis
1434 5426 1567 5494 tempora
1595 5427 1760 5495 temporum
1778 5439 1852 5497 prn-

98 5515 206 5572 blande
223 5521 254 5573 et
269 5515 375 5574 leniter
388 5517 526 5573 seducere
541 5515 703 5586 conabitur,
716 5531 809 5588 usque
825 5515 863 5572 ad
876 5520 951 5572 tam·
1004 5513 1069 5572 firm
1087 5510 1358 5585 predestinationis,
1383 5511 1417 5568 ed
1439 5515 1554 5584 tempus
1574 5511 1647 5569 illud
1663 5517 1810 5570 currentes
1823 5513 1854 5570 iu

281 5616 420 5684 Parnoi..
446 5616 592 5685 cxcvll.
1634 5617 1677 5677 23
