3984 6034
91 267 143 320 sea
733 264 995 322 scivias-ure.
1017 267 1037 334 ι,
1059 265 1150 322 visto
1171 263 1206 322 ιι.
1788 259 1847 326 ιιι

90 398 250 456 ambulent.
277 396 331 452 Sed
360 396 384 450 si
407 395 448 450 ibi
474 395 505 450 in
526 394 717 451 fornicatione
739 396 933 467 praevaricatio
951 397 1114 454 dcundum
1141 397 1330 469 petulantiam
1355 412 1492 468 pecorum
1513 399 1665 458 seminent.
1684 400 1841 457 [ludorum

91 489 164 561 legis
179 493 229 541 aut
249 485 279 541 in
301 485 363 540 viro
378 492 428 541 aut
444 484 476 540 in
491 485 611 539 muliere
633 491 687 555 est,
702 490 772 540 tunc
792 491 841 540 aut
862 503 940 540 asa·
994 485 1102 542 invidia
1123 487 1239 558 vipereo
1254 502 1334 542 mure
1355 503 1404 542 eus
1425 488 1534 544 cruciat
1555 494 1585 544 et
1608 505 1672 545 cum
1697 493 1841 546 maculosa

90 576 233 648 metipsis,
257 580 307 629 aut
330 590 346 629 a
368 573 560 628 sacerdotibus
584 573 643 627 suis
665 573 811 645 publicati,
834 589 940 630 censu·
994 573 1177 646 superfluitas
1201 573 1319 628 seminis
1343 573 1470 646 ipsorum
1493 575 1600 648 absque
1615 577 1717 633 umore
1742 579 1790 634 liei
1813 583 1842 635 et

92 682 154 720 ram
168 664 307 736 spiritalis
321 662 479 734 magisterii
502 661 661 717 secuudum
676 663 752 733 quod
771 663 882 733 justum
897 666 941 717 est
994 663 1101 734 absque
1124 662 1252 718 humana
1279 663 1430 735 disciplina
1457 664 1486 718 ιι
1510 664 1578 736 ipsis
1603 671 1660 734 est;
1676 665 1842 740 frequenter

92 753 285 810 sustinebunt.
318 751 434 806 Maritus
468 755 563 805 autem
587 750 623 806 de
646 766 734 806 uxore
759 757 788 806 et
808 767 882 805 uxor
905 752 941 806 de
994 751 1030 806 ad
1050 751 1267 824 castigationem
1285 752 1370 824 liujus
1389 753 1585 823 perversitatis
1608 757 1737 826 ipsorum
1764 763 1841 812 rectu

92 843 198 898 marito
212 856 308 896 coram
325 840 446 894 Ecclesia
467 843 496 893 et
521 840 648 910 prietatis
672 840 762 911 ipsius
785 839 832 899 de,
845 845 939 894 trans·
991 839 1101 913 J'udicio
1117 841 1177 911 Dei,
1194 841 1243 914 qui
1257 857 1291 896 ex
1316 841 1385 913 ipsis
1410 848 1569 897 nascuntur
1591 844 1627 898 ad
1652 846 1843 902 contrarieta-

91 931 239 1002 gressioue
268 927 479 999 conjunctionis
513 943 573 982 ιιι
612 927 770 983 secundum
797 927 939 998 justitiam
995 931 1248 985 teminmembris
1267 929 1325 985 suis
1345 931 1541 986 destituuntur
1560 936 1589 987 et
1612 948 1629 986 a
1652 935 1841 1004 prosperitate

92 1020 142 1076 uei
166 1023 362 1090 conqueretur
384 1032 392 1070 ι
416 1032 474 1071 ιιι
498 1021 596 1071 tamen
622 1016 661 1070 ita
687 1021 717 1071 ut
748 1017 867 1071 maritus
891 1021 941 1072 aut
994 1018 1058 1073 ritae
1074 1035 1132 1074 ιιι·
1150 1018 1333 1091 dejiciuntur,
1349 1019 1405 1074 nisi
1422 1020 1621 1090 poeniteutiam
1644 1021 1759 1077 illorum
1777 1038 1839 1077 sus·

92 1106 413 1178 uxoraliamcopulam
437 1109 557 1176 querat,
583 1106 631 1161 sed
653 1105 708 1176 ipsi
732 1111 782 1159 aut
808 1106 940 1160 simulin
994 1105 1114 1178 cipiens,
1139 1106 1309 1178 placabilem
1340 1123 1384 1162 ιιι
1412 1107 1472 1162 istis
1502 1110 1661 1165 ostendam.
1694 1111 1765 1166 liam
1791 1109 1840 1183 qui

93 1197 265 1252 rectitudine
293 1194 503 1266 conjunctionis
531 1194 755 1264 permanebunt,
778 1200 828 1248 aot
852 1210 882 1248 se
904 1194 941 1252 ab
995 1194 1211 1267 inpoenitentia
1234 1200 1415 1267 peccatorum
1437 1212 1554 1252 suorum
1571 1214 1616 1254 me
1637 1199 1840 1268 invocaverint,

92 1284 261 1356 hujusmodi
279 1281 482 1355 conjunctione
498 1282 584 1338 simul
607 1282 802 1349 abstinebunt,
815 1282 895 1353 juxta
910 1282 940 1337 id
994 1283 1193 1355 poeniteutiam
1220 1284 1350 1356 ipsorum
1380 1289 1501 1357 propter
1531 1303 1660 1343 amorem
1691 1289 1755 1343 Filii
1785 1288 1842 1344 mei

92 1373 171 1445 quod
195 1373 236 1428 eis
259 1389 312 1443 per
332 1371 514 1442 disciplinam
534 1369 728 1426 ecclesiasticae
752 1371 941 1426 institutionis
994 1372 1165 1445 sirecipiam;
1188 1374 1326 1444 quoniam
1350 1372 1400 1445 qui
1418 1373 1540 1444 digitum
1558 1391 1642 1430 suum
1667 1376 1701 1432 ad
1718 1393 1763 1431 rue
1778 1394 1839 1449 poe·

93 1464 318 1526 demonstratur,
344 1477 397 1514 nec
424 1477 454 1515 se
473 1460 587 1532 viperea
615 1460 784 1515 laceratione
816 1459 941 1516 dilania-
994 1461 1111 1517 nitendo
1127 1461 1310 1531 levaverit,id
1326 1469 1367 1516 est
1389 1463 1439 1534 qui
1458 1465 1599 1535 gemitum
1624 1465 1716 1521 cordis
1736 1465 1781 1520 sui
1803 1465 1839 1521 ad

91 1551 177 1617 hunt,
193 1551 330 1621 sedpura
349 1549 501 1604 dilectione
526 1549 658 1620 diligent,
686 1547 825 1619 quoniam
846 1553 875 1603 et
898 1548 942 1602 vir
996 1565 1042 1604 me
1062 1549 1091 1604 in
1114 1549 1283 1621 poenitentia
1302 1551 1475 1616 extenderit,
1500 1551 1619 1608 dicens:
1642 1553 1763 1609 Peccuvi
1784 1555 1841 1609 Du·

93 1645 123 1694 ιι
137 1641 244 1694 ιιιιιιι
257 1654 318 1692 asse
333 1654 390 1692 non
403 1642 522 1709 possunt
538 1638 593 1691 uisi
608 1638 661 1692 ista
676 1637 860 1708 copulatione
874 1652 941 1708 pro·
995 1637 1083 1710 mine,
1101 1655 1200 1695 corum
1229 1644 1271 1710 te;
1301 1640 1501 1710 peonitentiam
1533 1641 1614 1696 illam
1647 1642 1716 1696 mibi
1753 1643 1841 1698 Filius

93 1729 195 1796 creati,
210 1727 452 1801 quemadmodum
468 1726 574 1781 Paulus
593 1725 940 1796 amicusmeustestatur,
998 1745 1078 1784 meus
1101 1727 1234 1794 ostendit,
1259 1728 1308 1800 qui
1336 1730 1468 1784 sacerdos
1491 1731 1673 1786 sacerdotum
1697 1735 1749 1799 est,
1773 1733 1842 1803 quia

92 1819 191 1873 diceus
208 1834 216 1871 r
233 1813 942 1885 mmuiuuurofitaervirpermuuerem:
995 1815 1163 1888 punitentia
1198 1833 1264 1888 qirae
1297 1817 1491 1873 sacerdotibus
1516 1819 1545 1873 iu
1573 1835 1670 1874 amore
1697 1819 1758 1874 Filii
1785 1819 1843 1876 nrei

91 1907 192 1962 omniu
201 1907 407 1962 uutuneeiiee
424 1905 453 1975 (1
463 1905 524 1959 Gor'.
552 1903 611 1974 ru).
627 1901 856 1973 Quudjdicitur:
881 1903 941 1959 llu-
995 1907 1123 1970 oiiertur,
1144 1905 1348 1978 purgationem
1371 1913 1551 1978 peccatorum
1582 1924 1646 1964 eam
1673 1909 1843 1967 iacientibus

93 1997 148 2052 lier
160 2002 281 2067 propter
294 1994 389 2048 virum
408 1999 503 2047 creata
520 1997 572 2059 est,
588 1997 618 2047 ct
635 1993 680 2046 vir
701 1999 821 2064 propter
843 1992 944 2047 mulie-
995 1995 1126 2050 concedit
1152 1995 1231 2050 Unde
1246 1995 1445 2066 poeuiteutiam
1465 2013 1546 2051 suam
1570 1997 1657 2068 digne
1674 1999 1808 2054 iacientes
1825 2016 1843 2056 a

93 2102 156 2141 rem
176 2085 338 2151 factusest;
354 2083 491 2154 quoniam
512 2087 545 2137 ut
567 2081 617 2137 illa
640 2081 675 2136 de
701 2081 771 2149 viro,
793 2081 877 2136 itaet
899 2081 944 2136 ιιι·
976 2082 1112 2138 ¹maxilla
1139 2083 1243 2138 diaboli
1266 2090 1372 2138 exeunt
1395 2085 1537 2153 homines,
1562 2085 1699 2157 quoniam
1724 2087 1772 2142 ille
1792 2089 1843 2144 ha·

94 2177 129 2231 de
142 2175 192 2228 itla
207 2189 244 2228 ne
258 2173 382 2228 alterum
396 2170 432 2227 ab
446 2173 537 2226 altero
553 2171 679 2225 discedot
702 2170 732 2224 in
761 2171 872 2226 unitate
889 2186 943 2225 ne·
996 2187 1077 2229 mum
1092 2171 1195 2227 divinoe
1212 2171 1347 2243 potentie
1363 2172 1505 2244 deglutire
1519 2175 1625 2242 rolens,
1649 2175 1730 2246 juste
1751 2177 1843 2248 illam,

93 2268 191 2318 torum
212 2277 342 2322 suomm,
360 2261 758 2332 quiaiuuuoopere,unuru
775 2265 943 2330 operantur,
996 2277 1077 2316 suam
1110 2260 1223 2315 fortiter
1253 2261 1423 2328 vulneravit,
1450 2262 1500 2318 ubi
1533 2263 1619 2318 etiam
1651 2280 1728 2319 nunc
1746 2265 1844 2320 ildeles

94 2350 343 2423 qiremadmodum
375 2365 425 2404 aer
459 2355 487 2403 et
516 2354 617 2403 ventris
641 2364 728 2420 opera
750 2365 802 2402 sua
819 2348 944 2402 invicem
997 2350 1100 2404 auimce
1132 2365 1149 2403 a
1182 2348 1341 2420 perditione
1371 2355 1552 2406 transeuntes
1590 2352 1624 2406 ad
1656 2353 1843 2410 salvationem

92 2440 279 2513 complicant.
307 2439 476 2504 Quomodo?
501 2441 601 2491 Aera
634 2440 719 2491 rento
746 2441 886 2505 rueretur,
915 2440 945 2491 et
997 2437 1179 2509 perveniunt.
1212 2435 1383 2502 Quomodo?
1415 2437 1488 2502 Quia
1521 2439 1681 2495 sacerdotes
1708 2441 1738 2496 iu
1762 2442 1845 2498 altari

92 2529 273 2585 rentusaeri
297 2528 471 2599 implicatur,
491 2527 531 2580 ita
555 2527 632 2597 quud
657 2525 686 2580 in
711 2524 820 2580 ambitu
844 2539 944 2580 eorum
998 2525 1178 2580 invocatores
1205 2524 1333 2579 nominis
1361 2525 1417 2580 mei
1449 2527 1613 2592 existentes,
1638 2529 1844 2586 contessionem

94 2621 195 2674 omnia
217 2616 339 2672 virentia
366 2616 422 2670 illis
446 2615 560 2671 subdita
590 2621 666 2670 sunt.
691 2614 763 2679 Quid
797 2619 840 2668 est
869 2612 945 2668 hoc‘l
997 2614 1171 2684 populorum
1188 2613 1355 2685 suscipient,
1371 2613 1421 2669 ubi
1436 2613 1477 2669 eis
1497 2615 1655 2672 remedium
1680 2618 1779 2673 salutis
1792 2619 1845 2674 de-

96 2709 200 2764 ilulier
213 2707 276 2761 rire
290 2711 318 2760 ct
335 2705 379 2760 ιιι
392 2705 507 2760 ιιιιιιιι
528 2703 557 2758 ιι
580 2719 667 2775 opere
691 2703 819 2758 tiliorum
840 2717 945 2773 coope-
998 2701 1209 2758 monstrabunt.
1224 2701 1406 2773 Quapropter
1432 2708 1463 2758 ut
1483 2703 1572 2759 Deum
1599 2706 1768 2776 placabilem
1793 2708 1844 2763 ba·

95 2791 767 2866 ratur,uudemaximacrimiueibisuut,ubi
791 2791 943 2846 fornicatio
998 2792 1095 2855 heaut,
1127 2807 1225 2846 semen
1259 2807 1344 2846 suum
1378 2791 1407 2846 in
1436 2791 1600 2848 diversitate
1628 2795 1762 2850 vitiorum
1785 2812 1845 2851 non

96 2884 243 2940 indiebus
265 2882 416 2937 creationis
434 2882 559 2936 liliorum
582 2880 755 2935 divisionem
770 2880 847 2943 lecit,
872 2896 943 2952 quu-
998 2879 1204 2948 contaminent,
1231 2879 1366 2951 quoniam
1393 2881 1444 2953 qui
1477 2881 1506 2936 in
1531 2881 1719 2939 fornicatione
1744 2887 1788 2941 rel
1814 2885 1846 2940 in

95 2975 175 3030 niam
197 2971 349 3044 proprium
371 2971 540 3042 sauguinem
554 2969 595 3042 lde
618 2967 806 3025 fundamento
829 2967 886 3024 loci
900 2968 944 3024 sui
963 2967 1139 3048 Cadulterio
1153 2984 1252 3023 semen
1268 2984 1352 3024 suum
1376 2969 1504 3041 ejiciunt,
1530 2969 1604 3025 lilios
1627 2987 1693 3026 suus
1718 2972 1767 3044 qui
1791 2974 1846 3028 hoc

94 3059 736 3127 siretmutieribiabscindunt,inalienum
758 3058 852 3112 locum
876 3073 943 3112 eum
1001 3055 1086 3111 modu
1120 3071 1155 3110 ιι
1185 3056 1255 3127 ipsis
1278 3065 1436 3113 nascuntur
1463 3059 1686 3132 negligentiores
1710 3061 1844 3118 reddunt.

95 3152 274 3224 abjicientes.
305 3148 352 3203 llis
383 3153 459 3203 certe
493 3145 687 3202 fraudulentia
717 3145 822 3202 diaboli
849 3150 877 3200 et
902 3145 946 3201 ira
1000 3144 1169 3210 Quomodo?
1192 3145 1245 3210 Qui
1270 3161 1342 3216 puro
1362 3146 1539 3202 limolutum
1563 3149 1606 3203 vel
1629 3155 1736 3204 stercus
1758 3148 1847 3205 adrni-

96 3239 146 3296 oei
164 3239 363 3309 relinquetur;
379 3234 448 3308 quia
468 3233 560 3289 ioedus
582 3233 653 3288 illud
678 3233 856 3305 praevaricati
878 3238 947 3288 erint
1000 3238 1070 3299 scat,
1085 3232 1217 3304 nunquid
1231 3249 1280 3288 vas
1296 3234 1398 3290 stabile
1413 3236 1499 3290 iecit?
1511 3235 1556 3292 Sic
1576 3237 1627 3309 qui
1643 3254 1741 3293 semen
1762 3233 1846 3293 s'uum

95 3329 177 3401 quod
201 3326 273 3398 ipsis
299 3325 375 3380 Deus
396 3323 555 3379 constituit.
578 3323 767 3394 Quapropter,
793 3338 833 3376 ra
864 3321 944 3393 ipsis,
1000 3322 1030 3378 iu
1051 3321 1237 3377 fornicatione
1260 3323 1303 3378 rel
1326 3323 1468 3378 adulterio
1500 3325 1689 3396 contaminat,
1715 3327 1847 3400 uunquid

96 3415 216 3489 quando
232 3419 348 3486 peccata
370 3412 500 3483 ipsorum
521 3410 562 3465 eis
587 3426 645 3465 non
668 3409 866 3465 remittuntur.
890 3408 946 3464 Sed
1000 3409 1074 3466 filios
1089 3411 1265 3466 fortitudinis
1279 3411 1390 3484 giguit?
1413 3412 1465 3468 Sed
1483 3414 1565 3469 inulti
1585 3431 1620 3469 ιι
1644 3415 1679 3470 ιιι
1703 3415 1732 3470 ιι
1755 3416 1846 3471 diver-

96 3505 232 3579 quamvis
245 3505 289 3558 vir
304 3509 333 3557 et
347 3501 451 3556 mulier
466 3502 495 3555 iu
511 3499 587 3555 natis
600 3500 670 3567 suis,
683 3505 716 3554 ut
729 3504 875 3556 ostensum
892 3502 946 3566 est,
1000 3500 1084 3555 situle
1119 3514 1233 3554 murum
1260 3516 1292 3554 ac
1321 3501 1511 3556 medullarum
1547 3519 1665 3559 suarum
1706 3503 1845 3572 laborant,

96 3596 153 3650 sibi
181 3597 386 3664 cooperentur,
406 3590 504 3645 omnia
533 3596 631 3645 ιιιιιιι
663 3588 794 3646 videlicet
818 3594 877 3644 tum
903 3588 948 3643 ιιι·
1002 3587 1086 3643 mulli
1103 3592 1198 3642 auteur
1214 3604 1246 3642 ex
1261 3589 1301 3643 eis
1316 3589 1471 3660 prudentes
1494 3593 1523 3644 et
1539 3591 1574 3645 ud
1596 3591 1735 3647 saeculum
1758 3597 1786 3647 et
1810 3591 1848 3647 ad

86 3699 187 3762 ,ιιιιι
202 3682 309 3737 ιιιιιιι
330 3685 360 3735 ιι
377 3685 488 3736 caterae
507 3683 646 3733 creatura
667 3693 702 3732 ex
724 3677 822 3733 divina
847 3676 947 3749 dispo-
1001 3677 1091 3732 Deum
1124 3675 1298 3732 afficiuntur.
1322 3677 1355 3731 Et
1378 3693 1443 3731 cum
1475 3677 1520 3732 his
1539 3679 1661 3734 ccelesiis
1689 3679 1847 3735 Jerusalem

97 3774 205 3828 sitione
219 3778 248 3826 et
263 3768 446 3825 ordinatione
462 3773 539 3835 sunt,
559 3767 695 3839 quoniam
710 3767 783 3821 Deus
797 3781 830 3821 ea
845 3780 947 3820 secun·
1002 3763 1148 3837 impletur,
1164 3780 1230 3819 cum
1246 3764 1301 3836 ipsi
1317 3765 1384 3819 vitia
1399 3766 1564 3821 deserentes
1578 3773 1606 3822 et
1615 3767 1736 3823 virtutes
1751 3783 1849 3824 eman·

98 3862 170 3917 dum
185 3860 365 3915 voluntatem
379 3873 462 3912 suam
478 3855 554 3912 iecit.
1002 3857 1045 3908 tes
1056 3852 1087 3907 in
1101 3853 1230 3907 castitate
1246 3869 1278 3908 ac
1292 3853 1321 3908 iu
1336 3853 1449 3927 maguis
1473 3854 1618 3910 laboribus
1635 3855 1727 3910 lilium
1752 3869 1848 3910 meum

133 3955 211 4006 Ante
229 3949 458 4003 incarnationem
472 3951 569 4001 autem
592 3945 656 4000 Filii
684 3941 751 4012 mei,
774 3941 893 4015 quidam
917 3942 947 3997 iu
1002 3940 1162 4003 imitantur,
1173 3942 1343 4014 martyrium
1353 3942 1443 4013 ipsius
1459 3943 1489 3998 in
1499 3959 1617 4015 corpore
1626 3959 1677 3998 suu
1692 3947 1849 3999 secundum

98 4041 222 4111 antiquo
237 4037 345 4110 populo
364 4035 504 4108 plurimas
523 4049 626 4089 uxores
641 4033 800 4088 secuudum
817 4031 946 4086 rolrmte·
1001 4030 1220 4104 possibilitatem
1235 4047 1316 4086 suani
1331 4038 1487 4103 gestantes.
1507 4033 1559 4088 Ubi
1568 4037 1663 4088 autern
1678 4032 1803 4088 inientes
1815 4033 1850 4088 de

98 4136 160 4185 tem
189 4143 273 4182 suam
302 4127 386 4181 simul
418 4124 578 4190 habebant;
600 4122 668 4194 quia
692 4121 820 4176 nondum
841 4123 947 4192 aperta
1002 4119 1120 4175 homine
1136 4120 1213 4175 nasci
1224 4121 1302 4189 nolo,
1317 4119 1356 4176 ibi
1373 4121 1469 4176 viriles
1479 4121 1554 4177 vires
1566 4121 1684 4177 seminis
1694 4121 1804 4190 aufero,
1814 4137 1850 4177 ne

98 4215 356 4275 demonstrationis
369 4213 594 4285 prohibitionem
606 4211 672 4266 iude
684 4209 846 4276 audierant,
860 4224 948 4280 quam
1002 4208 1033 4264 iu
1047 4214 1144 4264 ventre
1167 4209 1265 4265 matris
1288 4211 1470 4281 coaguletur3
1490 4211 1734 4283 quemadmodum
1759 4211 1847 4267 etiam

98 4308 192 4364 Filius
208 4320 289 4360 cuens
303 4303 333 4360 in
347 4303 489 4358 mundum
510 4300 628 4356 veniens
651 4298 776 4356 ostendit
790 4297 948 4352 rectissimo
968 4295 1087 4354 Dterrae
1103 4297 1265 4354 fructiferas
1280 4299 1355 4355 vires
1370 4301 1492 4372 denego,
1507 4300 1559 4355 ubi
1575 4300 1629 4356 hoc
1647 4301 1725 4372 justo
1743 4299 1851 4372 judicio

99 4397 204 4454 ordine
216 4395 303 4467 liujus
317 4392 510 4465 copulationis
530 4390 679 4447 inmerito
699 4393 729 4444 ιι
749 4403 838 4443 uxore
855 4401 948 4458 quan·
1006 4403 1070 4443 meo
1084 4387 1177 4443 tacere
1192 4387 1267 4443 rulo.
1284 4387 1338 4444 Sed
1353 4387 1421 4460 quid
1438 4387 1594 4457 miraris,o
1616 4389 1714 4458 bomo,
1731 4389 1806 4462 quod
1821 4389 1852 4446 in

98 4487 148 4544 diu
164 4485 197 4540 in
218 4485 272 4540 hac
294 4483 353 4538 rita
374 4483 519 4554 spirarent
539 4480 698 4534 secondum
719 4475 950 4548 conjunctionem
1004 4475 1153 4530 adulteriis
1177 4480 1205 4530 ιι
1228 4473 1259 4530 ιι
1292 4475 1404 4530 caeteris
1424 4476 1593 4546 hujusmodi
1620 4476 1788 4533 criminibus
1810 4477 1853 4532 in-

98 4577 171 4632 Adoe
194 4578 222 4629 et
247 4573 310 4628 Erre
337 4571 526 4644 propalatam,
548 4567 686 4642 quoniam
709 4565 873 4638 cunjunctio
889 4565 950 4619 haec
1004 4562 1097 4618 iantes
1112 4563 1189 4618 nasei
1210 4562 1366 4634 permitto?
1382 4563 1524 4635 judicium
1547 4580 1645 4620 mcum
1663 4566 1776 4636 justum
1797 4569 1850 4620 est.

100 4681 160 4720 non
189 4660 348 4718 secundom
370 4660 549 4717 voluntatem
570 4657 696 4713 hominis
719 4654 768 4712 sed
792 4654 951 4711 secundum
1005 4652 1074 4708 Nam
1103 4668 1120 4707 a
1144 4651 1226 4724 lapsu
1251 4652 1318 4707 lide
1339 4668 1399 4708 uon
1418 4651 1514 4708 inveni
1538 4651 1567 4708 in
1592 4654 1721 4709 humano
1744 4653 1853 4709 semine

99 4754 239 4808 timorem
254 4749 305 4806 liei
321 4749 478 4805 exercenda
493 4752 549 4815 est3
569 4747 637 4818 quia
652 4744 756 4801 melius
774 4749 817 4800 est
841 4750 951 4799 rectum
1002 4740 1145 4814 justitiam
1158 4756 1223 4813 qua
1243 4741 1274 4796 in
1289 4757 1323 4796 eo
1345 4757 1406 4796 esse
1429 4741 1539 4812 debuit,
1562 4741 1610 4797 ubi
1634 4759 1697 4798 eam
1723 4742 1853 4798 diabolus

99 4840 273 4913 conjugium
285 4839 370 4910 iuxta
391 4837 609 4909 dispositionem
634 4833 829 4890 ecclesiasticae.
847 4832 954 4889 discre-
1006 4833 1036 4887 in
1051 4836 1137 4903 gustu
1148 4831 1228 4902 pomi
1243 4830 1400 4904 fugaverat,
1423 4831 1529 4888 idcirco
1549 4830 1615 4886 misi
1636 4831 1740 4889 Filium
1755 4847 1853 4886 meum

100 4932 192 4988 tionis
215 4930 322 4985 habere
343 4944 431 5000 quam
467 4924 688 4982 fornicationem
712 4927 859 4996 appetere,
886 4937 952 4978 cum
1006 4919 1192 4976 inmundum
1209 4921 1269 4974 sine
1285 4919 1769 4992 ullupeccatodevirginenatum,
1787 4935 1856 4993 que.

101 5031 203 5077 tamen
222 5035 273 5073 ros
293 5017 425 5073 homines
449 5016 503 5071 hoc
525 5015 716 5087 negligentes,
739 5016 861 5067 vestram
887 5010 953 5066 libi·
1007 5015 1092 5067 tenus
1106 5009 1285 5080 insanguine
1296 5027 1348 5065 suu
1362 5010 1409 5065 cui
1420 5010 1498 5064 nulla
1508 5009 1630 5082 pollutio
1641 5009 1734 5066 carnis
1749 5009 1853 5076 iuerat,

100 5111 202 5166 dinem
233 5123 293 5163 nou
328 5109 421 5163 solum
446 5103 605 5162 secundum
636 5101 768 5157 homines
795 5100 842 5156 sed
866 5100 953 5156 etiam
1009 5100 1124 5156 diabolo
1141 5099 1233 5171 spolia
1247 5098 1296 5153 illa
1312 5115 1375 5172 que
1389 5098 1419 5154 in
1433 5099 1550 5156 homine
1570 5103 1705 5171 rapuerat
1718 5099 1853 5155 auferret.

101 5197 263 5255 secundum
287 5211 389 5268 pecora
411 5193 574 5250 exerceatis.
598 5190 680 5247 Fides
702 5195 799 5245 autem
827 5193 903 5245 recta
926 5193 956 5245 et
1044 5189 1116 5246 Nam
1135 5204 1187 5244 nec
1199 5189 1287 5244 homo
1304 5195 1459 5260 conceptus
1474 5187 1503 5243 in
1523 5195 1651 5261 peccato,
1670 5204 1721 5244 nec
1735 5188 1856 5260 augelus

101 5305 177 5360 pura
192 5285 307 5343 dileetio
322 5281 477 5355 agnitionis
503 5281 554 5338 liei
576 5279 650 5336 inter
671 5279 809 5335 maritum
835 5281 864 5334 et
885 5294 953 5333 uxo·
1009 5280 1125 5348 tegmen
1158 5275 1252 5330 carnis
1279 5291 1338 5330 nou
1363 5275 1472 5330 habeus
1494 5275 1642 5331 hominem
1674 5275 1706 5331 in
1732 5277 1857 5349 peccatis

102 5392 164 5433 rem
194 5375 243 5445 sit,
269 5390 305 5428 ne
326 5373 437 5429 semine
458 5386 559 5427 eorum
586 5368 729 5425 diabolica
753 5371 814 5423 arte
841 5367 955 5439 polluto
1007 5367 1151 5438 jacentem
1164 5370 1193 5421 et
1217 5361 1358 5438 corporali
1373 5363 1526 5436 gravedine
1547 5365 1739 5436 laborantem,
1761 5367 1858 5422 adia-

103 5466 203 5524 dirina
221 5463 295 5519 ultio
308 5461 386 5534 ipsus
407 5459 559 5534 percutiat,
585 5475 651 5514 cum
676 5474 707 5513 se
730 5454 854 5512 invicem
877 5471 956 5510 mor·
1009 5453 1103 5510 belica
1132 5459 1272 5527 potestate
1297 5453 1409 5525 eripere
1432 5453 1537 5526 putuit,
1563 5459 1670 5529 prater
1694 5455 1777 5513 illum
1806 5457 1858 5528 qui

103 5557 207 5614 dentes
220 5549 375 5609 diluunt.
392 5554 502 5606 etcum
523 5547 634 5605 semim
655 5561 707 5602 sna
727 5544 887 5602 inhumane
907 5560 953 5601 se-
1010 5543 1072 5600 sine
1090 5548 1209 5616 peccato
1225 5542 1344 5601 veuieus
1363 5547 1392 5600 et
1413 5559 1517 5618 corpus
1540 5545 1682 5603 muudum
1705 5547 1766 5603 siue
1794 5561 1859 5620 pee-

283 5651 424 5720 Psraor..
450 5647 596 5717 cxctu
1640 5649 1681 5711 ιι
