3984 6034
106 262 156 316 ltu
761 252 951 310 sustula.
963 281 998 292 ·-
1015 249 1124 307 aelst.
1148 251 1191 306 lV.
1806 242 1855 298 til

102 393 218 462 tuleris,
233 391 369 466 quoniam
384 388 560 446 consuetudo
574 389 636 444 haec
648 385 699 443 tibi
723 386 789 442 data
813 401 872 441 non
896 390 951 452 est,
970 387 1007 440 A·
1199 379 1430 437 utuueuauuis
1449 378 1667 436 RESPONSUM.

103 479 153 536 ille
182 481 232 554 qui
247 481 346 536 liniam
372 481 467 546 habet,
489 477 524 533 ad
546 479 647 550 aptum
670 491 775 532 sonum
798 473 951 530 hominum
1006 470 1118 528 Gracia
1149 467 1282 542 pontifici
1311 467 1473 549 certamina
1506 466 1638 538 praedicit
1666 466 1856 536 hortaturque

101 570 233 642 expolire
250 586 309 626 non
324 568 462 640 negligat.
484 569 649 633 luentem,
674 581 691 619 o
707 565 794 619 homo
810 578 953 635 apparens
1297 539 1558 608 mmmmm·

100 658 276 714 constitutus
294 663 403 730 pastor,
425 671 521 728 surge,
549 659 576 710 et
597 669 683 710 curre.
705 652 788 708 citius
809 652 847 707 ad
866 651 953 722 justi·
1041 646 1096 713 Qui
1118 645 1205 702 vitain
1228 645 1278 701 dat
1297 644 1467 711 viventibus,
1491 642 1581 698 dicit:
1599 644 1621 698 0
1647 644 1743 710 homo,
1759 641 1853 697 diram

102 747 187 814 tiam,
212 746 251 802 ita
285 751 319 802 ut
349 761 445 800 coram
469 759 575 816 magno
597 741 707 798 inedico
732 757 789 796 nou
814 737 954 794 accuseris
1007 734 1145 791 duritiem
1170 736 1329 790 leaenarum
1361 737 1390 788 ct
1418 732 1618 787 tortitudinem
1652 730 1855 802 leopardorum

104 835 187 906 quod
203 834 277 889 ovile
296 833 387 907 ipsius
411 851 427 888 a
447 833 533 889 eorde
554 847 613 887 non
637 829 799 897 exterseris,
814 843 868 884 uec
890 829 953 882 oleo
1007 821 1144 895 patiendo
1158 821 1324 890 sustinebis,
1339 827 1368 876 et
1384 819 1567 892 naufragium
1588 819 1620 874 in
1641 823 1759 890 captura
1781 834 1854 888 pra·

103 923 234 978 unxeris.
253 922 304 979 Ubi
319 928 415 978 sotem
429 922 561 977 veluntas
581 917 702 974 crimina
722 915 823 982 nescit,
848 921 876 970 et
902 913 952 970 ubi
1008 912 1111 968 darum
1141 909 1414 983 senties,’quoniam
1440 908 1575 964 omuibus
1601 908 1647 963 his
1668 907 1751 962 datus
1774 923 1804 960 es
1824 907 1855 962 in

102 1011 195 1065 bomo
210 1008 386 1065 desiderium
401 1024 457 1062 non
473 1006 569 1079 rapuit
582 1005 648 1078 (13),
663 1003 702 1061 ibi
726 1004 813 1059 boine
835 1001 954 1058 omnino
1007 999 1207 1071 fatigationem
1221 999 1258 1054 ad
1272 1004 1299 1054 te
1311 998 1502 1053 currentibus.
1529 997 1621 1053 llabas
1644 995 1721 1051 enini
1747 994 1854 1048 intelli-

104 1099 134 1153 in
155 1097 333 1170 protundum
345 1096 487 1170 judicium
502 1111 559 1151 non
581 1095 666 1151 cadit.
689 1093 743 1150 Sed
765 1093 849 1163 culpa
869 1092 955 1163 liuJ‘us
1008 1083 1128 1156 gibilem
1157 1084 1335 1140 intellectum
1363 1088 1464 1136 contra
1493 1081 1663 1136 sevissimos
1688 1095 1783 1135 mores
1803 1078 1854 1132 hc-

103 1185 281 1258 ignorantiae
295 1201 347 1257 par
368 1185 483 1255 flagella
503 1181 635 1255 tergitur.
659 1182 731 1252 Ergo
752 1185 794 1246 tn,
818 1195 834 1234 c
857 1179 953 1244 homo,
1008 1171 1130 1237 minum,
1145 1172 1176 1227 in
1191 1171 1296 1244 quibus
1311 1170 1460 1225 metuendo
1480 1168 1637 1224 refrenabis
1652 1167 1770 1235 capillos
1788 1183 1855 1221 cnr·

103 1279 148 1327 sta
175 1273 205 1329 in
227 1280 306 1328 recto
328 1271 442 1338 itinere,
466 1275 495 1326 et
518 1271 592 1326 Deus
615 1267 734 1324 salvabit
752 1271 791 1333 te,
814 1266 855 1320 ita
876 1265 955 1337 quod
1008 1262 1136 1316 rentium
1161 1275 1314 1332 equorum,
1337 1259 1386 1331 qui
1416 1275 1476 1314 non
1507 1258 1648 1314 desistunt
1675 1271 1792 1312 currere
1819 1256 1856 1311 ad

106 1360 136 1415 in
157 1361 306 1417 stabulum
329 1358 536 1415 benedictionis
557 1361 586 1414 at
607 1355 754 1412 electionis
775 1360 803 1410 ta
826 1353 952 1420 reducet,
1009 1352 1125 1406 semitas
1156 1351 1328 1422 praclarum.
1349 1349 1403 1404 Sed
1434 1353 1531 1403 tamen
1560 1346 1681 1402 rixando
1704 1350 1805 1401 contra
1827 1349 1855 1399 te

105 1449 181 1505 etin
197 1456 338 1505 aeternum
350 1447 436 1504 vires.
1011 1440 1116 1512 ipsum,
1138 1439 1259 1494 inclinas
1293 1445 1321 1492 te
1343 1438 1489 1492 interdum
1514 1437 1596 1509 quasi
1623 1436 1657 1490 ad
1680 1434 1855 1506 probitatem

1010 1529 1202 1602 quorumdam
1215 1527 1380 1596 hominum,
1392 1527 1444 1581 ubi
1463 1526 1538 1580 colas
1558 1525 1671 1579 loculos
1691 1522 1855 1594 aliquorum

1011 1618 1061 1689 qui
1075 1617 1182 1671 mortui
1197 1620 1265 1670 sunt
1277 1613 1405 1685 praeliari
1418 1613 1449 1669 in
1464 1613 1558 1684 planis
1576 1612 1637 1667 viis.
1666 1610 1745 1667 Unde
1763 1609 1857 1682 petie-

1010 1707 1049 1762 ris
1064 1721 1192 1779 pugnarn
1210 1704 1331 1760 Semela
1344 1704 1524 1774 praeliorum,
1540 1702 1589 1756 sed
1608 1701 1738 1756 destrues
1758 1697 1855 1754 mobi-

1009 1794 1049 1849 lia
1068 1793 1258 1866 reliqniarum
1282 1792 1397 1846 illorum
1420 1792 1469 1862 qui
1490 1791 1522 1845 in
1541 1791 1652 1845 loveam
1674 1788 1782 1843 vadunt
1802 1801 1855 1857 per

1008 1883 1191 1955 asperitatem
1206 1897 1298 1937 suam.
1313 1883 1448 1936 Attamen
1462 1894 1565 1934 venam
1581 1878 1669 1934 habes
1684 1876 1789 1932 fortiss.
1799 1875 1855 1930 cla-

250 1975 339 2032 lllum
356 1975 395 2031 ud
409 1973 652 2048 peremerunti'am
667 1974 809 2029 bortatur.
1009 1971 1059 2041 vis,
1072 1987 1137 2043 quie
1144 1985 1204 2026 nou
1217 1970 1297 2025 vadit
1312 1969 1436 2024 libenter
1448 1968 1483 2023 ad
1494 1983 1594 2039 azyma
1604 1967 1635 2022 in
1647 1966 1740 2022 forma
1755 1963 1852 2019 sardii.

1042 2061 1075 2115 lu
1090 2064 1203 2132 pectore
1217 2074 1286 2130 ergo
1299 2063 1350 2114 tuo
1369 2068 1466 2130 quaere
1488 2055 1676 2112 salvationem
1698 2068 1851 2126 aquarum,

1008 2164 1044 2204 ne
1059 2149 1089 2205 in
1104 2147 1250 2204 turbinem
1265 2147 1361 2202 radas.
1382 2145 1435 2202 Sed
1461 2151 1494 2200 ut
1513 2145 1543 2199 io
1565 2142 1788 2198 mausuetudine
1808 2157 1853 2196 re·

1007 2237 1138 2310 quiescas
1152 2237 1186 2292 sd
1208 2237 1379 2307 languorem
1394 2240 1425 2289 et
1442 2234 1564 2288 livorem
1579 2232 1697 2287 illorum
1719 2230 1769 2302 qui
1791 2245 1855 2300 per-

1007 2323 1086 2378 misti
1114 2327 1183 2379 eunt
1201 2323 1394 2379 maceratione
1422 2321 1602 2377 diversorum
1625 2318 1801 2384 vulnerum,
1823 2316 1854 2371 in

241 2467 246 2480 .
388 2469 425 2480 ..
470 2469 475 2480 .
791 2467 795 2476 ,
886 2469 889 2476 ,
1008 2411 1063 2466 boc
1080 2411 1199 2466 imitans
1222 2411 1391 2466 salvatorem
1417 2415 1499 2465 tuum
1521 2408 1571 2481 qui
1595 2413 1622 2462 te
1647 2406 1776 2462 redemit.
1799 2406 1853 2461 Sed

102 2469 263 2524 honestatis
277 2473 333 2524 tue
347 2485 446 2539 opinio
469 2475 508 2523 ita
523 2469 579 2523 lato
600 2469 744 2540 longaque
768 2467 951 2534 diffunditur,
1008 2501 1061 2555 hoc
1076 2515 1163 2571 We
1180 2500 1295 2572 pondus
1316 2497 1475 2571 magisterii
1498 2496 1576 2569 quod
1601 2501 1707 2569 pom,
1730 2510 1789 2549 non
1810 2500 1855 2549 est

102 2562 133 2612 ¹¹2
151 2557 405 2612 ffl¹¹ffi⁵fi⁸³⁰d⁰f
423 2557 487 2612 'iim
513 2555 542 2612 ³¹¹
564 2555 651 2612 'imm
675 2557 718 2626 (Η
740 2557 793 2614 ⁶⁰r
814 2557 858 2622 ¹¹)’
883 2560 912 2609 “t
936 2572 953 2610 ³
1006 2588 1038 2642 in
1066 2587 1266 2659 indignatione
1296 2588 1357 2654 llei,
1384 2587 1435 2641 ubi
1457 2586 1544 2641 etiam
1569 2601 1648 2640 more
1670 2599 1803 2638 ursorum
1826 2588 1855 2638 et

101 2647 192 2700 ¹¹¹fb³
206 2645 336 2701 fldefium
352 2645 525 2744 V⁰Pff¹¹⁰s¹¹¹¹¹
548 2645 576 2700 5¹¹
597 2645 639 2699 ²¹¹5
659 2643 834 2744 pfffi⁰⁰⁰i¹¹m
857 2645 952 2698 ‘'¹⁰¹''
1007 2677 1175 2750 pardorum,
1197 2681 1227 2731 et
1248 2676 1395 2732 interdum
1418 2691 1562 2730 venenum
1586 2672 1729 2745 aspidum,
1752 2671 1806 2727 tibi
1826 2676 1855 2726 et

101 2738 223 2789 ¹¹¹⁰V¹¹¹²
247 2734 311 2800 ΟΜ
338 2736 380 2789 ⁶⁸²
407 2736 465 2789 ”m
489 2749 550 2806 ‘W
577 2734 706 2788 mmm
729 2751 782 2806 W
809 2733 952 2788 ‘¹⁸⁸⁰er
1007 2765 1249 2836 subsequentibus
1275 2768 1435 2820 occurrent.
1464 2763 1519 2820 Sed
1555 2762 1666 2833 gladius
1704 2760 1754 2816 Dei
1788 2760 1854 2815 illos

101 2827 246 2895 ‘⁰¹²me
265 2821 382 2895 ”imula
400 2821 496 2890 fumi?
516 2823 600 2894 (canl
622 2824 677 2894 Μ’)
700 2822 779 2877 Hm
800 2838 865 2877 ⁰⁰¹³
888 2821 951 2877 ‘mi'
1008 2853 1128 2922 occidet,
1144 2852 1185 2908 ita
1199 2852 1268 2908 dum
1284 2853 1361 2908 inter
1376 2852 1443 2908 illos
1456 2851 1549 2907 bonus
1563 2851 1620 2906 dux
1642 2853 1750 2921 surgat.
1772 2849 1854 2904 Nunc

101 2928 181 3012 Ψ
204 2916 285 2966 mam
309 2926 399 3009 ΠΨ
422 2911 493 2966 ⁸⁶⁰⁰
524 2910 722 2974 ”mim-“¹¹¹⁵
752 2909 841 2966 divini
870 2926 952 2964 ⁸³¹⁰·
970 2945 1104 3010 cautem
1119 2955 1225 2996 moneo
1239 2945 1278 3006 ta,
1295 2945 1327 2995 ut
1338 2939 1476 3010 subjectis
1495 2938 1555 2993 tuis
1577 2938 1692 2992 frenum
1708 2935 1851 3006 impones,

99 3017 140 3056 ris
153 3015 227 3071 igne
249 2999 392 3068 succendi,
409 3004 442 3053 ut
464 2999 497 3054 ad
522 2999 594 3054 bene
616 2999 792 3069 operandum
815 2998 951 3053 exhorta·
1005 3044 1058 3083 nee
1071 3042 1122 3084 00⁵
1137 3028 1247 3083 mlum
1261 3029 1396 3083 adversm
1410 3032 1439 3082 ιο
1453 3027 1534 3099 loqui
1549 3026 1636 3080 sim

99 3087 183 3144 boue
198 3088 297 3187 aliqua
311 3087 523 3188 nontindigeas,
549 3087 952 3188 superuacaneumtduximus
1041 3117 1120 3172 Unde
1134 3121 1164 3172 et
1183 3132 1250 3172 ma
1271 3116 1321 3172 lm
1343 3115 1395 3172 ,ibi
1418 3115 1511 3171 dim:
1532 3115 1626 3180 Qum
1648 3129 1707 3169 no„
1726 3111 1853 3184 percutis

99 3178 300 3272 ⁰¹h⁰ft³f⁰f¹³
329 3177 382 3272 ²¹¹³}
398 3176 496 3274 ,verba
517 3177 739 3273 m¹3¹¹¹pl¹⁰⁸f⁰n
763 3191 950 3272 “mmmm
1004 3204 1197 3278 nequissimos
1230 3221 1335 3273 maios,
1365 3204 1417 3277 qni
1446 3202 1497 3259 tibi
1522 3203 1633 3258 occidte
1668 3200 1852 3263 insidiantur,

63 3267 184 3366 ..tuum
213 3266 318 3318 virtute
349 3263 445 3362 divina
475 3261 650 3362 sufficienter
680 3277 821 3328 innixum,
855 3263 950 3362 aliqua
1004 3292 1079 3350 sicu,
1107 3309 1218 3349 mm
1241 3308 1305 3365 ΨΜ
1329 3291 1481 3365 pungunt?
1512 3289 1604 3361 Vigila
1632 3306 1702 3362 ⁰18⁰
1725 3293 1851 3356 strenue,

99 3351 259 3406 verborum
289 3355 487 3428 suppositione
517 3350 626 3406 fulcire.
649 3351 853 3406 Verumtamen
883 3367 951 3423 quia
1004 3381 1223 3453 quodposmla,
1252 3397 1338 3436 mm
1356 3381 1387 3435 in
1402 3378 1648 3450 moribuspopufl
1664 3377 1853 3432 mmmm„

99 3446 129 3494 Εἰ
157 3439 236 3538 1⁸¹?ss
266 3455 337 3494 Μ
362 3438 451 3494 nme
476 3437 510 3493 fit
536 3437 684 3539 Smnffiffl’
707 3443 735 3494 et
754 3439 836 3538 v⁰,¹‘'‚¹
858 3454 951 3538 ΨΜ
1002 3471 1122 3541 pareo
1145 3469 1299 3525 mitissime
1312 3472 1405 3537 Pater,
1429 3483 1590 3523 memorare
1615 3467 1692 3540 quod
1716 3466 1803 3521 bomo
1821 3465 1852 3519 in

98 3527 261 3582 calcaribus
277 3533 398 3599 urgetur
414 3527 449 3584 ad
464 3543 592 3594 cursum,
607 3529 637 3583 id
658 3531 716 3582 tum
737 3527 869 3598 religioni

97 3617 197 3672 ximus
222 3614 454 3688 proponendum,
478 3620 510 3671 nt
530 3613 700 3671 videliceta
734 3615 873 3670 memoria
901 3620 951 3670 tua
1086 3645 1093 3659 ·
1153 3647 1163 3701 Ι
1270 3646 1308 3702 Ἠ·
1380 3645 1407 3701 ·d
1426 3645 1453 3700 h·

98 3721 160 3761 non
193 3703 305 3760 excidat
332 3702 401 3776 quia
427 3719 486 3758 uun
513 3701 678 3774 incipienti,
711 3703 759 3757 sed
789 3701 951 3774 perficienti
1004 3663 1144 3719 mmm
1166 3663 1279 3703 ”mem
1301 3661 1388 3702 mm
1409 3661 1425 3699 ο
1445 3662 1470 3700 ¹³

98 3795 200 3864 palma
226 3791 348 3848 debetur
370 3796 399 3847 et
413 3790 517 3864 glorie,
529 3791 641 3848 dicente
656 3790 800 3847 Domino:
822 3789 952 3848 Vincenti
1312 3759 1481 3815 EPISTOLA
1499 3759 1543 3814 W·

97 3879 267 3937 debeam
280 3880 315 3935 de
333 3879 413 3953 liquo
426 3879 497 3946 uita,
524 3879 599 3952 quod
613 3882 656 3935 est
683 3877 715 3934 iri
737 3879 875 3952 paradiso
901 3877 951 3935 Dei
1152 3881 1328 3922 airusalems
1346 3881 1381 3920 ao
1400 3871 1581 3921 sneriuuiiuir
1602 3879 1699 3918 aaran.

96 3967 270 4040 meimpoc.
289 3967 332 4040 ii).
348 3967 654 4040 Cogitaitaqua,lllie‚
670 3968 873 4031 uuoniamille
889 3982 948 4022 ser·
1005 3971 1084 4039 Quod
1116 3970 1206 4026 abbas
1237 3971 1268 4026 s.
1303 3969 1433 4026 Diribods'
1464 3967 1625 4051 privilepii's
1659 3968 1852 4040 parthenonis

97 4073 172 4130 pens
188 4056 241 4127 qui
256 4057 383 4127 primum
398 4055 546 4110 huminem
568 4072 584 4109 e
604 4054 739 4125 paradiso
761 4055 872 4126 dejecit,
889 4071 948 4109 ma·
1179 4040 1287 4098 'mm'
1299 4041 1328 4098 S·
1350 4040 1670 4114 Rullssfiiwmffflffli·

96 4160 173 4216 gnos
198 4143 318 4214 perdere
341 4147 431 4214 eupit,
456 4147 488 4197 ut
515 4142 580 4210 tob,
604 4146 631 4197 et
658 4142 793 4198 devorato
812 4144 893 4210 tuda,
915 4144 949 4197 ad
1039 4129 1371 4218 Osummaetgloriosa
1392 4162 1526 4217 persona,
1550 4162 1613 4217 qua
1629 4145 1756 4217 primum
1781 4162 1850 4201 con-

96 4231 269 4288 cribrandos
291 4230 437 4303 apostolos
451 4230 558 4302 expetit
580 4233 749 4300 potestatem
771 4229 848 4300 (Luc.
865 4231 948 4298 xxiil3
966 4234 1104 4304 pstitnta
1118 4251 1149 4289 es
1162 4249 1214 4307 per
1230 4234 1354 4290 Verbum
1374 4235 1436 4305 Ilei,
1450 4250 1502 4307 per
1523 4235 1599 4305 quod
1614 4234 1708 4288 omnis
1722 4239 1851 4289 ereatura

98 4327 127 4375 et
152 4321 224 4393 quia
254 4319 309 4374 sois
342 4318 447 4374 multos
476 4333 536 4372 esse
568 4322 692 4385 vocatos,
720 4333 826 4388 paucos
852 4325 948 4373 antem
1003 4323 1152 4379 rationalis
1182 4328 1210 4378 et
1237 4323 1413 4378 irrationalis
1441 4324 1471 4377 in
1494 4339 1599 4392 genere
1622 4339 1674 4378 suo
1699 4323 1773 4378 facta
1797 4326 1850 4390 est,

96 4409 206 4464 electos
224 4407 350 4478 (Mattb.
371 4405 435 4478 xx),
457 4405 496 4460 ita
516 4405 592 4461 intra
614 4420 768 4460 numerum
790 4422 948 4477 paucorum
1004 4410 1056 4466 tibi
1075 4410 1238 4482 specialiter
1258 4412 1337 4467 idem
1361 4413 1484 4467 Verbum
1506 4413 1599 4465 claves
1621 4411 1706 4483 regni
1729 4410 1852 4466 coelestis

96 4503 125 4553 te
140 4497 257 4567 collige,
277 4497 317 4550 ita
341 4511 431 4582 usque
452 4495 486 4550 ed
511 4494 600 4549 unam
623 4493 654 4550 iu
677 4498 774 4549 sancta
798 4510 948 4550 conversa·
1003 4515 1056 4570 per
1080 4498 1282 4555 indumentum
1306 4499 1494 4555 humanitatis
1519 4516 1588 4566 sua,
1613 4500 1721 4555 scilieet
1741 4498 1851 4570 ligandi

95 4586 176 4640 tione
191 4584 331 4656 ¹lpersiste,
356 4585 395 4638 ita
416 4583 537 4640 creditas
559 4580 739 4655 dispositioni
760 4586 817 4637 tuas
839 4599 949 4637 sorores
1003 4593 1090 4660 atque
1113 4588 1240 4643 solvendi
1268 4593 1453 4661 potestatem,
1478 4587 1617 4644 concessit
1641 4588 1758 4659 (Maria.
1781 4588 1849 4657 xvi).

96 4673 200 4728 ⁵⁸¹⁰stss
216 4671 353 4744 opernm!
374 4672 490 4738 intime·
514 4671 631 4743 otsscam
656 4670 697 4726 eis
719 4670 754 4726 ad
779 4670 850 4724 illud
875 4686 947 4741 gau·
1003 4677 1044 4730 Tu
1060 4692 1187 4748 qnoque,
1204 4676 1440 4732 excellentissime
1464 4678 1560 4746 Pater,
1576 4677 1697 4730 materia
1718 4673 1849 4730 omnium

95 4761 178 4816 dium
196 4762 303 4829 valeas,
317 4764 472 4831 prestante
488 4758 619 4828 Domino,
635 4759 795 4831 pervenire,
810 4757 886 4830 quod
897 4773 949 4815 occ
1003 4764 1197 4836 spiritualium
1216 4780 1405 4837 personarum
1428 4763 1537 4833 existis,
1553 4780 1617 4836 quia.
1641 4763 1710 4818 tuba
1729 4762 1848 4834 justitiae

94 4847 201 4904 oculus
218 4847 301 4915 uidit,
322 4848 470 4904 macana
493 4847 611 4918 amiur,
634 4865 687 4904 nec
704 4847 735 4904 iu
751 4865 800 4904 eor
823 4847 949 4905 bominis
1003 4852 1052 4908 Dei
1069 4859 1173 4909 sonant
1192 4853 1222 4908 iu
1245 4853 1379 4921 Ecclesia,
1404 4870 1467 4925 quas
1488 4853 1574 4906 variis
1594 4851 1770 4907 ornamentis
1793 4851 1850 4906 cir·

94 4933 230 4992 mommo
252 4935 325 5005 (Iso.
355 4953 434 5004 uxiv3
458 4938 477 4992 1
501 4938 562 4994 Gor.
587 4937 627 5008 ii).
657 4937 696 4992 lle
724 4943 827 4993 caetero
851 4943 948 4992 antem
1002 4941 1173 4997 cumamicta
1200 4940 1305 5014 fulget,
1330 4942 1399 4997 dum
1429 4941 1477 4997 alii
1510 4942 1575 4996 aliis
1602 4942 1678 4996 bona
1707 4941 1848 5011 exempla,

95 5023 323 5080 commonitorie
356 5024 443 5079 verba
473 5025 507 5080 de
541 5029 570 5079 te
604 5023 705 5081 audire
739 5025 945 5091 desideramus,
1002 5029 1089 5084 vitam
1117 5033 1282 5086 sanctorum
1311 5029 1460 5098 imitando,
1491 5028 1623 5099 praebent
1657 5043 1664 5082 :
1698 5043 1762 5098 quia
1796 5028 1850 5082 etsi

95 5112 164 5185 qnia
179 5112 285 5184 spiritu
306 5111 511 5168 miraculorum
537 5113 585 5169 llei
606 5113 717 5169 imbuta
738 5113 850 5182 diceris,
871 5114 948 5169 unde
1003 5117 1071 5189 qnid
1096 5122 1172 5172 recte
1197 5123 1297 5189 agunt,
1324 5118 1390 5185 Dec,
1412 5122 1440 5172 et
1461 5133 1517 5171 nun
1540 5116 1604 5183 sibi,
1625 5115 1796 5183 attribuunt,
1822 5119 1851 5170 et

95 5203 260 5272 plurimum
287 5201 464 5273 gaudemus,
492 5207 522 5257 et
558 5201 662 5258 divium
695 5202 796 5274 gratiae
823 5203 946 5275 gloriam
1003 5206 1135 5262 debonis
1155 5206 1348 5262 imitatoribus
1367 5206 1579 5278 suiegaiidcut,
1602 5210 1754 5276 sequentes
1776 5204 1851 5275 prio

95 5291 212 5348 demus.
1002 5311 1047 5351 res
1063 5301 1184 5365 sanctas,
1203 5296 1253 5368 qui
1268 5311 1383 5351 carnem
1397 5311 1478 5349 snam
1504 5295 1670 5361 domabant,
1694 5299 1723 5349 et
1740 5294 1850 5365 seipsos

417 1660 583 1718 nauium
602 1661 649 1715 iii.
974 1677 994 1730 Β

295 1841 406 1882 tuulaut
424 1841 497 1880 PAPAE
516 1842 550 1882 ΑΒ
570 1839 767 1882 HILDBGABDBV.

137 2117 285 2170 Annianus
306 2113 467 2187 episcopus,
489 2129 587 2168 sersus
608 2129 755 2169 servorum
777 2111 836 2172 [lei.
853 2114 952 2167 llinua-

102 2220 199 2272 annui,
228 2203 340 2259 dilectae
364 2201 391 2258 in
424 2203 536 2260 Christo
563 2202 642 2272 tiliae,
666 2201 828 2273 praepositae
857 2200 951 2256 Sancti

103 2291 237 2358 liuberti,
267 2292 389 2348 salutem
425 2297 454 2346 et
487 2290 674 2362 apostolicam
709 2289 950 2346 benedictionem.

138 2381 317 2446 Gaudemus,
332 2379 404 2444 fllia,
428 2385 457 2436 et
476 2381 652 2436 exsultamus
673 2380 703 2435 iu
728 2379 860 2446 Domino,
877 2379 952 2450 quud

894 3528 950 3582 ‘¹¹¹'
1004 3562 1142 3627 terreas,
1165 3562 1194 3614 et
1216 3574 1252 3614 ne
1276 3558 1378 3613 timeas
1400 3557 1475 3629 quod
1505 3558 1579 3613 Deos
1601 3554 1785 3626 derelinquat
1811 3557 1850 3618 te,

132 5493 186 5558 jtS)
205 5487 243 5543 ld
258 5490 311 5556 eat,
328 5503 383 5543 nun
398 5488 552 5543 consensit.
