3984 6034
139 238 191 293 :tet
762 236 943 294 selvt.ts.-
956 237 1019 292 ltu.
1039 235 1086 298 itt,
1108 234 1199 293 visio
1220 234 1267 290 tlt.
1837 239 1889 290 tuo

139 367 217 424 misit
230 367 262 422 in
278 368 430 436 mundum,
443 366 474 421 in
488 365 582 438 capite
605 365 712 420 sedicet
739 367 840 438 anguli
867 367 918 438 qui
935 383 986 422 re·
1007 365 1212 438 Aplitudlaem
1237 365 1318 420 nullo
1339 364 1423 420 medo
1444 365 1686 438 comprehendere
1704 365 1815 438 possie;
1835 366 1909 424 hoc

138 456 224 528 spicit
237 456 274 511 ad
287 455 441 527 orientem,
456 455 572 522 lrocest,
594 454 625 510 in
643 452 756 525 justitia
771 469 840 526 quae
859 455 986 526 primum
1041 457 1084 510 cst
1098 454 1175 527 quod
1188 454 1286 509 nullus
1310 453 1462 510 hominum
1482 454 1598 510 mortali
1614 469 1733 528 corpore
1754 459 1888 526 grauatus

138 545 314 618 presignato
330 549 374 600 est
397 545 427 599 iu
456 545 515 600 Noe
537 559 590 615 per
616 542 841 599 admonitionem
863 544 987 616 Spiritus
1040 543 1147 614 poterit
1169 542 1241 600 scire
1269 543 1424 600 eletionem
1444 542 1513 598 mali
1541 542 1572 599 in
1602 545 1758 600 visceribus
1780 544 1889 617 aquilo·

138 634 229 690 sancti
240 633 477 706 praefigurantem
492 633 649 705 perlectam
664 631 742 688 illam
755 631 909 702 justitiam,
921 649 986 704 que
1040 632 1118 688 neris
1129 632 1236 688 diaboli
1255 649 1261 687 :
1277 647 1330 688 uec
1344 631 1458 686 linitum
1468 630 1531 702 ejus
1545 632 1576 687 in
1598 633 1735 704 operante
1758 639 1888 690 creatura

137 723 281 778 declarate
296 727 340 777 est
355 722 383 777 in
406 721 604 777 incarnatione
629 719 691 776 Filii
715 719 776 787 Dei,
797 720 836 774 ita
859 721 937 792 quod
955 722 986 776 iu
1040 723 1070 779 iu
1084 739 1184 780 occasu
1198 723 1325 780 cadentis
1346 721 1482 790 bominis,
1512 737 1564 777 nco
1591 721 1707 779 initium
1731 728 1781 780 eut
1799 723 1888 780 tinem

139 811 185 867 bis
208 811 326 866 secretis
354 816 416 866 erat
438 809 519 882 quasi
547 809 673 880 spatium
699 807 787 864 unius
807 809 930 880 {staturae
955 815 987 865 ut
1040 811 1167 868 ardentis
1194 811 1325 868 meridiei
1348 807 1426 884 quod
1454 815 1497 866 est
1517 825 1650 882 superne
1670 811 1801 883 justitia,
1833 826 1888 867 nec

138 905 254 956 extenta
265 915 368 956 manus
388 904 431 954 est
448 915 465 954 e
483 898 587 970 pollice
603 912 693 970 usque
708 897 744 953 ed
759 896 830 953 alios
864 897 985 970 digitos;
1040 901 1221 957 considerare
1241 899 1387 973 quomodo
1413 899 1475 955 brec
1495 899 1613 955 dilatata
1640 902 1669 953 et
1693 899 1815 956 discreta
1830 899 1888 956 sint

139 989 276 1061 quodest
293 988 457 1044 ordinatum
480 993 595 1058 tempus
626 986 656 1041 in
683 987 810 1058 paternis
831 986 987 1044 visceribus
1041 989 1116 1046 inter
1129 995 1240 1062 opuset
1253 993 1427 1061 potestatem
1447 987 1573 1042 scientim
1601 1001 1673 1042 mee
1701 987 1730 1042 iu
1751 988 1887 1044 omnibus

138 1077 255 1149 quaudo
269 1076 456 1148 Unigenitum
475 1091 561 1131 suum
589 1075 702 1130 mittere
727 1074 818 1130 soluit
850 1075 880 1130 in
895 1090 985 1131 manu
1040 1078 1164 1150 populis,
1179 1077 1287 1134 scilicet
1307 1077 1397 1133 autin
1418 1075 1515 1132 electis
1529 1083 1579 1132 aut
1605 1076 1637 1130 in
1665 1075 1803 1147 reprobis,
1837 1077 1888 1148 qui

138 1164 304 1233 fortissime,
319 1169 351 1221 nt
365 1165 427 1237 ipse
454 1164 495 1220 ita
519 1164 651 1220 circuiret
665 1179 731 1220 cum
757 1165 891 1220 omnibus
911 1165 986 1220 arti-
1040 1181 1139 1222 omnes
1153 1167 1242 1239 positi
1258 1171 1327 1222 sunt
1347 1166 1377 1222 in
1394 1164 1559 1238 aequissime
1580 1164 1819 1237 perscrutatione,
1850 1165 1889 1220 ile

138 1253 210 1308 cutis
224 1252 384 1324 digitorum
394 1253 445 1325 qui
477 1253 653 1308 suntomoia
668 1269 757 1324 opere
776 1253 839 1325 eius
862 1254 893 1309 io
921 1254 985 1326 Spi·
1039 1254 1118 1328 quod
1133 1254 1297 1312 acutissima
1316 1261 1346 1311 et
1369 1254 1590 1326 diligentissima
1613 1253 1791 1309 districtione
1820 1268 1889 1308 exa-

138 1341 199 1396 ritu
215 1346 316 1396 sancto
337 1347 371 1396 ut
387 1341 537 1412 perliceret
553 1342 728 1396 voluntatem
744 1342 835 1396 Patris
851 1341 895 1397 sui
917 1359 987 1414 pas·
1041 1343 1228 1401 minabuntur
1241 1345 1272 1401 iu
1281 1343 1432 1416 prreceptis
1444 1345 1524 1408 meis,
1542 1357 1606 1398 oum
1621 1343 1723 1414 ,tamea
1744 1341 1798 1414 ipsi
1829 1357 1890 1398 um·

139 1446 189 1485 sus
209 1430 241 1485 in
267 1445 350 1486 cruce
368 1435 488 1502 propter
514 1431 648 1486 miseram
680 1447 713 1485 ac
739 1429 986 1502 contemptibilem
1040 1448 1092 1488 ues
1119 1439 1249 1488 accurate
1273 1434 1379 1490 debent
1401 1431 1557 1499 confidere,
1584 1433 1663 1504 quod
1684 1447 1732 1486 eos
1753 1447 1839 1504 peace
1858 1431 1890 1488 in

139 1517 376 1588 inobedientiam,
394 1535 482 1590 quaem
496 1518 626 1574 diabolus
644 1518 737 1590 primo
753 1519 864 1575 homini
890 1519 985 1575 instil-
1040 1521 1175 1577 omnibus
1187 1521 1403 1578 necessitatibus
1413 1521 1482 1586 suis,
1504 1521 1572 1592 quia
1591 1520 1653 1575 haec
1676 1520 1775 1575 omnin
1793 1520 1824 1575 iu
1840 1522 1889 1575 'se-

139 1606 248 1662 lavitiu
264 1623 317 1662 sna
334 1606 528 1679 suggestione,
544 1623 611 1662 cnm
631 1613 751 1678 propter
768 1608 822 1663 boc
850 1609 886 1664 ad
907 1609 985 1664 redi·
1040 1607 1124 1664 cretis
1139 1608 1211 1666 meis
1232 1608 1273 1666 ita
1296 1610 1435 1665 occultata
1458 1613 1535 1676 sunt,
1563 1609 1641 1680 quod
1668 1607 1889 1680 amplitudinem

138 1695 277 1751 mendum
302 1694 451 1752 hominem
481 1695 673 1752 misericordia
707 1695 757 1751 Dei
780 1712 810 1751 se
838 1696 986 1752 inclinarit
1005 1667 1244 1768 Bprofunditatis
1258 1713 1370 1764 eorum,
1391 1713 1443 1754 uec
1458 1713 1557 1753 sensus
1579 1695 1629 1753 aut
1654 1697 1818 1752 intellectus
1840 1698 1891 1752 ho-

139 1785 300 1854 adterram,
320 1800 374 1856 per
387 1783 597 1840 humanitatem
613 1784 735 1840 Filiillei
761 1785 984 1857 incompreben·
1040 1785 1127 1841 minis
1139 1786 1198 1840 ullo
1213 1785 1298 1842 modo
1309 1785 1554 1858 comprehendere
1581 1786 1627 1841 vel
1651 1785 1812 1857 intelligere
1837 1801 1889 1839 va·

138 1872 216 1928 sibili
230 1872 548 1928 altitudinediaioilatis
1040 1873 1106 1941 leet,
1131 1873 1187 1929 nisi
1217 1879 1359 1945 quantum
1393 1873 1583 1944 permissione
1608 1889 1672 1929 mea
1709 1871 1886 1929 conceditur.

174 1959 227 2015 Sed
238 1961 315 2031 quod
330 1960 409 2028 alibi,
426 1959 454 2016 id
471 1965 515 2015 est
527 1963 560 2016 in
575 1959 793 2031 septentrionali
811 1965 839 2016 et
862 1960 891 2015 iu
913 1960 986 2017 occi·
1041 1961 1096 2027 Qui
1110 1967 1206 2017 entem
1223 1966 1320 2018 ecutae
1342 1976 1427 2018 aures
1454 1961 1600 2017 interioris
1615 1961 1777 2017 intellectus
1803 1961 1891 2016 babet

139 2049 247 2104 dentati
263 2050 395 2121 atquein
410 2049 767 2120 meridiaaeparte,taota
788 2049 917 2122 nudique
944 2055 988 2106 est
1041 2050 1088 2106 bic
1103 2049 1264 2106 inardente
1288 2065 1387 2106 amore
1415 2049 1524 2122 speculi
1550 2052 1618 2118 met,
1647 2051 1683 2106 ad
1712 2049 1799 2106 verba
1828 2049 1890 2105 trac

140 2137 346 2193 latitudoiutcr
360 2137 514 2194 editicium
542 2141 571 2193 et
585 2137 767 2208 splendorem
788 2141 821 2192 ut
841 2139 903 2208 ejas
926 2155 986 2194 am·
1041 2141 1166 2208 anhelet,
1183 2146 1211 2196 et
1228 2157 1261 2197 ee
1281 2142 1310 2196 iu
1332 2141 1506 2198 couscientia
1529 2140 1619 2196 annai
1642 2140 1687 2196 sui
1716 2139 1887 2196 conscribat.

940 2312 1084 2334 ...τ-..-

812 2443 962 2518 VISIO
1002 2445 1214 2521 TERTIA.

139 2659 321 2714 &amarum
338 2687 372 2695 —
383 2653 462 2726 Quod
482 2653 585 2710 divine
604 2653 724 2710 uirtutes
737 2653 790 2710 sub
806 2653 868 2734 lepe
888 2655 1069 2726 pullulantes
1089 2655 1121 2712 in
1139 2673 1213 2716 uoco
1233 2659 1295 2730 lege
1309 2659 1470 2730 plurimum
1490 2659 1628 2728 fructum
1650 2661 1788 2732 alluunt.
1814 2661 1891 2730 Quod

174 2728 322 2784 mantele
336 2725 390 2781 Dei
403 2724 521 2780 uirtutes
533 2728 689 2796 operantur
698 2725 729 2779 in
741 2724 911 2781 bominibus.
924 2727 967 2782 De
979 2729 1059 2784 statu
1068 2729 1178 2786 amorra
1186 2727 1316 2798 celestia,
1329 2727 1499 2801 discipliuae,
1522 2731 1737 2802 misericordie,
1756 2732 1889 2790 victorie.

175 2801 220 2853 De
233 2795 508 2852 bulilueurumdem
530 2797 558 2849 el
573 2793 808 2867 quidsipuificet
833 2797 855 2850 S
919 2795 1008 2853 aliter
1032 2799 1069 2856 de
1091 2815 1187 2855 amore
1206 2799 1311 2855 catere·
1338 2803 1366 2855 el
1380 2799 1479 2856 babitu
1506 2801 1569 2872 ejas
1595 2809 1623 2858 et
1647 2802 1717 2876 qnid
1739 2803 1890 2877 significet.

174 2868 350 2949 Speciuliter
359 2812 1030 2950 deuerecuudioetbulritu·ejusquigiaqpaificet.
1044 2871 1086 2924 De
1101 2869 1308 2939 misericordia.
1336 2870 1509 2953 specialiter
1535 2874 1571 2927 de
1593 2871 1714 2930 victorio
1732 2879 1761 2930 et
1790 2873 1888 2930 habitu

174 2938 441 3010 etqaudszpmfioet.
456 2940 494 3018 ⁰?
503 2940 582 2992 stulu
595 2941 743 3009 patientie
753 2940 782 2992 et
794 2942 915 3007 pensatus
931 2943 959 2993 el
972 2938 1044 3011 quid
1065 2939 1216 3012 sipoistcet.
1236 2945 1275 2997 lle
1294 2942 1393 2998 babitu
1413 2942 1573 2999 eorumdem
1600 2948 1629 3000 el
1656 2945 1726 3017 quid
1739 2943 1889 3018 significet.

174 3009 349 3152 Spem‘fiacliper
372 3009 408 3065 de
424 3007 570 3082 patientia
589 3008 727 3064 etbubilu
753 3009 815 3076 ejus
836 3011 865 3064 el
887 3008 958 3081 qaid
977 3009 1127 3084 mpuritlcet.
1152 3011 1328 3084 specialiter
1348 3013 1383 3070 de
1402 3012 1510 3086 pemilu
1526 3017 1557 3086 el
1574 3015 1674 3072 babitu
1694 3015 1758 3088 ejice
1779 3019 1807 3073 et
1825 3016 1893 3090 gaia

174 3098 251 3155 sapor
288 3098 327 3138 e.

177 3287 243 3342 Post
256 3284 319 3340 hec
333 3281 391 3338 ridi
405 3285 433 3337 et
442 3296 507 3337 ecce
526 3278 610 3354 quasi
633 3279 664 3336 in
675 3279 772 3336 medio
797 3280 989 3353 longitudinis
1009 3283 1029 3338 C
1044 3283 1164 3340 felicitas
1177 3284 1206 3340 iu
1220 3301 1277 3357 qua
1291 3289 1471 3344 sunteterne
1491 3286 1621 3358 praemis,
1643 3303 1708 3361 quae
1720 3303 1837 3362 semper
1859 3303 1891 3344 es

140 3373 285 3447 praedicte
297 3369 401 3428 lucide
411 3369 501 3442 partis
525 3368 602 3424 muri
626 3367 769 3439 designati
795 3368 908 3426 editicii
930 3373 990 3425 sta-
1043 3371 1074 3426 iu
1090 3372 1163 3428 reris
1184 3373 1305 3445 deliciis,
1328 3373 1370 3432 ita
1384 3375 1568 3448 lemeuquod
1597 3391 1747 3450 nunquam
1774 3393 1891 3451 possum

140 3461 291 3518 bet-velut
320 3460 409 3515 turris
435 3458 522 3514 terrei
544 3456 647 3512 coloris
679 3457 737 3529 ipsi
759 3473 843 3514 muro
866 3458 991 3513 caterius
1044 3461 1168 3534 impleri,
1186 3477 1334 3535 uunquam
1349 3464 1446 3519 satiem
1461 3464 1593 3521 interiori
1607 3466 1719 3524 laetitila
1734 3467 1893 3540 queastiu

140 3551 287 3624 imposita,
302 3546 464 3606 latitudiuis
484 3551 610 3619 quatmr
627 3545 790 3602 cubitorum
811 3552 840 3601 el
860 3547 990 3603 altitudi·
1044 3550 1104 3605 Deo
1119 3565 1194 3605 meo.
1212 3550 1340 3607 Secunda
1351 3558 1447 3608 autem
1463 3552 1564 3608 induta
1592 3559 1654 3610 eret
1671 3571 1818 3627 purpurea
1846 3559 1891 3610 lu·

140 3641 186 3696 uis
204 3644 314 3712 septem
338 3637 512 3705 cubitorum,
533 3636 571 3708 liu
598 3652 656 3708 qua
692 3635 827 3708 conspexi
860 3636 991 3708 quinque
1045 3637 1120 3707 nica,
1136 3639 1500 3714 staasutadelescensqui
1519 3643 1648 3698 nondum
1663 3645 1752 3701 estad
1771 3645 1891 3716 plenum

142 3727 284 3801 imagines
294 3725 480 3799 singulariter
488 3728 596 3782 stantes
606 3724 638 3780 iu
650 3724 768 3796 singulo
782 3739 897 3796 qnoque
916 3739 985 3781 arcu
1046 3726 1134 3784 virilis
1147 3727 1240 3784 etatis
1257 3745 1263 3784 :
1279 3729 1327 3785 sed
1343 3733 1440 3785 tamen
1450 3745 1563 3801 magne
1578 3731 1744 3802 gravitatia3
1759 3738 1788 3789 et
1815 3731 1891 3788 dice·

141 3820 266 3890 desuper
291 3816 375 3889 qnasi
394 3816 531 3872 turrilum
552 3829 658 3870 conum
685 3813 837 3882 habentes,
867 3829 990 3885 quarum
1044 3815 1093 3874 bat
1108 3831 1115 3871 :
1131 3817 1241 3874 llenon
1256 3817 1374 3874 terrebit
1398 3817 1688 3875 horribilisinimicus
1702 3821 1753 3893 qni
1771 3827 1815 3876 ost
1828 3821 1891 3879 dia·

143 3909 237 3980 {arima
250 3904 420 3978 respiciebat
441 3904 477 3959 ad
500 3903 651 3972 orientem,
676 3901 802 3958 secunda
829 3908 926 3959 autem
954 3903 991 3958 ad
1045 3905 1138 3974 holus,
1166 3921 1219 3961 uec
1234 3905 1369 3962 inimicus
1392 3907 1491 3976 bomo,
1507 3923 1559 3964 uec
1578 3908 1631 3964 boc
1647 3911 1784 3965 saeculum
1801 3909 1832 3964 in
1851 3909 1893 3965 di·

141 3996 320 4068 aquilonem,
336 3993 422 4049 tertia
437 4008 504 4048 vero
518 3993 555 4048 ad
577 3990 815 4064 septentrionem,
838 3994 867 4046 et
889 3994 992 4062 quaeda
1045 3983 1165 4056 tciplina
1182 3984 1244 4050 Dei,
1265 3987 1346 4057 cuius
1363 3987 1529 4059 conspectui
1548 4004 1663 4061 semper
1687 3988 1799 4048 assisto.
1824 3990 1891 4045 Ter-

142 4086 177 4140 ad
195 4085 361 4140 columnam
381 4080 462 4136 verbi
484 4079 553 4148 liei,
568 4080 599 4134 iu
624 4079 707 4152 cujus
724 4079 820 4134 radice
847 4078 992 4134 Abraham
1046 4073 1086 4128 tie
1104 4090 1171 4130 vero
1189 4074 1304 4146 tegebat
1325 4075 1427 4131 taciem
1448 4092 1529 4132 suam
1548 4077 1613 4134 alba
1630 4077 1743 4134 manica
1768 4076 1893 4136 dexterae

142 4172 305 4246 patriarcha
321 4169 475 4239 residebat,
497 4185 530 4224 ec
549 4169 652 4241 quinta
677 4168 712 4224 ad
734 4167 837 4224 turrim
861 4167 992 4222 Ecclesie
1047 4177 1229 4233 manassem,
1241 4167 1269 4218 et
1282 4163 1436 4222 aiebat:0
1463 4165 1597 4237 spurcitia
1617 4171 1677 4223 eto
1705 4165 1893 4224 immunditie

142 4263 218 4320 etad
233 4262 298 4317 illos
316 4257 552 4330 hominesquiin
572 4257 635 4329 ipso
649 4255 771 4312 aedilicio
793 4257 850 4313 buc
870 4254 993 4327 etlilluc
1046 4251 1133 4322 hrrjus
1159 4252 1270 4320 saeculi;
1298 4251 1463 4309 abscondite
1482 4269 1533 4320 ros
1570 4259 1598 4309 ct
1618 4254 1710 4326 fugite
1744 4255 1780 4311 ab
1803 4255 1894 4311 oculis

141 4350 351 4408 discurrebant.
367 4346 532 4404 Similitudo
546 4352 643 4402 autem
662 4362 722 4402 rina
739 4344 851 4402 ereteis
865 4346 895 4400 iu
920 4344 989 4400 hoo:
1046 4338 1129 4408 mois,
1145 4340 1213 4412 quia
1233 4340 1354 4396 dilectus
1364 4355 1446 4396 meus
1468 4345 1551 4397 natus
1565 4348 1608 4398 est
1621 4342 1657 4398 de
1684 4357 1759 4414 pura
1782 4343 1892 4416 virgine

142 4441 266 4513 singule
277 4436 601 4503 earnm‘aestilseeraot
621 4433 802 4490 solummedo
831 4431 912 4504 quasi
932 4432 991 4488 siu·
1047 4428 1143 4484 bieria.
1160 4430 1267 4497 Quane
1287 4435 1382 4485 autem
1407 4434 1469 4485 erat
1486 4431 1578 4486 vetata
1602 4430 1695 4502 capite
1723 4431 1788 4488 elbo
1816 4432 1893 4488 aela-

142 4530 220 4604 gulis
249 4527 374 4584 restibus
411 4523 539 4582 sericinis
572 4529 601 4578 et
620 4523 752 4579 calceatae
789 4520 991 4578 mlceanmutis
1048 4517 1126 4572 mine
1141 4533 1221 4578 more
1236 4517 1380 4587 muliebri,
1395 4521 1424 4572 et
1449 4515 1663 4574 circumamicta
1686 4519 1774 4589 pallio
1800 4520 1894 4575 crocei

142 4617 282 4685 candidis,
307 4620 426 4688 excepta
449 4614 561 4686 quinta,
591 4628 657 4684 que
683 4610 763 4667 omni
791 4626 826 4666 ex
846 4613 927 4683 parte
945 4625 991 4665 or·
1011 4583 1163 4671 Dcoloris;
1180 4605 1211 4662 iu
1225 4611 1340 4679 pectore
1355 4621 1420 4660 reru
1435 4621 1485 4660 auo
1500 4605 1619 4676 gerebat
1642 4605 1801 4678 imaginem
1826 4609 1891 4665 lesu

142 4704 392 4764 mataaidebetur.
415 4701 544 4758 Saeuum
558 4716 627 4756 vero
653 4706 682 4755 et
706 4697 791 4754 tertia
810 4699 888 4753 nudo
908 4704 993 4753 erant
1046 4693 1164 4758 christu
1180 4693 1352 4768 circaquem
1367 4694 1398 4749 in
1423 4697 1539 4764 pectore
1567 4709 1620 4749 suo
1643 4695 1780 4767 scriptum
1809 4699 1891 4751 erat:

142 4794 248 4866 capite,
264 4792 404 4849 dissoluta
425 4805 508 4846 coma
532 4793 563 4844 et
583 4787 707 4845 candide
729 4790 859 4843 carentes
885 4785 992 4841 amictu
1048 4783 1103 4838 Per
1111 4780 1224 4838 uiscera
1240 4779 1439 4840 mirmicordie
1465 4780 1518 4837 Dei
1538 4781 1683 4852 eastreia
1702 4781 1805 4856 quidm
1821 4783 1893 4840 uiri·

142 4884 316 4958 palliorum
332 4880 539 4953 primaautem
555 4877 681 4934 ettcrtia
709 4879 857 4949 acqaerta
880 4874 989 4930 indutie
1047 4870 1106 4927 tavi
1120 4885 1172 4928 uos
1193 4871 1295 4926 Oriens
1310 4887 1345 4928 eu
1370 4870 1432 4928 otto
1460 4869 1539 4943 (Luc.
1550 4870 1580 4944 r).
1606 4872 1639 4926 El
1662 4871 1797 4930 dicebat:
1821 4877 1892 4930 Por·

143 4977 229 5030 erant
247 4970 354 5026 tunicis
378 4967 517 5024 candidis.
546 4966 599 5022 Sed
638 4962 841 5021 dissimilitudo
877 4977 912 5016 ex
939 4961 993 5018 boc
1046 4961 1110 5032 rigo
1129 4975 1230 5016 manus
1247 4975 1362 5032 semper
1374 4959 1418 5016 'ed
1439 4959 1606 5033 peregrinas
1620 4965 1648 5016 et
1671 4975 1778 5031 egenos
1802 4977 1834 5017 nc
1856 4964 1891 5019 ad

142 5064 205 5116 erat
216 5059 259 5114 eis
274 5075 281 5112 ι
296 5055 393 5113 Prima
404 5054 502 5126 imago
516 5052 646 5124 gestabat
660 5051 690 5106 in
713 5049 807 5122 capite
834 5064 886 5104 sno
920 5063 990 5120 pon·
1046 5064 1187 5123 pauperes
1210 5052 1239 5102 et
1264 5047 1382 5116 debiles,
1414 5053 1500 5122 atque
1535 5049 1571 5106 ad
1596 5055 1754 5120 gementes.
1787 5050 1892 5115 Quinta

142 5148 280 5206 titicelem
306 5145 441 5210 inlotam,
465 5141 570 5213 sparsis
593 5139 706 5211 capillis
727 5144 755 5194 et
779 5137 862 5203 albis,
891 5137 993 5194 induta
1045 5154 1132 5211 porro
1148 5141 1332 5194 armataerat
1346 5136 1427 5207 galea
1453 5137 1635 5211 superposita
1655 5137 1741 5209 capiti
1764 5155 1827 5210 suo,
1851 5141 1894 5196 in-

142 5237 227 5311 qnasi
244 5233 420 5308 pellioetbo,
434 5231 555 5287 interius
570 5230 601 5284 in
619 5228 732 5285 duabus
756 5227 815 5283 oris
842 5226 905 5298 ejus
923 5240 993 5298 pur·
1046 5227 1115 5282 duta
1130 5241 1247 5298 quoque
1268 5224 1357 5279 lorica
1381 5230 1411 5280 et
1433 5226 1535 5294 ocreis,
1559 5232 1645 5300 etque
1674 5226 1775 5282 terreis
1803 5227 1894 5283 c'riro·

142 5343 219 5401 para
231 5328 378 5389 context03
393 5322 424 5376 in
445 5321 563 5376 dextma
580 5333 647 5374 rero
662 5317 780 5390 gerebat
793 5315 854 5372 lilia
871 5319 900 5371 et
921 5314 993 5370 alios
1046 5314 1136 5370 thecis
1148 5313 1242 5370 terens
1254 5312 1340 5370 eliam
1356 5315 1386 5368 in
1401 5312 1517 5370 sinistra
1542 5331 1595 5372 sua
1618 5316 1751 5389 clypeum
1779 5317 1816 5372 ab
1839 5316 1892 5372 hu-

144 5416 251 5482 ilores3
267 5414 299 5470 in
312 5411 534 5468 sinistraeutem
548 5406 685 5478 palmam.
697 5406 732 5460 ltt
752 5404 839 5461 dixit:
855 5404 878 5460 0
901 5403 992 5460 duleis
1046 5403 1133 5459 meris
1156 5401 1343 5475 pendentem,
1358 5401 1484 5458 eminete
1497 5418 1613 5477 quoque
1623 5405 1719 5478 gladio
1733 5410 1763 5460 et
1780 5405 1891 5462 hastam

142 5505 215 5576 rite,
229 5499 391 5560 etodulcis
400 5497 545 5571 amplexio
564 5500 681 5553 eterne
709 5493 785 5564 aiter,
810 5497 840 5550 et
865 5509 883 5548 o
909 5493 993 5550 beate
1046 5507 1135 5552 mauu
1152 5491 1391 5549 dexterateoens.
1408 5490 1466 5549 Sub
1483 5492 1706 5566 pedibnsautem
1727 5495 1789 5562 ejrrs
1815 5495 1891 5568 jecc-
