3984 6034
876 212 905 268 S.
925 208 1162 271 diluuclnbls
1844 217 1900 271 teo

429 343 593 400 sobrois
613 342 723 400 blllllll.
1015 348 1094 400 Arce
1108 344 1199 417 prolis
1214 343 1244 400 iu
1259 345 1398 418 sunguine
1417 345 1524 404 Christi
1549 346 1684 418 suscepit,
1712 345 1752 402 ite
1780 351 1901 419 oporte-

262 455 288 494 re.
305 429 415 493 essens
435 448 603 490 memoror
618 449 654 488 sn
673 447 879 488 subsessoris.
1051 433 1100 489 bst
1112 440 1141 489 et
1157 434 1253 489 decuit
1269 436 1365 490 dotem
1391 434 1514 506 Spiritus
1538 437 1640 504 seneli,
1658 434 1768 491 scilicet
1792 451 1898 508 squam

151 528 267 590 Grotius
287 521 519 596 immensnsopit
541 525 665 593 Deopro
682 519 798 578 cottotis
820 520 998 602 llitdegcrds'
1050 523 1183 594 sanguini
1198 523 1303 579 Christi
1318 524 1465 595 conjungi,
1487 523 1555 596 quis
1583 525 1669 580 etism
1685 524 1811 580 toberin
1835 540 1902 578 sarn-

237 594 562 668 conmanducatae
575 593 715 650 mum
728 593 908 665 tuffrsstwm·
1051 611 1137 684 gnine
1152 611 1291 684 cujusque
1312 611 1435 668 bominis
1459 618 1511 668 est.
1527 611 1582 669 Sed
1594 613 1734 669 admoneo
1749 619 1788 680 te,
1803 630 1821 668 o
1847 629 1898 684 pu-

186 704 317 763 l'loribus
341 703 479 758 virtutum
514 705 679 754 sanctorum
706 697 847 752 redimitae
874 698 906 753 ll.
930 704 994 767 glo·
1051 700 1216 755 terinmiliss
1239 701 1271 756 in
1298 706 1396 756 monte
1415 700 1493 766 Sion,
1516 707 1546 756 nt
1574 701 1752 774 lecissquod
1777 701 1901 757 sistubs

149 795 315 852 riosissimsc
331 792 442 848 cucillre
464 788 569 845 Christi
587 787 623 843 de
646 787 747 857 dirige,
773 788 805 840 ll.
835 785 953 841 humilis
968 795 998 840 ct
1050 805 1154 846 coneus
1166 796 1283 846 strenue
1298 790 1328 846 in
1342 790 1462 862 spiritali
1475 789 1584 862 populo
1600 791 1642 846 tui
1657 791 1763 862 gregis,
1779 797 1811 846 nt
1838 806 1901 846 non

149 883 287 955 indignus
301 879 431 953 provisor
453 879 575 934 fratrum
602 877 633 932 in
653 876 826 943 liberburde,
855 891 908 948 pro
936 880 996 930 stu·
1050 878 1165 934 deliciet
1191 879 1221 934 in
1250 879 1388 936 charitate
1409 883 1437 934 et
1452 880 1482 936 in
1510 879 1683 946 obedientis,
1700 883 1728 935 et
1755 879 1787 935 in
1814 885 1899 934 reter-

150 973 199 1030 dio
212 971 282 1028 boni
307 968 459 1042 propositi,
489 965 607 1023 denario
631 965 736 1022 diurno
765 962 929 1035 evangelico
953 979 997 1019 re-
1052 983 1121 1022 nom
1136 966 1242 1023 virens.
1259 967 1293 1023 lit
1307 969 1411 1022 iterum
1433 967 1465 1023 in
1485 967 1638 1039 temetipso
1667 968 1796 1040 undique
1824 967 1901 1024 hnbe

46 1114 55 1133 Ι
150 1059 309 1118 munerari.
1052 1056 1148 1112 oculos
1162 1056 1198 1113 ed
1207 1055 1404 1128 aspiciendum
1422 1055 1562 1128 justitium
1578 1063 1607 1111 et
1622 1055 1779 1125 veritstem,
1806 1056 1847 1112 ite
1868 1062 1902 1112 ut

103 1161 107 1170 '
186 1150 295 1206 ὓΐθῑῑᾶθ
311 1149 474 1204 ’ἰωωθῦθθῦ
498 1146 605 1202 restim
630 1161 688 1200 ¹1⁰⁰
710 1143 825 1200 0⁶⁸³tb⁰
852 1143 921 1206 Deo.
946 1141 997 1214 qui
1051 1146 1148 1201 enims
1172 1150 1222 1201 tos
1252 1161 1365 1218 semper
1385 1144 1494 1216 vigilet,
1511 1161 1547 1200 ne
1562 1145 1592 1201 in
1606 1146 1727 1218 strepitu
1749 1146 1834 1218 hujus
1848 1163 1902 1201 soe·

151 1244 252 1295 vestroe
268 1252 398 1310 personae
411 1235 614 1292 celsitudinem
628 1238 766 1305 tcnqusm
791 1232 939 1286 lucernsm
954 1247 999 1286 cr·
1051 1235 1109 1291 culi
1124 1232 1300 1306 impedieris.

151 1330 268 1385 dentem
282 1343 341 1382 non
358 1323 455 1380 modio
473 1324 643 1390 subtectam,
671 1322 720 1376 sed
749 1335 838 1391 snper
863 1318 997 1374 condele-
1324 1321 1491 1378 Eprspopg
1512 1322 1622 1378 Lxxrv,

150 1419 235 1475 hrum
263 1415 367 1487 timuit,
398 1414 450 1485 (1ῦὶ
481 1412 610 1484 angelica
636 1409 798 1464 visitatione
817 1413 847 1463 θῑ
875 1406 998 1479 Spiritus
1052 1427 1178 1468 nicusnnr
1209 1425 1324 1466 sensns
1357 1425 1580 1467 svrrvcssnsnlr
1615 1427 1648 1466 sn
1682 1427 1899 1468 ercomenon.

151 1508 197 1562 sni
224 1505 317 1578 gretie
345 1513 468 1556 restrum
492 1499 678 1554 reverendum
714 1497 893 1552 sanctitatem
924 1495 999 1550 tueri
1053 1497 1215 1556 Postorctis
1242 1514 1317 1554 oure
1345 1501 1481 1566 pertesus
1506 1499 1648 1556 consultat
1677 1496 1899 1571 Hildeqordcm,

151 1612 184 1651 cc
198 1592 337 1650 consolari
353 1607 411 1647 nou
435 1588 566 1656 desistit;
581 1586 633 1660 qui
648 1587 734 1642 etism
761 1587 867 1642 bonam
891 1584 998 1640 semem
1172 1585 1237 1624 ‘⁰²²²
1250 1585 1291 1624 ⁰⁷²
1312 1568 1435 1626 7015'2070
1456 1572 1508 1625 ΒΜ
1526 1570 1654 1640 abjicere
1667 1569 1778 1628 debeat·

152 1683 297 1756 opinionis
311 1686 410 1736 vestroe
432 1695 492 1733 non
518 1675 612 1732 solum
625 1674 656 1731 in
681 1676 799 1746 regione
826 1644 1038 1739 Germanice,B
1089 1674 1413 1732 llrcnsnnusserrorum
1442 1676 1492 1731 lici
1509 1675 1540 1732 in
1567 1675 1783 1748 sprinchersbat
1812 1677 1901 1732 mini·

151 1775 200 1828 sed
215 1771 302 1826 etism
316 1769 347 1824 in
366 1767 472 1824 nostris
485 1772 570 1838 etque
589 1765 653 1820 eliis
667 1763 769 1819 mundi
781 1763 911 1834 pertibus
933 1762 999 1818 lon·
1054 1768 1112 1818 ster
1125 1762 1271 1834 indignus,
1290 1764 1321 1818 ll.
1346 1763 1578 1835 congregationis
1592 1764 1620 1820 S.
1637 1765 1756 1837 Ruperti
1781 1766 1900 1820 sanctis·

152 1878 187 1934 ge
202 1861 318 1931 iateque
337 1857 538 1912 velutbouum
564 1870 649 1910 suum
662 1853 780 1908 odorem
803 1850 950 1922 respersit,
966 1853 1000 1904 ut
1053 1850 1133 1906 sime
1147 1857 1176 1906 et
1191 1851 1247 1906 Deo
1266 1851 1362 1923 dignae
1377 1852 1574 1923 dispensatrici
1599 1859 1664 1924 post
1687 1853 1773 1925 hujus
1799 1852 1901 1908 mnndi

151 1949 334 2006 meritocum
350 1943 486 2015 ltpostoio
501 1942 595 1997 dicere
623 1940 760 2013 possitis:
790 1938 1000 1996 consitiones
1052 1939 1211 1996 terminum
1227 1955 1358 2012 snpemoe
1373 1941 1495 1996 civitatis
1509 1941 1636 2013 recipere
1651 1942 1837 1998 consortium.

151 2038 221 2093 odor
246 2050 346 2091 mmor
371 2031 480 2088 Decio
503 2029 582 2086 omni
606 2029 668 2085 loco
692 2029 739 2100 (ΙΙ
754 2030 816 2086 Gor.
834 2028 874 2096 n).
892 2029 924 2082 El
947 2043 999 2082 nos
1089 2028 1170 2094 Quod
1189 2029 1290 2084 litteris
1306 2029 1350 2084 vel
1364 2030 1419 2100 ipsi
1433 2045 1502 2085 seue
1522 2031 1707 2102 presentium
1737 2031 1820 2086 latori
1847 2045 1900 2102 pro

152 2127 386 2198 congratulantes
399 2127 481 2178 tento
496 2120 611 2193 pietatis
625 2124 724 2174 restro
746 2117 875 2185 culmini,
904 2116 1000 2172 dicere
1055 2133 1100 2172 me
1115 2123 1306 2173 nuucrestrrc
1331 2119 1514 2174 sanctitudini
1543 2119 1662 2175 iuterim
1686 2120 1810 2191 precepi
1829 2119 1901 2174 ussi·

152 2214 354 2288 compellimur
368 2230 376 2268 ι
389 2212 482 2281 Quom
494 2210 620 2282 polctcro
631 2209 713 2270 fecta
724 2223 755 2262 es
764 2203 1000 2274 indelictie,fitic
1054 2211 1130 2262 stere
1145 2214 1174 2260 et
1188 2206 1278 2278 loqui,
1294 2207 1356 2262 baec
1372 2223 1456 2262 causo
1470 2213 1523 2278 est,
1539 2207 1607 2279 quis
1621 2223 1674 2279 ego
1697 2208 1756 2280 ipse
1783 2223 1834 2279 per
1854 2223 1901 2262 me

149 2303 304 2378 principie,
315 2298 520 2357 exsultabimus
534 2300 563 2354 et
577 2295 738 2353 letabimur
752 2296 785 2350 in
808 2298 845 2362 tc,
862 2309 1001 2350 memores
1053 2299 1140 2366 etque
1156 2311 1208 2366 pro
1224 2311 1270 2350 mo
1282 2294 1378 2350 venire
1393 2295 1510 2363 quidem
1522 2298 1629 2365 volens,
1650 2296 1699 2352 sed
1715 2313 1773 2351 non
1792 2298 1900 2363 rolens,

151 2392 396 2448 commemorem
416 2403 505 2458 snper
530 2385 629 2442 ninum
651 2386 752 2456 (Cant.
769 2381 823 2454 nr),
838 2382 869 2437 in
895 2382 1000 2453 quibus
1054 2384 1114 2440 dies
1132 2383 1224 2439 isteor
1240 2388 1269 2440 et
1284 2399 1375 2439 annos
1388 2398 1447 2439 non
1463 2400 1568 2456 pancos
1592 2386 1729 2440 hactenns
1751 2385 1780 2440 in
1795 2401 1901 2441 venum

153 2498 204 2536 nos
218 2479 326 2536 intlrmi
341 2475 505 2531 invenimus
519 2474 597 2547 quod
611 2473 759 2545 ingenius,
775 2477 805 2526 st
818 2471 909 2527 iortcs
934 2469 1000 2541 qui·
1054 2471 1115 2528 brec
1129 2472 1283 2544 cogitando
1312 2473 1500 2544 consumpsit.
1530 2473 1601 2528 Nem
1616 2479 1756 2546 questum
1783 2479 1858 2529 certe
1874 2479 1903 2529 et

62 2605 65 2610 -
153 2587 210 2643 que
225 2585 258 2624 ec
285 2567 396 2622 robusti
422 2564 579 2619 secundum
604 2578 622 2617 s
646 2563 704 2616 ileo
730 2562 827 2616 datum
852 2559 931 2615 vobis
958 2575 1002 2614 ss·
1055 2576 1087 2615 cx
1103 2566 1211 2632 quanto
1232 2560 1392 2632 magnifices
1407 2561 1564 2616 sanctitutis
1589 2566 1690 2617 vestre,
1718 2562 1900 2633 presentiam

153 2657 291 2731 pientinm
321 2655 444 2710 solidum
474 2651 571 2707 cibum
585 2655 732 2706 sumentes
759 2649 853 2704 dicere
879 2647 1001 2718 irrepre-
1055 2653 1083 2702 ct
1098 2648 1321 2704 collocutionem
1353 2650 1390 2705 eb
1410 2649 1492 2704 initio
1516 2665 1630 2722 semper
1665 2651 1899 2718 desideraverim,

153 2746 334 2804 bensibiliter
349 2742 484 2816 possint:
514 2741 675 2807 Lebislon,
693 2755 710 2794 o
728 2754 845 2810 sponse,
866 2738 925 2792 ileo
953 2737 1001 2792 di·
1055 2735 1150 2809 ipsum
1173 2754 1248 2792 nuuc
1276 2736 1321 2792 cui
1350 2738 1427 2793 nude
1456 2742 1487 2793 et
1507 2745 1605 2811 aperto
1634 2739 1823 2806 suntomnie,
1843 2755 1902 2794 non

153 2838 235 2892 lecte.
251 2831 447 2890 Civitasenim
462 2831 493 2886 in
508 2834 606 2884 monte
624 2829 763 2884 virtutum
780 2826 917 2881 collocate
935 2824 1000 2880 ebs·
1054 2825 1203 2895 lsllsciter,
1233 2827 1283 2892 sed
1306 2841 1372 2881 vere
1391 2831 1420 2881 et
1436 2827 1678 2884 veraciterlleom
1692 2827 1838 2883 testificor.
1858 2827 1904 2882 ln·

153 2925 239 2981 condi
254 2939 314 2979 non
338 2924 467 2994 potestis,
491 2918 560 2991 quis
587 2919 753 2973 columnam
775 2914 956 2970 immobilem
971 2919 1000 2968 et
1019 2947 1039 3002 C
1055 2915 1122 2970 felix
1136 2914 1225 2986 igitur
1247 2930 1301 2985 ego
1327 2915 1358 2970 in
1386 2915 1577 2987 dispensanda
1605 2916 1649 2972 vel
1677 2916 1904 2972 administranda

153 3015 352 3069 inconcussum
378 3009 410 3064 in
438 3007 535 3063 medio
555 3004 686 3060 Ecclesioe
713 3021 773 3060 suns
801 3000 1000 3058 [lominusvos
1055 3003 1470 3074 crrrcpsstoraliconstitutus,
1487 3005 1653 3078 viribusque
1679 3005 1815 3062 nimirum
1842 3013 1904 3060 tem

153 3101 309 3168 constituit,
326 3104 358 3153 ut
384 3098 459 3152 inter
482 3109 647 3150 aersmnoss
676 3094 764 3164 hujus
786 3089 1000 3147 mnndidiscri·
1056 3092 1161 3148 mentis
1175 3108 1262 3163 quern
1277 3093 1406 3164 corporis
1423 3108 1541 3164 prorsus
1553 3109 1629 3165 pene
1644 3094 1806 3159 destitutos,
1835 3095 1905 3166 quis

154 3192 234 3246 mine
247 3190 328 3262 plebs
343 3203 395 3242 sos
408 3202 460 3240 soo
475 3183 625 3258 ssssnguine
648 3183 797 3253 redempte
822 3197 874 3252 per
898 3197 947 3234 vos
961 3179 1003 3234 di·
1055 3181 1117 3238 boec
1131 3180 1323 3252 dispensanda
1338 3182 1382 3236 vel
1404 3181 1631 3238 administrando
1656 3199 1702 3238 me
1725 3185 1794 3238 sstis
1818 3183 1906 3238 inuti-

154 3283 214 3335 scet
236 3277 306 3350 quid
335 3279 482 3348 oppetere,
511 3271 581 3343 qnid
604 3270 829 3336 caveredcbcst,
850 3274 879 3324 et
905 3283 1001 3322 erem·
1055 3269 1123 3338 lem,
1139 3268 1263 3326 debilem
1282 3270 1465 3342 etimpcrem
1486 3271 1640 3342 conspicio,
1665 3271 1762 3326 dolere
1790 3277 1903 3328 tentum

154 3366 210 3439 plis
228 3365 368 3420 bonerum
383 3363 523 3417 virtutum
540 3365 697 3414 vestrarum
721 3356 882 3413 iudoclsde
908 3356 955 3412 die
971 3356 1001 3410 in
1056 3359 1178 3427 cillere,
1193 3359 1271 3414 etde
1295 3373 1415 3430 corpore
1442 3358 1543 3414 mortis
1558 3359 1644 3430 hujus
1669 3359 1788 3416 libersri
1812 3361 1906 3432 magis

154 3455 233 3511 diem
247 3451 388 3525 proficiet,
402 3456 430 3506 el
444 3452 480 3506 de
495 3447 643 3504 virtutein
664 3448 797 3502 virtutem
826 3462 884 3501 non
909 3445 1003 3515 segni·
1056 3463 1089 3502 sc
1115 3447 1206 3518 magis
1231 3446 1361 3502 desidero
1387 3448 1477 3518 (llom.
1507 3463 1567 3514 vrri,
1596 3449 1653 3516 nt).
1684 3449 1765 3504 Nunc
1794 3449 1904 3520 iisque,
1977 3438 1982 3448 ’

154 3549 199 3600 ter
213 3541 370 3598 ascendens
381 3539 478 3594 videre
494 3537 582 3610 possit
609 3538 701 3592 Deum
723 3536 845 3592 deorum
871 3535 901 3590 in
915 3534 997 3590 Sion.
1055 3535 1236 3592 ssuctissime
1250 3541 1279 3590 et
1294 3536 1370 3591 inter
1383 3536 1504 3591 inminse
1531 3536 1693 3606 benedicte,
1708 3553 1760 3610 per
1772 3553 1822 3592 vos
1853 3539 1907 3592 llo·

155 3633 279 3690 0btentn
305 3631 528 3702 igiturprecunr
544 3631 703 3682 restrcmm
719 3624 853 3692 conlisus,
871 3640 904 3678 ec
922 3623 945 3678 si
960 3623 1002 3678 di·
1057 3623 1169 3680 minum
1182 3640 1310 3696 qoaerere
1337 3624 1372 3680 de
1398 3639 1571 3692 consumes,
1600 3641 1633 3679 ex
1648 3640 1729 3680 more
1751 3623 1904 3680 [lominum

155 3738 230 3794 gnus
246 3737 303 3776 non
331 3719 385 3774 sim
413 3731 549 3772 corousm
579 3714 708 3770 laborum
726 3713 884 3786 percipere,
899 3712 1001 3766 seltern
1057 3713 1141 3785 cupio
1163 3712 1325 3779 consulere,
1341 3717 1370 3768 et
1395 3729 1432 3768 cn
1451 3713 1522 3768 mihi
1538 3713 1600 3784 jam
1616 3714 1652 3770 sb
1666 3714 1719 3769 bec
1739 3715 1799 3786 ipss
1824 3729 1906 3769 occu·

154 3811 191 3866 sit
206 3809 277 3865 mibi
290 3808 419 3880 primum
442 3803 550 3875 fugisse
570 3802 756 3874 supplicium.
780 3799 886 3865 Vestris
912 3799 1003 3870 igitur
1057 3801 1174 3871 petione
1191 3805 1219 3855 ct
1240 3800 1455 3872 dispensatione
1479 3802 1759 3872 potinsccsssndum
1779 3807 1807 3858 ot
1832 3802 1906 3858 desi-

155 3897 334 3955 oretionibus
363 3894 490 3951 studiose
515 3907 561 3947 ms
584 3889 765 3956 commendo,
794 3889 863 3960 qois
890 3888 1003 3960 magnis
1056 3888 1190 3944 siendum
1206 3889 1252 3944 sit.
1269 3887 1298 3944 Si
1324 3888 1352 3943 id
1366 3888 1477 3956 liceret,
1501 3906 1553 3961 por
1581 3905 1631 3944 vos
1658 3891 1782 3946 maxime
1802 3892 1904 3946 velleur

155 3987 280 4061 peccetis
295 3985 401 4055 sceptus
417 3983 553 4055 pietatem
583 3979 635 4036 [tei
650 3977 765 4034 oilendi.
779 3977 857 4046 lluie,
887 3977 1003 4034 domins
1057 3982 1280 4048 cognoscereet
1307 3977 1489 4048 investigere.
1522 3978 1635 4034 bitteris
1671 3995 1741 4050 ergo
1773 3979 1906 4050 sigillatis

155 4075 395 4140 dilectissims,et
419 4085 536 4142 prome
556 4068 678 4141 indigno
707 4067 798 4124 Deum
827 4083 922 4135 exors,
939 4083 1003 4123 ver·
1057 4081 1138 4121 more
1153 4071 1181 4122 et
1194 4065 1307 4133 clausis,
1322 4065 1408 4138 hujus
1423 4067 1466 4122 rei
1479 4071 1607 4124 tenorem
1637 4083 1693 4133 me,
1708 4083 1817 4140 quaeso,
1836 4084 1906 4123 ceu-

156 4165 257 4238 bisquc
270 4162 323 4219 tibi
340 4179 355 4217 a
371 4163 429 4216 lico
448 4158 522 4214 dctis
536 4157 639 4212 seluto.
1057 4171 1088 4210 ss
1097 4154 1150 4211 Ilei
1164 4153 1335 4226 quantocius
1348 4153 1452 4210 rescire
1467 4155 1561 4224 lecito,
1573 4161 1602 4212 st
1610 4171 1733 4212 moerens
1745 4172 1795 4212 cor
1808 4172 1905 4214 mcum

342 4264 548 4324 pgspopsng
568 4263 812 4320 fflgpgggpppg
1023 4243 1176 4300 Dconsilio
1191 4247 1221 4298 st
1229 4241 1336 4298 cnsilio
1352 4247 1445 4299 vestro
1460 4243 1489 4299 iu
1507 4243 1628 4300 Domino
1643 4243 1797 4300 lundors.

157 4361 298 4418 Hortatur
310 4360 341 4413 ut
359 4371 476 4430 gregem
499 4358 619 4411 strenue
638 4353 749 4416 doceat,
772 4356 802 4408 et
825 4354 857 4409 in
876 4353 1004 4426 scipsum
1245 4332 1450 4390 RESPONSUM
1473 4331 1718 4389 fflfflssssfflffls·

453 4425 551 4482 contos
570 4425 714 4496 deflectat.
1059 4418 1254 4476 Hortaturod
1268 4419 1443 4492 portandum
1455 4421 1574 4502 strenue
1587 4435 1659 4476 onus
1676 4417 1731 4477 siti
1749 4435 1770 4476 c
1782 4421 1842 4476 Deo
1854 4419 1908 4476 im·

191 4519 289 4576 tsculs
302 4533 367 4590 quse
381 4515 412 4571 in
426 4514 627 4571 incredulitate
642 4518 670 4569 et
695 4513 727 4568 in
740 4511 922 4586 ,contumelio
946 4527 1006 4567 me·
1410 4494 1549 4563 timum·

157 4608 319 4665 litiosornrn
352 4606 508 4661 verborum
535 4603 665 4667 veniunt,
699 4602 806 4658 similis
842 4601 1004 4672 periculoso
1093 4593 1168 4652 sudi
1182 4596 1301 4669 mystica
1320 4596 1381 4653 Dei.
1397 4597 1536 4654 [lominus
1550 4597 1601 4669 qui
1614 4597 1753 4669 posssidet
1766 4597 1908 4654 inmitium

158 4700 243 4751 vento
257 4697 334 4761 sont,
360 4693 411 4765 qni
428 4695 548 4764 repente
571 4691 607 4746 ed
635 4706 686 4746 cor
707 4689 833 4746 hominis
855 4688 941 4744 venit.
972 4689 1006 4744 Et
1059 4683 1115 4739 sibi
1130 4683 1299 4755 subjectam,
1314 4701 1380 4742 cum
1397 4685 1524 4758 aliquem
1539 4686 1574 4741 dc
1602 4685 1701 4742 eedem
1722 4683 1830 4742 familis
1849 4685 1908 4740 cle·

38 4797 42 4804 ·
158 4783 441 4850 messelempestcs
459 4776 547 4849 primi
573 4776 679 4848 angeli,
696 4776 725 4831 in
745 4791 803 4847 quo
823 4772 885 4845 ipse
914 4773 1005 4829 ileum
1060 4779 1110 4851 git,
1125 4779 1196 4834 dens
1219 4779 1259 4834 illi
1284 4781 1379 4837 locum
1407 4781 1649 4850 sanctificationis,
1665 4787 1696 4838 nt
1723 4797 1796 4838 onns
1822 4797 1908 4838 suom

158 4869 295 4943 despexit.
322 4868 404 4940 Soepc
422 4871 520 4922 cutem
543 4865 625 4921 video
653 4865 683 4919 in
702 4863 838 4920 lelicitete
865 4862 1004 4930 bominis,
1059 4883 1156 4924 secum
1173 4873 1277 4940 portet,
1294 4869 1333 4926 ite
1352 4874 1448 4926 temen
1468 4870 1544 4942 qnod
1571 4870 1620 4927 ills
1648 4887 1678 4926 se
1703 4877 1816 4927 excuset
1830 4871 1908 4942 quod

159 4975 246 5033 quom
262 4961 338 5015 Deus
351 4957 434 5012 *tide
451 4955 623 5027 smst,qood
639 4955 682 5009 boe
694 4968 787 5025 prone
801 4958 837 5024 jsc
864 4952 910 5007 illi
931 4951 1005 5024 obji·
1060 4972 1119 5012 non
1135 4958 1170 5012 sit
1186 4957 1290 5029 dignus
1304 4974 1377 5014 onus
1391 4959 1464 5014 illud
1482 4958 1620 5029 sufferre3
1644 4964 1713 5016 tunc
1726 4959 1750 5015 si
1775 4960 1908 5016 dominus

159 5049 249 5117 dont,
263 5047 333 5120 quis
350 5045 484 5101 inimicus
505 5043 671 5100 felicitatem
697 5042 775 5097 illios
793 5040 950 5113 cognoscit,
973 5055 1006 5096 sc
1060 5061 1128 5102 soos
1155 5061 1222 5101 eum
1251 5046 1281 5102 in
1310 5047 1364 5104 boc
1390 5064 1451 5104 uon
1479 5047 1567 5117 cudit,
1598 5049 1667 5121 quie
1693 5047 1748 5104 sibi
1770 5047 1863 5120 plscct
1877 5051 1909 5103 nt

159 5135 272 5192 eumin
290 5135 344 5190 bec
360 5136 528 5205 tempestate
557 5129 721 5202 opprimere
747 5130 808 5184 rull
826 5133 860 5183 ut
886 5143 952 5184 com
970 5143 1005 5184 eo
1060 5132 1219 5189 onusiltod
1248 5132 1331 5201 ieret,
1361 5135 1511 5192 dominum
1526 5152 1611 5193 suum
1640 5153 1699 5193 non
1718 5143 1907 5204 commoveat,

159 5225 252 5281 cedet.
271 5223 327 5280 Sed
339 5222 435 5294 ipsum
450 5221 486 5276 de
499 5219 566 5275 sinu
581 5218 630 5274 llei
645 5233 746 5290 rapere
760 5233 819 5273 non
840 5217 923 5273 relct.
952 5218 1004 5272 At·
1060 5221 1109 5278 sed
1126 5227 1265 5293 quantum
1279 5225 1424 5294 praevslet,
1448 5223 1490 5280 illi
1503 5225 1653 5281 humiliter
1677 5226 1800 5283 obediet.
1826 5227 1907 5292 Quod

159 5317 257 5368 temen
270 5309 405 5384 sngostis
416 5315 445 5366 et
464 5307 612 5365 tribulatio
624 5307 668 5362 illi
681 5307 718 5362 sb
732 5305 883 5362 elementis
910 5322 1007 5362 occur·
1060 5309 1084 5366 si
1112 5315 1212 5380 postes
1237 5310 1266 5366 in
1295 5312 1396 5368 ecdem
1423 5327 1506 5368 csusc
1532 5313 1607 5370 nllus
1634 5313 1761 5371 delectus
1786 5313 1909 5385 alicujus

159 5405 237 5469 runt,
257 5401 288 5456 in
310 5400 360 5456 ills
375 5403 473 5454 temen
487 5396 679 5470 temperentia
692 5395 770 5468 qood
787 5395 861 5451 ileos
875 5411 943 5452 cum
957 5395 1007 5452 ob
1061 5394 1194 5452 utilitatis
1208 5401 1325 5470 propter
1347 5398 1572 5456 imbecillitatem
1601 5417 1701 5458 sensns
1723 5407 1752 5458 et
1781 5401 1908 5458 sciemin

158 5491 262 5544 servet.
277 5486 464 5544 Sicuteotem
486 5483 612 5541 Ecclesia
639 5499 742 5540 novum
766 5481 928 5554 geniturum
953 5499 1006 5538 no·
1060 5481 1139 5540 illius
1165 5485 1351 5558 subripuerit,
1376 5485 1431 5560 ipsi
1457 5503 1516 5548 non
1547 5487 1651 5558 oberit,
1675 5490 1744 5561 quis
1771 5491 1909 5548 Dominus
