3984 6034
192 194 260 245 1259
913 188 942 240 S.
964 186 1209 243 ultbuuettuts.
1883 192 1950 245 tun·

187 320 311 376 libenter
333 317 514 384 obmutescit,
537 322 567 371 et
581 317 605 372 si
626 331 686 371 non
708 316 832 371 libenter
851 316 937 383 ridet,
960 320 989 370 et
1011 316 1034 369 si
1053 322 1076 372 Α
1091 317 1156 372 ideo
1170 316 1255 372 multi
1269 322 1346 373 sunt.
1364 318 1558 375 Etcalidusot
1572 319 1739 391 squamoso,
1757 324 1787 375 ot
1804 320 1948 393 aliquan·

186 408 321 464 menibus
343 406 456 461 fortiter
473 407 590 477 memet,
604 408 635 459 et
648 420 766 474 spumas
779 419 815 457 ex
831 419 880 458 ore
894 403 971 469 eicit,
987 403 1036 457 ille
1089 411 1152 461 tum
1171 420 1272 461 aereus
1286 412 1337 471 est,
1354 406 1422 479 quia
1436 413 1564 480 tempore
1586 409 1636 463 illc
1651 424 1718 464 cum
1732 410 1775 465 sol
1798 410 1947 465 circulum

186 512 303 551 amarus
316 500 345 549 et
359 510 425 549 acer
439 493 553 549 daemon
568 498 621 559 est,
635 497 665 547 ct
675 493 712 548 ad
727 508 857 547 amarum
873 493 1034 547 demonem
1090 510 1174 549 suum
1190 495 1326 561 ostendit,
1343 502 1375 550 ut
1397 496 1547 567 prelatum
1564 502 1616 564 est,
1632 512 1682 551 aar
1695 497 1890 569 aliquantum
1915 504 1948 552 te

185 586 269 642 illum
288 583 490 655 expoliendum
513 582 586 653 lapis
609 582 662 637 iste
688 597 746 636 non
760 580 885 635 multum
906 581 1034 651 prodest,
1088 584 1173 655 pidus
1199 590 1249 639 est.
1279 583 1371 639 Homo
1393 590 1490 639 autem
1517 585 1568 656 qui
1595 586 1721 641 mucules
1741 586 1774 641 1η
1798 586 1946 641 faciesne

186 675 256 745 quie
282 673 394 728 doemon
422 671 471 726 ille
495 686 611 725 amerus
636 675 666 725 et
688 685 764 735 acer,
781 669 831 725 sed
851 673 1034 724 tamencum
1088 672 1186 739 babet,
1203 672 1395 743 amethystum
1408 672 1497 727 saliva
1515 688 1565 727 sua
1582 673 1727 729 madidum
1742 673 1845 743 iaciat,
1865 677 1947 730 etita

185 761 216 819 1η
231 760 348 815 bomine
370 759 421 815 illo
446 762 574 830 torquet,
595 761 626 813 et
639 773 707 813 eam
727 757 853 813 debilem
874 756 979 812 reddit.
1003 757 1036 811 Et
1089 760 1204 815 madido
1219 762 1346 815 maculas
1360 760 1508 827 bestriclle;
1525 768 1554 817 et
1568 763 1653 817 etiem
1670 763 1705 818 ad
1719 763 1821 835 ignem
1837 781 1944 837 equam
1983 808 1984 833 ,

185 851 240 905 iste
254 848 407 905 ullomodo
419 846 606 919 expellendus
620 845 684 913 erit,
699 861 765 901 cum
780 846 996 902 lleusroloerit.
1083 848 1243 929 'umefaciat
1259 854 1288 904 et
1311 841 1445 905 eumdem
1460 848 1588 921 lapidem
1612 867 1700 923 super
1720 852 1815 923 ipsam
1836 870 1944 925 aquen

381 935 450 990 Cer.
465 934 837 989 lllV.-llaGennurscuuo.
1089 941 1193 1007 teneat,
1218 942 1245 993 et
1261 937 1350 993 sudor
1368 938 1404 993 de
1429 954 1463 993 ec
1492 938 1643 1011 egrediens
1657 956 1733 1012 aqua
1750 941 1795 996 illi
1816 943 1944 997 commi·
1983 954 1984 1019 ζ

221 1023 417 1079 Carbunculus
439 1023 471 1077 in
493 1022 592 1094 eclipsi
620 1022 696 1076 lunte
725 1022 836 1077 crescit.
866 1022 938 1077 Nem
966 1036 1033 1075 eum
1088 1030 1209 1095 secatur,
1225 1032 1253 1081 et
1274 1033 1342 1081 ωηο
1363 1027 1530 1081 nemetiam
1553 1028 1582 1082 1η
1602 1028 1694 1099 ipsem
1709 1045 1816 1101 aquam
1840 1038 1942 1101 ponet,
1983 1022 1984 1087 1

182 1114 244 1183 jam
266 1112 297 1167 in
310 1111 460 1176 taedioest,
475 1111 553 1165 reiut
566 1109 687 1165 delicere
702 1110 783 1175 velit,
803 1110 872 1182 quia
886 1108 1032 1164 interdum
1088 1120 1173 1187 atque
1198 1130 1264 1170 cum
1288 1115 1386 1171 eedem
1403 1130 1478 1187 aqua
1502 1114 1602 1171 faciem
1627 1133 1708 1172 suam
1730 1118 1816 1183 lavet,
1842 1124 1874 1173 et
1892 1121 1941 1173 boo

186 1216 215 1255 se
239 1200 360 1255 delicere
381 1197 515 1265 ostendit,
540 1213 606 1253 cum
632 1197 729 1252 divina
751 1197 882 1269 jussione
908 1199 960 1251 aut
988 1196 1034 1251 ln-
1087 1218 1163 1274 saepe
1186 1203 1279 1271 saciet,
1304 1207 1334 1258 et
1355 1202 1450 1258 lenem
1466 1210 1560 1259 cirtem
1584 1220 1617 1258 ec
1635 1206 1789 1275 pulchrum
1810 1208 1940 1262 colorem

185 1304 273 1351 mem.
297 1291 347 1342 cut
370 1285 575 1358 pestilentiam,
599 1289 647 1339 aut
678 1284 852 1339 mauriense
876 1298 1032 1355 regnorum
1086 1291 1342 1347 insacietatem.
1360 1292 1555 1347 seosiuomo
1574 1298 1814 1349 merlotensem
1829 1296 1940 1351 alicubi

185 1376 249 1431 11111
263 1375 405 1441 ostendat,
430 1378 459 1429 11
482 1376 614 1429 1111111111
638 1388 738 1427 01111111
757 1372 956 1426 111811111111
980 1371 1033 1425 fir-
1087 1380 1117 1434 in
1141 1394 1261 1451 corpore
1286 1396 1338 1435 suo
1356 1380 1505 1447 intumuit,
1527 1382 1661 1436 eumdem
1693 1382 1820 1452 lapidem
1851 1386 1941 1439 salira

185 1470 365 1521 manentum
392 1463 506 1534 mergit,
529 1468 558 1517 et
583 1464 682 1517 lunum
708 1462 802 1517 calore
826 1478 878 1516 suo
905 1461 1035 1515 lovetot
1088 1484 1139 1522 sua
1162 1469 1308 1524 madidum
1334 1469 1428 1537 iaciat,
1456 1474 1484 1524 et
1507 1469 1547 1524 ita
1573 1468 1688 1524 madido
1719 1470 1781 1526 loco
1816 1476 1940 1527 tumoris

185 1570 251 1609 aem
278 1554 347 1623 igne
367 1568 420 1607 suo
447 1551 566 1607 suscitet
591 1555 621 1605 et
646 1550 741 1620 erigit,
775 1555 805 1604 et
833 1565 896 1604 cem
925 1548 1032 1603 iterum
1088 1557 1194 1627 ubique
1207 1562 1315 1628 tangat,
1331 1562 1465 1613 ettumor
1478 1557 1762 1614 illuminorabilnret
1773 1568 1938 1616 evanescet.

185 1641 334 1713 splendere
357 1639 434 1705 iacit,
462 1654 526 1711 quae
549 1638 678 1709 linguam
700 1653 782 1693 suam
803 1637 834 1693 in
861 1653 893 1691 os
914 1636 1033 1691 alterius
1053 1614 1073 1669 Β
1091 1642 1122 1695 Et
1137 1641 1184 1696 ubi
1200 1656 1304 1696 aranea
1317 1641 1505 1697 hominemin
1520 1656 1638 1713 corpore
1652 1656 1705 1697 suo
1719 1642 1826 1713 fixerit,
1842 1646 1940 1717 ipsum

185 1729 278 1802 ponit,
300 1735 332 1784 ut
353 1729 434 1783 illam
454 1744 472 1781 e
486 1731 579 1782 morte
593 1725 746 1781 exsuscitet
765 1725 903 1797 quaejam
917 1729 1033 1779 mortue
1087 1728 1212 1799 lapidem
1228 1744 1314 1801 super
1330 1730 1450 1785 lirurunr
1472 1730 1582 1797 stricte,
1604 1736 1634 1785 et
1647 1731 1804 1788 curabitur.
1832 1734 1894 1789 Sed
1916 1742 1941 1789 et

185 1825 242 1886 est3
258 1824 287 1873 et
299 1822 369 1871 ωηο
392 1816 424 1870 in
446 1816 495 1869 illa
518 1815 590 1868 bora
614 1813 805 1868 carbunculus
825 1812 976 1879 nuscitur3
1006 1814 1033 1865 et
1088 1832 1205 1889 serpena
1232 1821 1261 1871 et
1286 1816 1396 1888 vipera,
1423 1819 1512 1873 idest
1529 1825 1619 1887 natm,
1646 1821 1778 1876 eumdem
1808 1823 1938 1893 lepidern

185 1908 250 1962 ideo
263 1906 298 1961 de
316 1906 384 1976 igne
406 1903 474 1959 solis
496 1902 525 1957 1η
544 1902 722 1978 incremento
746 1902 833 1967 lune,
849 1899 1032 1970 splendorem
1087 1902 1211 1973 lugiunt,
1226 1907 1255 1957 et
1268 1902 1363 1957 locum
1376 1901 1514 1971 devitant,
1525 1904 1575 1960 ubi
1589 1920 1655 1959 eum
1670 1921 1729 1960 esse
1744 1906 1849 1962 sciunt.

185 1994 282 2060 hebet,
297 1993 338 2048 its
352 1992 429 2063 quod
442 1989 534 2061 megia
547 1990 578 2044 in
594 1997 677 2045 noete
692 2004 780 2060 quam
794 1988 824 2042 in
839 1988 887 2042 die
901 1988 988 2054 lucet,
1005 1991 1033 2040 et
1318 1990 1381 2046 err.
1396 1991 1462 2047 xvi.
1479 2018 1512 2033 -
1531 1992 1571 2045 [1η
1584 1995 1701 2048 Acriis.

185 2084 226 2139 ita
247 2082 347 2137 crescit
363 2096 454 2151 usque
471 2079 540 2134 dum
556 2078 634 2132 calor
657 2077 725 2132 solis
740 2074 896 2131 eumeicit
916 2074 1035 2147 etquis
1122 2076 1242 2133 Achates
1274 2078 1310 2133 de
1344 2079 1468 2150 quadem
1501 2094 1589 2135 arena
1620 2096 1702 2153 aquse
1732 2082 1874 2149 nascitur,
1905 2085 1938 2138 ab

186 2171 299 2242 eclipsis
318 2170 394 2225 lunae
409 2184 475 2223 raro
495 2172 547 2233 est,
568 2165 640 2238 lapis
655 2164 710 2219 isle
730 2164 818 2219 etiam
837 2178 920 2217 rarus
934 2167 988 2229 cst,
1005 2167 1034 2217 et
1088 2167 1198 2221 oriente
1220 2180 1310 2239 usque
1338 2166 1371 2221 ad
1404 2166 1552 2223 meridiem
1577 2169 1749 2238 extenditur,
1772 2176 1801 2226 et
1826 2173 1939 2227 calidus

186 2259 352 2328 virtusejus
373 2272 439 2312 rere
453 2260 506 2321 est,
531 2259 560 2309 et
573 2252 703 2309 timendo
717 2252 767 2320 ite,
790 2251 870 2323 quod
887 2252 979 2307 multo
994 2251 1030 2305 ti·
1088 2261 1116 2311 et
1130 2256 1234 2329 igneus
1255 2262 1306 2312 est.
1335 2256 1391 2313 Sed
1406 2262 1503 2312 tumen
1518 2258 1658 2329 majorem
1682 2260 1739 2315 vim
1762 2260 1797 2316 de
1817 2278 1888 2317 aere
1912 2272 1937 2317 ct

187 2363 266 2403 more
281 2351 309 2401 et
322 2342 513 2401 sollicitudine
523 2342 682 2398 exercenda
696 2346 747 2395 est.
761 2341 832 2396 Num
847 2340 871 2395 si
880 2340 970 2406 sucbt,
983 2343 1035 2395 aut
1088 2346 1123 2401 de
1136 2360 1212 2418 aque
1226 2346 1313 2401 babet
1319 2362 1406 2417 quarn
1421 2346 1457 2401 de
1466 2346 1543 2419 igne.
1562 2350 1632 2403 Nem
1647 2364 1712 2404 cum
1728 2364 1802 2422 aque
1818 2351 1869 2406 illa
1882 2355 1935 2408 mi-

186 2434 278 2503 riddo,
293 2448 359 2505 quse
373 2431 456 2502 fiber,
474 2433 524 2484 aut
547 2431 633 2497 nteit,
649 2427 771 2483 autelia
793 2427 930 2499 quelibet
951 2427 1034 2483 intir-
1087 2434 1240 2489 norebitur
1260 2433 1309 2489 ubi
1331 2434 1371 2489 ita
1400 2448 1488 2491 arena
1509 2434 1570 2490 sine
1602 2452 1676 2508 aque
1702 2443 1833 2509 apparet,
1867 2445 1936 2495 tenc

187 2523 270 2579 mites
297 2520 448 2577 homiuem
475 2517 622 2584 invaserit,
649 2516 679 2571 in
701 2515 862 2571 mutatione
876 2517 1032 2571 humorum
1087 2523 1220 2593 quaedam
1242 2538 1308 2595 pers
1322 2523 1451 2593 ejusdem
1475 2538 1569 2579 arenae
1589 2525 1624 2581 de
1648 2527 1750 2582 ardore
1765 2527 1835 2582 solis
1857 2531 1936 2584 etde

185 2612 258 2683 ejus,
283 2608 488 2664 carbunculum
507 2606 582 2660 circu
602 2604 727 2660 medium
742 2608 866 2669 noctem,
886 2604 956 2675 quia
977 2604 1034 2659 vir·
1086 2610 1212 2681 puritate
1232 2610 1305 2665 aeris
1319 2609 1512 2682 perfunditur,
1533 2613 1573 2666 ite
1590 2614 1667 2684 quod
1683 2614 1712 2668 1η
1733 2615 1860 2687 lapidem
1877 2617 1934 2672 iul-

184 2706 232 2755 lus
261 2699 324 2770 ejos
353 2703 423 2751 ωηο
447 2692 591 2766 precipue
615 2692 705 2763 viget,
745 2708 832 2763 super
861 2691 1032 2748 umbilicum
1087 2700 1184 2768 puscit.
1209 2699 1264 2755 Sed
1285 2716 1349 2756 cnm
1371 2699 1474 2755 deinde
1497 2700 1648 2757 inundatio
1671 2718 1812 2775 aquarum
1837 2722 1934 2760 excre-

185 2787 309 2843 dolentis
327 2799 412 2857 pone,
426 2788 456 2837 ut
478 2797 534 2836 non
550 2778 660 2835 diutius
679 2794 766 2849 super
779 2778 950 2833 umbilicum
968 2779 1032 2849 ejus
1086 2776 1171 2846 verit,
1186 2776 1281 2849 ipsum
1296 2778 1421 2849 lapidem
1437 2778 1472 2834 de
1488 2794 1575 2835 crena
1588 2780 1699 2837 tollilet
1713 2782 1748 2836 ed
1759 2783 1831 2837 alias
1842 2789 1898 2839 terr
1904 2802 1935 2838 as

184 2875 312 2932 dimittas
331 2887 419 2945 quem
440 2872 528 2926 homo
546 2870 595 2923 ille
616 2866 828 2937 aliquantulum
846 2866 883 2922 eb
901 2882 936 2922 eo
955 2868 1031 2923 cale-
1051 2893 1071 2948 C
1087 2863 1175 2921 ducit.
1203 2869 1237 2923 Et
1250 2868 1274 2922 si
1289 2883 1394 2924 aranee
1408 2872 1458 2923 eut
1473 2868 1547 2924 alius
1560 2869 1665 2925 vermis
1685 2886 1830 2926 venenum
1848 2888 1934 2929 suum

184 2964 291 3019 iactum
305 2960 436 3027 senserit,
460 2964 489 3014 et
509 2973 576 3013 eum
590 2972 656 3013 mox
676 2955 801 3026 auferas,
823 2954 961 3026 quoniam
975 2954 1031 3011 rir-
1086 2968 1172 3025 super
1195 2957 1342 3013 bominem
1367 2956 1449 3024 ludit,
1480 2958 1519 3013 ita
1544 2962 1652 3024 tamen,
1676 2960 1753 3031 quod
1774 2959 1806 3014 in
1829 2976 1935 3032 corpus

183 3057 229 3109 tus
244 3053 307 3123 eius
321 3055 389 3106 ωηο
408 3046 557 3103 bominem
578 3045 662 3100 illum
679 3050 710 3099 et
729 3044 827 3100 omnia
848 3044 955 3099 viscera
969 3043 1032 3114 ejus
1085 3046 1164 3102 iltius
1183 3061 1241 3099 ηοη
1259 3045 1358 3113 intret,
1375 3045 1503 3100 achatem
1518 3046 1553 3100 ad
1577 3047 1668 3101 solem
1682 3052 1733 3101 aut
1752 3062 1841 3119 snper
1856 3048 1932 3119 igni·

182 3138 371 3212 pertransivit
390 3138 456 3207 plus
479 3150 567 3207 quem
582 3134 642 3190 ulle
665 3133 808 3188 medicina
832 3131 958 3187 ullorum
971 3147 1031 3187 nn·
1084 3138 1145 3190 tum
1161 3134 1280 3188 laterem
1295 3132 1409 3187 fortiter
1427 3132 1582 3204 calefaciat,
1596 3138 1625 3188 el
1643 3135 1684 3190 ite
1702 3135 1830 3190 calidum
1846 3152 1934 3207 super

183 3234 357 3301 gnentcrum
381 3226 474 3281 iecere
489 3226 594 3293 posset.
612 3222 684 3277 Nam
704 3221 800 3276 statim
826 3225 858 3275 ut
873 3221 961 3276 bomo
981 3220 1031 3277 ille
1084 3221 1179 3277 locum
1207 3218 1315 3275 doloris
1337 3224 1437 3291 ponat,
1461 3224 1491 3274 et
1511 3220 1571 3292 ipse
1589 3220 1663 3293 lapis
1687 3236 1831 3277 munuum
1844 3224 1931 3278 rillud

182 3319 228 3373 rel
252 3314 395 3371 modicam
425 3308 582 3366 motionem
607 3309 640 3365 1η
665 3324 785 3380 corpore
813 3323 867 3363 suo
897 3307 1029 3378 senserit,
1085 3309 1194 3375 aulert3
1207 3312 1236 3363 et
1257 3307 1362 3363 deinde
1384 3307 1490 3363 iterum
1503 3308 1538 3363 de
1553 3308 1655 3364 eodem
1668 3308 1756 3366 modo
1774 3310 1929 3374 calefaciat,

182 3402 390 3461 carbunculum
421 3400 457 3455 ab
489 3414 524 3452 eo
554 3398 676 3465 auteres,
709 3396 778 3468 quie
802 3396 827 3451 si
851 3412 918 3451 cum
944 3412 1031 3468 super
1084 3404 1169 3470 atque
1202 3412 1270 3453 eum
1292 3412 1378 3467 super
1402 3396 1516 3453 iumnm
1535 3396 1633 3453 calide
1657 3414 1741 3470 aqum
1763 3402 1872 3467 teneat,
1904 3408 1932 3453 ut

182 3493 353 3550 umbilicum
367 3489 429 3560 ejus
449 3492 519 3543 tunc
532 3486 641 3542 diutius
659 3485 755 3556 jacere
769 3484 944 3555 permiseris,
969 3485 1030 3540 vir-
1084 3488 1171 3543 sudor
1193 3487 1255 3559 ejus
1269 3502 1351 3559 eques
1367 3486 1408 3541 illi
1434 3487 1663 3556 commisceatur,
1680 3492 1709 3542 ot
1729 3492 1799 3543 ωηο
1818 3505 1889 3543 euru
1905 3490 1931 3543 in

182 3588 228 3639 tus
254 3582 316 3652 ejus
344 3582 436 3634 totum
460 3591 565 3647 corpus
590 3574 670 3629 illius
694 3573 860 3643 pertransit,
887 3571 1030 3651 itaquod
1084 3592 1188 3648 aquarn
1210 3576 1289 3630 illam
1308 3575 1491 3647 perbrevem
1506 3577 1608 3631 boram
1632 3580 1732 3645 ponet,
1754 3580 1783 3630 el
1798 3579 1872 3632 tnnc
1898 3579 1930 3633 li·

181 3675 299 3727 arescet.
316 3669 351 3723 ut
365 3668 406 3721 sic
421 3665 495 3737 lepis
510 3664 563 3719 iste
585 3661 730 3734 quaslibet
745 3666 839 3733 pestes
860 3660 896 3715 ab
912 3660 1030 3716 bomine
1083 3680 1171 3719 rreum
1186 3678 1316 3735 pennum
1333 3662 1388 3733 ipsi
1402 3678 1485 3735 oque
1504 3662 1639 3733 intingat,
1656 3668 1743 3735 atque
1759 3664 1855 3719 locum
1873 3682 1931 3719 cor-

181 3758 300 3831 depellit
326 3763 356 3813 et
382 3752 546 3825 compescit.
573 3752 606 3805 Et
635 3750 659 3804 si
685 3750 750 3821 quis
774 3749 918 3819 incapite
940 3748 1027 3817 dolet,
1082 3751 1161 3823 poris
1180 3751 1225 3806 sui
1240 3750 1395 3806 ubifixura
1414 3764 1526 3805 arenece
1543 3752 1588 3804 est
1601 3754 1652 3804 sut
1668 3750 1717 3804 nbi
1740 3750 1817 3805 alind
1844 3768 1930 3807 vene-

180 3847 387 3905 carbunculum
404 3858 492 3913 super
506 3841 641 3896 verticem
659 3855 745 3894 suum
764 3854 817 3911 per
838 3837 954 3893 brevem
974 3837 1029 3893 ho·
1082 3855 1152 3895 num
1174 3839 1297 3910 desuper
1317 3838 1414 3893 iusum
1439 3842 1491 3906 est,
1514 3852 1579 3893 cum
1593 3836 1701 3908 leodem
1716 3852 1813 3907 panno
1840 3838 1930 3901 berre,

181 3953 243 3993 ram
266 3939 365 4007 ponat,
382 3934 489 3988 scilicet
511 3929 635 3985 tamdiu
651 3928 729 3999 quod
752 3943 818 3982 curo
834 3927 897 3997 ejus
919 3926 955 3983 ab
977 3926 1029 3981 illo
1083 3934 1110 3985 et
1124 3926 1282 3983 corubitur.

180 4027 222 4082 ibi
248 4025 411 4087 incalescat,
444 4025 473 4075 et
499 4018 596 4073 statim
620 4016 742 4082 auferat,
767 4013 907 4087 quoniam
935 4014 1027 4070 virtus
1117 4015 1152 4069 Et
1167 4014 1189 4069 si
1203 4012 1269 4085 quis
1277 4014 1366 4069 bomo
1379 4011 1506 4083 lapidem
1525 4011 1613 4067 istum
1627 4028 1724 4068 seourn
1737 4017 1845 4083 portat,
1862 4030 1929 4069 euni

181 4114 310 4184 ejusdem
334 4109 436 4181 lapidis
450 4111 536 4177 ceput
556 4105 634 4159 illius
648 4103 732 4159 citius
751 4109 781 4158 et
801 4104 865 4175 plus
879 4106 1028 4173 pertrans·
1081 4103 1116 4159 ad
1139 4102 1248 4158 nudam
1270 4094 1364 4157 cutem
1387 4116 1469 4156 suam
1489 4090 1578 4172 ponet
1590 4099 1631 4172 {ut
1650 4100 1691 4155 ila
1713 4100 1878 4164 incalescat,
1904 4110 1932 4155 et

180 4202 244 4271 ivit,
267 4216 353 4272 quam
376 4194 616 4268 pretiosissimum
640 4196 833 4263 unguentum,
860 4191 906 4246 rel
935 4205 1023 4263 quam
1043 4188 1184 4247 bnatura
1198 4190 1260 4262 ejus
1273 4187 1423 4245 bominem
1447 4186 1532 4243 illum
1554 4188 1691 4243 idoneum
1709 4186 1820 4244 lacitel
1834 4206 1930 4245 sensa-

181 4276 340 4343 balsamum
363 4281 459 4347 ieciat,
483 4283 512 4335 et
533 4278 574 4333 sic
600 4277 631 4332 1η
654 4276 747 4348 capite
765 4275 870 4331 melius
897 4275 1025 4331 hebebit.
1079 4284 1154 4343 tum,
1169 4282 1255 4349 alque
1276 4275 1449 4349 prudentem
1470 4276 1501 4331 1η
1514 4292 1660 4346 sermono,
1682 4276 1751 4349 quie
1764 4278 1800 4332 de
1816 4277 1885 4349 igne
1902 4286 1929 4331 et

180 4375 234 4431 Sed
261 4372 336 4428 etsi
359 4369 494 4426 eumdem
508 4366 635 4439 lapidem
654 4365 689 4420 ad
716 4370 808 4421 vestes
830 4380 881 4420 seu
902 4363 939 4419 ad
955 4364 1027 4420 alias
1080 4368 1114 4423 de
1138 4381 1203 4423 aere
1228 4367 1313 4436 etque
1334 4364 1370 4419 de
1389 4379 1465 4435 equa
1482 4363 1617 4419 nascitur.
1642 4366 1713 4421 Nam
1736 4366 1810 4420 sicut
1833 4367 1929 4437 aliqua

179 4462 322 4537 quaslibet
341 4476 387 4515 res
401 4458 493 4531 ponis,
517 4456 567 4512 diu
582 4456 686 4537 durare
707 4458 840 4526 possunt,
853 4458 883 4508 et
902 4452 1025 4509 difficili·
1081 4455 1156 4510 mala
1174 4452 1344 4524 herbaque
1364 4452 1400 4508 ad
1420 4458 1517 4509 cutam
1538 4453 1663 4509 hominis
1685 4455 1805 4525 ponitur
1825 4454 1868 4509 ibi
1889 4456 1929 4509 io·

179 4562 224 4611 ter
245 4554 423 4624 putrescunt
446 4547 531 4603 Elin
553 4559 725 4617 quocunque
749 4544 811 4598 loco
834 4542 1026 4597 carbunculos
1080 4542 1194 4597 terdurn
1209 4541 1356 4611 pustulam
1370 4544 1421 4595 eut
1430 4546 1511 4597 ulcus
1525 4556 1680 4612 exsurgere
1692 4541 1770 4609 iacit,
1786 4542 1826 4597 sic
1838 4542 1925 4597 etiam

178 4650 231 4711 est,
246 4643 289 4697 ibi
302 4640 363 4697 aeri
376 4636 494 4709 spiritus
514 4635 686 4690 fantasmata
701 4648 753 4687 sna
773 4631 810 4687 ad
832 4633 950 4702 plenum
965 4646 1027 4701 per-
1080 4630 1198 4703 quidem
1213 4629 1332 4700 pretiosi
1352 4628 1471 4700 lapides,
1492 4628 1529 4683 ad
1554 4634 1650 4685 cutem
1674 4629 1801 4685 hominis
1828 4630 1925 4700 posili,

179 4734 264 4789 licere
279 4729 479 4801 nonpossunt,
493 4726 562 4796 quia
576 4738 643 4777 eum
657 4719 815 4791 iugiuutet
831 4720 869 4775 ab
882 4735 916 4774 eo
934 4718 1025 4774 decli·
1079 4734 1146 4774 eum
1174 4732 1278 4773 senum
1303 4721 1331 4771 et
1356 4720 1502 4771 sensatum
1536 4731 1589 4771 sue
1617 4716 1722 4772 virtute
1753 4716 1874 4771 iaciunt.
1899 4718 1927 4771 Et

177 4825 257 4877 nant.
1079 4807 1167 4862 bomo
1181 4805 1234 4877 qui
1252 4804 1391 4860 caducum
1416 4804 1550 4859 morbum
1565 4804 1652 4861 habet
1672 4807 1701 4859 et
1715 4804 1767 4875 qui
1783 4804 1926 4859 lunaticus

354 4905 428 4961 Cur.
443 4903 499 4960 1111.
519 4930 550 4941 -
566 4902 781 4955 Detumuere
797 4896 850 4969 (1).
1079 4897 1132 4962 est,
1151 4893 1282 4948 achatem
1309 4892 1344 4947 ed
1367 4896 1461 4947 cutem
1481 4906 1562 4946 suam
1587 4891 1714 4961 positum
1742 4906 1859 4963 semper
1877 4892 1925 4945 be-

213 4997 396 5067 Ametbystus
409 4990 511 5047 crescit
525 5005 592 5044 cum
607 4987 650 5043 sol
664 4987 803 5042 circulum
823 5000 909 5040 suum
927 4988 1024 5039 osten·
1078 4981 1155 5050 beet,
1170 4985 1199 5037 ct
1221 4980 1325 5037 deinde
1348 4978 1452 5035 melios
1467 4978 1591 5035 hebebit.
1616 4980 1689 5035 Nam
1710 4978 1842 5035 homines
1863 4994 1925 5034 cum

177 5088 218 5143 dit
239 5085 321 5158 quasi
343 5087 497 5137 coronatus
521 5080 569 5145 sit,
592 5084 621 5132 ct
647 5077 703 5131 boc
724 5074 793 5130 facit
809 5089 875 5129 cum
897 5071 1024 5143 aliquam
1079 5069 1295 5125 infirmitatibus
1326 5068 1387 5123 istis
1415 5067 1563 5123 multoties
1589 5073 1757 5136 nascuntur,
1780 5068 1867 5123 stiam
1892 5068 1925 5123 de

176 5174 368 5231 mutationem
396 5170 426 5225 1η
453 5167 622 5223 vestimento
646 5163 771 5231 bomini,
792 5160 899 5216 scilicet
916 5160 945 5215 in
972 5160 1024 5214 ilc·
1077 5156 1275 5227 superfluitate
1290 5156 1431 5210 malorum
1443 5154 1598 5209 humorum
1613 5158 1642 5209 et
1660 5154 1785 5225 pestium
1808 5171 1857 5209 eas
1872 5153 1925 5209 sibi

176 5263 272 5329 clusin,
294 5259 359 5317 tleri
379 5256 544 5330 praesignet.
569 5254 603 5309 Et
625 5268 692 5308 cum
714 5250 816 5307 crescit
842 5254 872 5303 ut
894 5251 969 5318 flius,
994 5253 1023 5304 et
1078 5244 1234 5301 attrabunt.
1252 5244 1284 5299 111
1305 5242 1355 5314 qni
1369 5242 1507 5298 caducum
1530 5243 1663 5299 morbum
1679 5242 1776 5313 babet,
1793 5243 1924 5297 achatem

213 5425 251 5494 (l)
267 5419 391 5479 idurbod.
406 5418 504 5489 Lepid,
518 5418 582 5483 25³,
596 5417 624 5470 et
638 5411 728 5484 ejusd.
746 5408 863 5483 mystica
878 5408 983 5481 applic.
998 5424 1026 5479 p.
1045 5408 1106 5462 111.
