3984 6034
156 134 211 190 695
901 138 931 194 S.
952 133 1190 194 uttoeeanols
1769 195 1770 198 Ἰ
1849 132 1908 188 ceti

154 263 224 320 illoc
247 263 378 320 semna.
407 264 486 322 Unde
511 264 601 321 saluti
623 281 698 338 aqna
721 281 739 321 a
763 266 857 323 calore
875 265 1001 323 ardentia
1019 267 1122 322 Ameo
1144 263 1230 320 tedio
1250 263 1367 320 allectus
1391 261 1555 318 recordatus
1581 259 1670 319 lucris
1694 263 1789 319 somni
1811 263 1907 330 iltius,

152 351 259 409 camini
286 353 468 422 absorbetur,
478 354 520 409 sic
533 353 654 426 spiritns
674 359 741 410 tuos
755 355 792 411 ab
801 355 1001 428 inquietudine
1056 350 1087 406 in
1118 367 1175 423 quo
1206 352 1287 424 prius
1318 352 1349 408 in
1370 350 1654 406 consuetudinalibus
1694 351 1818 422 peccatis
1845 352 1910 406 tois

152 440 233 496 stulti
246 440 337 496 animi
349 440 393 498 tui
402 441 586 515 opprimitur.
602 442 745 508 Quoniam
755 444 816 500 brec
837 444 909 500 seire
920 445 1002 516 cupis
1055 440 1224 509 dormivisti,
1258 440 1419 496 adsedem
1459 439 1557 511 priora
1582 441 1689 494 scelera
1723 439 1845 495 insanus
1873 445 1909 494 et

152 543 219 600 quer
238 544 296 584 uon
328 534 397 584 sunt
429 530 545 586 scienda
566 530 646 585 carni
689 531 823 588 bumana
855 541 1002 605 concepta
1057 528 1161 584 inscius
1175 529 1254 597 boni,
1271 528 1413 601 adjutorio
1437 534 1466 583 et
1488 527 1683 584 consolatione
1701 527 1820 598 spiritus
1847 531 1908 584 Pa-

152 617 262 672 semine
295 618 423 674 bumano
456 618 488 673 iu
512 619 647 690 peccatis.
687 621 759 676 Lesa
789 637 858 694 ergo
875 622 1001 694 digitum
1056 619 1154 674 racleti
1171 619 1322 674 destitutus
1347 615 1506 672 reverteris.
1539 617 1580 671 Tu
1605 621 1702 672 autem
1737 633 1803 689 quae
1822 633 1907 689 qure-

153 710 246 773 tuuua,
267 709 401 777 etlange
422 707 524 762 nubes.
555 707 629 772 Quid
659 708 759 763 nnnc?
784 710 840 766 Sed
865 711 919 766 hoc
937 711 1001 766 lieri
1055 704 1116 760 sisti
1135 705 1283 760 ductorem
1298 710 1326 760 et
1349 706 1510 774 adpeterem
1525 703 1561 758 ad
1582 703 1662 758 brec?
1677 703 1807 760 fallacem
1825 711 1909 759 certe

153 809 213 850 non
226 797 331 864 potest,
362 793 404 849 sic
428 810 482 849 nec
507 794 579 850 illud
603 795 672 850 dum
687 796 743 850 boe
764 798 900 852 scrutaris
924 799 1002 868 qnod
1056 796 1085 846 et
1099 792 1301 864 deceptibilem
1321 791 1452 848 animum
1475 796 1569 858 tuum,
1590 791 1640 863 qui
1651 797 1680 847 te
1690 794 1774 846 stulte
1794 793 1826 848 iu
1844 793 1908 847 ari-

151 882 207 938 tibi
224 881 373 938 sciendum
388 887 510 939 nonest.
534 882 589 938 Sed
604 884 683 939 velut
707 883 805 940 herber
827 900 911 956 agros
933 901 1001 941 suos
1056 880 1176 936 ditatam
1212 881 1343 948 ducebat,
1376 881 1438 936 sine
1466 879 1610 936 viriditate
1641 883 1670 935 et
1704 881 1909 937 recordatione

151 971 397 1042 comprehendere
410 987 468 1027 nou
484 972 581 1026 salem
607 971 676 1043 quia
702 977 832 1028 senseat
854 974 1002 1029 intellectu
1055 967 1216 1025 intellectus
1237 971 1290 1038 tui,
1307 968 1430 1025 oblitum
1450 969 1528 1042 quod
1543 968 1616 1024 nibil
1632 966 1700 1024 boui
1723 969 1785 1024 siue
1805 985 1853 1024 me
1868 971 1910 1024 ia-

152 1064 261 1128 eareut,
274 1060 431 1115 nescientes
448 1059 517 1132 quid
533 1074 626 1132 neque
641 1060 708 1131 ipsi,
724 1075 818 1134 neque
847 1062 918 1131 quid
940 1061 1002 1132 ipse
1055 1073 1119 1112 cere
1143 1073 1250 1129 posses.
1273 1059 1307 1113 Et
1324 1058 1594 1130 quidtunchabes'l
1624 1057 1707 1113 Certe
1727 1063 1795 1113 tone
1817 1057 1911 1112 miser·

150 1147 212 1202 sint
233 1149 277 1203 vel
302 1146 373 1220 qnid
395 1151 554 1219 operentur
573 1148 668 1203 fructu
696 1164 758 1215 sno,
786 1149 916 1221 quamvis
945 1150 1000 1205 im·
1056 1150 1085 1200 et
1098 1161 1203 1202 vacuus
1221 1147 1305 1202 cedes
1325 1161 1422 1202 coram
1446 1161 1492 1200 me
1508 1151 1538 1201 at
1563 1161 1660 1200 coram
1681 1147 1799 1218 populo,
1819 1152 1910 1217 atque

152 1234 252 1307 pisant
264 1239 295 1291 et
308 1235 489 1291 circumdant
501 1250 588 1306 agros
600 1235 734 1292 utilitatis
759 1238 852 1307 gratia
865 1243 895 1292 et
913 1238 1003 1293 veluti
1056 1237 1089 1287 ul
1109 1232 1220 1289 inutilis
1243 1233 1337 1305 pulvis
1357 1232 1580 1290 conculcaberis.
1609 1234 1681 1288 Nam
1697 1232 1766 1304 quid
1784 1239 1830 1288 est
1853 1234 1912 1288 tihi

153 1323 257 1379 colicas
276 1328 327 1379 aut
349 1323 487 1392 formicae,
529 1328 580 1379 aut
608 1328 712 1379 catera
730 1325 843 1380 minora
865 1325 1002 1382 animalia
1056 1321 1192 1391 possibile
1207 1325 1306 1376 contro
1320 1321 1388 1376 mc‘i
1404 1320 1490 1376 Nihil.
1508 1322 1543 1375 Et
1554 1321 1623 1392 quid
1638 1327 1718 1392 potes
1736 1337 1801 1377 meo
1820 1321 1904 1376 auxi-

153 1428 211 1468 non
225 1412 390 1468 desiderant
414 1412 556 1468 dominari
576 1427 663 1484 snper
680 1413 793 1484 reliqua
810 1413 864 1467 sibi
883 1413 1000 1483 similia,
1057 1409 1116 1464 lio'l
1130 1410 1315 1465 Lucidissima
1330 1415 1424 1480 potest
1437 1425 1526 1480 opera
1539 1425 1603 1480 ques
1619 1415 1686 1464 sunt
1707 1409 1910 1482 splendidiora

85 1518 94 1536 ·
153 1505 204 1556 aut
215 1499 287 1556 scire
296 1501 354 1558 sire
362 1499 524 1573 intelligere
539 1500 673 1556 virtutem
687 1501 732 1556 rel
761 1502 1001 1573 significationem
1057 1498 1124 1554 solis
1137 1499 1298 1570 splendore,
1314 1498 1485 1555 etdulciora
1499 1499 1529 1552 iu
1547 1497 1683 1554 interiore
1706 1503 1789 1568 gustu
1817 1513 1911 1569 super

153 1589 245 1644 ieonis
260 1605 310 1645 seu
327 1590 451 1645 aliorum
475 1589 620 1660 majorum
640 1589 820 1656 animalium,
835 1591 877 1646 sie
896 1607 949 1646 nee
970 1596 1003 1647 tn
1058 1586 1116 1641 mel
1133 1589 1162 1640 et
1177 1586 1231 1652 lac,
1255 1601 1320 1640 enm
1346 1585 1521 1641 desideranti
1541 1587 1650 1656 populo
1674 1586 1906 1642 manifestantur.

152 1693 323 1750 cognoscere
336 1679 445 1750 poteris
459 1678 530 1749 qnid
549 1677 580 1732 iu
594 1678 713 1733 seientia
731 1679 780 1733 Dei
801 1679 846 1734 sit.
867 1679 943 1746 Quid
971 1686 1003 1735 tu
1059 1675 1206 1730 Nemeum
1220 1673 1344 1745 requiris
1366 1689 1413 1728 me
1428 1674 1529 1728 intimo
1544 1674 1691 1729 intellectu
1709 1675 1813 1729 animm
1836 1678 1906 1742 ture,

152 1767 298 1823 lecistisel
312 1767 363 1823 obi
385 1767 475 1836 suiad,
498 1767 614 1838 quaudo
641 1766 744 1822 eretum
759 1770 789 1823 et
807 1771 883 1823 terra
907 1774 1003 1825 creata
1057 1762 1129 1817 utin
1144 1762 1446 1835 baptismoperssdem
1462 1762 1615 1830 d⁰0²¹1⁵0⁸s
1634 1777 1729 1818 11θῦὓο
1749 1763 1786 1818 (¹⁰
1810 1766 1908 1818 2⁰1um

153 1852 245 1908 sunt?
268 1851 321 1918 Qui
338 1852 401 1907 haec
425 1853 531 1906 creavit
554 1851 661 1908 auxibo
675 1857 726 1907 tuo
745 1857 815 1906 tuuc
834 1868 893 1907 nou
925 1852 1002 1908 indi·
1057 1851 1132 1922 quod
1157 1851 1324 1907 desideras?
1349 1851 1405 1908 Sed
1434 1855 1499 1923 post
1520 1867 1617 1906 casum
1633 1867 1728 1915 suum,
1760 1852 1846 1906 multi
1863 1867 1909 1922 ge·

154 1939 281 2010 goit,sie
297 1955 450 1996 necnune.
476 1941 512 1995 Ut
533 1940 601 2011 quid
624 1941 761 1995 scrutaris
783 1941 924 2011 judicium
940 1941 1001 2010 liei,
1058 1939 1163 1994 mendo
1194 1945 1223 1994 et
1246 1940 1370 1995 dolendo
1393 1940 1545 2012 requirunt
1567 1955 1631 2006 ma;
1658 1940 1708 2011 qui
1735 1941 1906 2012 priusquam

153 2043 219 2084 cum
229 2029 353 2099 desuper
377 2029 471 2084 imbre
495 2028 614 2084 salubui
633 2033 726 2083 tactus
745 2028 855 2084 fueris?
878 2031 1002 2086 Ostende
1056 2029 1191 2083 caderent
1213 2044 1259 2083 me
1287 2028 1424 2100 quaesisse
1453 2028 1622 2084 debuerant.
1647 2027 1756 2092 Quibus
1785 2043 1906 2083 manum

154 2116 228 2172 mibi
239 2118 425 2189 quomodoin
439 2133 509 2189 agro
521 2117 615 2174 cordia
627 2117 670 2173 tui
685 2117 807 2184 labores,
829 2122 858 2173 et
876 2134 1003 2190 quomo-
1058 2131 1151 2171 meam
1165 2115 1293 2187 porrigo,
1309 2116 1405 2171 dicens
1422 2132 1430 2170 ι
1450 2117 1543 2181 Quare
1557 2132 1616 2171 non
1631 2116 1758 2187 quesisti
1777 2131 1823 2171 me
1839 2123 1906 2172 ante

154 2204 191 2260 do
206 2220 273 2262 eum
288 2207 372 2262 colas.
387 2206 503 2270 Quodsi
517 2205 599 2261 labor
613 2205 661 2261 ille
677 2205 747 2260 mibi
763 2207 913 2277 placuerit,
939 2207 1001 2262 iru-
1057 2202 1175 2258 casum?
1198 2202 1251 2258 Ubi
1268 2203 1368 2258 eremi
1387 2204 1421 2258 Et
1437 2203 1487 2258 ubi
1509 2204 1653 2275 requisisti
1673 2204 1739 2258 mei
1759 2204 1908 2275 Numquid

153 2299 232 2350 ctum
245 2295 387 2365 optimum
404 2295 458 2350 tibi
474 2295 511 2350 do
525 2294 682 2350 secuudum
695 2294 822 2350 laborem
836 2299 931 2366 tuom,
947 2296 1004 2353 erit
1056 2307 1123 2348 tum
1145 2291 1310 2362 quoerorctis
1331 2307 1389 2361 mc,
1411 2289 1501 2362 abjeci
1517 2291 1589 2346 vos‘l
1616 2291 1906 2358 Etdi0010bomm

154 2383 381 2439 etfrnetnstuus
396 2399 463 2439 oum
479 2384 620 2439 mercede.
646 2384 781 2455 Nunquid
810 2384 848 2439 do
875 2384 1001 2440 fructum
1057 2379 1082 2435 si
1103 2395 1184 2435 seona
1217 2385 1335 2451 pontem
1369 2380 1602 2452 profundissimae
1642 2396 1725 2452 aquae
1747 2385 1847 2449 stares,
1878 2387 1909 2438 et

153 2471 310 2526 terraesioe
325 2472 501 2528 laboreiSie
516 2473 603 2528 etiam
620 2487 673 2527 nec
688 2472 740 2527 tibi
760 2471 879 2541 lacio,o
900 2474 999 2541 bomo,
1056 2472 1174 2538 propter
1184 2467 1300 2522 inanem
1313 2468 1481 2540 jactantiam
1506 2473 1534 2523 et
1548 2468 1590 2523 tui
1609 2468 1703 2524 cordis
1730 2468 1907 2524 oblivionem

154 2560 262 2632 absque
275 2560 392 2628 sudore,
403 2575 491 2632 qnam
513 2559 656 2631 requiroa
679 2565 718 2616 te.
741 2560 833 2615 Habes
852 2559 929 2615 enim
949 2575 1003 2632 per
1057 2557 1125 2628 (qua
1139 2572 1184 2612 me
1200 2557 1230 2611 iu
1255 2557 1389 2612 omnibus
1416 2557 1578 2626 despexisti,
1606 2572 1671 2613 eum
1695 2557 1831 2628 possibile
1851 2559 1906 2612 tibi

155 2663 202 2703 me
224 2647 274 2703 illa
296 2649 327 2703 io
347 2654 385 2716 te,
402 2648 551 2721 inquibus
575 2651 657 2720 potes
677 2649 818 2704 laborare.
840 2650 914 2720 Ergo
935 2649 1001 2706 dili·
1055 2645 1176 2717 putobas
1202 2660 1263 2700 esse
1287 2661 1373 2700 omne
1399 2645 1478 2716 quod
1493 2645 1618 2712 voluisti,
1640 2646 1723 2718 quasi
1751 2661 1809 2701 non
1840 2647 1906 2702 indi

154 2740 257 2807 geum
267 2736 405 2793 inlabere
429 2742 457 2792 te
479 2741 630 2805 exeree,et
652 2737 777 2793 fructum
805 2737 872 2793 inde
901 2753 1002 2794 conse-
1057 2745 1140 2802 geres
1157 2731 1300 2802 adjutorio
1332 2730 1407 2802 meo)
1421 2732 1573 2787 temerarie
1599 2732 1629 2786 in
1658 2732 1768 2803 teipso
1792 2733 1906 2788 diceres

154 2824 263 2894 queris.
286 2827 319 2880 Et
343 2841 410 2882 cnm
428 2826 554 2881 tractum
569 2825 715 2894 habueris,
747 2827 908 2881 mercedem
935 2826 1003 2881 inde
1022 2825 1174 2893 cpoutem
1189 2821 1266 2875 bone
1285 2820 1349 2876 solo
1363 2819 1489 2874 devitare
1508 2823 1537 2873 et
1550 2835 1602 2891 per
1623 2834 1728 2891 aquam
1743 2819 1904 2887 ambulare,

154 2912 269 2968 referes.
285 2913 341 2970 Sed
353 2915 526 2986 quidtuunc
538 2913 623 2970 multi
636 2913 741 2969 devoto
754 2917 783 2969 et
796 2929 870 2985 poro
886 2929 919 2969 ac
932 2913 1003 2969 sim·
1056 2923 1153 2964 nonne
1168 2907 1324 2979 prudenter
1349 2908 1476 2964 laceres?
1492 2907 1610 2971 Quodsi
1626 2911 1853 2979 presumptuose
1876 2913 1906 2962 at

153 3001 221 3071 plici
237 3003 321 3058 eorde
331 3008 467 3075 quierunt
476 3017 532 3070 ma,
549 3007 578 3057 et
588 3002 769 3056 invenientes
796 3001 923 3057 retinent
944 3018 1001 3057 me.
1056 2995 1225 3068 insipienter
1239 2996 1466 3063 leceres;nonne
1481 2995 1512 3050 in
1534 2996 1634 3051 eadem
1653 3001 1790 3063 ,creatura
1814 3011 1907 3066 qnam

189 3091 269 3145 ltntu
292 3095 388 3146 antem
413 3091 576 3162 joculantes
597 3094 627 3144 et
666 3089 800 3145 ludentes
827 3090 927 3145 volunt
955 3106 1003 3146 me
1056 3085 1109 3140 tibi
1124 3086 1250 3156 subjecta
1265 3085 1301 3140 ad
1316 3085 1470 3140 utilitatem
1486 3090 1567 3140 tuam
1582 3090 1677 3140 creata
1690 3090 1743 3151 est,
1767 3083 1905 3155 spiritum

154 3177 304 3234 adiresine
318 3178 414 3234 labore
428 3177 521 3233 animi
536 3183 566 3233 et
593 3177 777 3248 cogitationis
798 3194 869 3247 sna,
897 3179 1002 3234 uoleu·
1057 3176 1140 3228 tuum
1155 3173 1326 3228 exhalares?
1345 3171 1399 3228 Sed
1424 3173 1529 3228 naboe
1552 3171 1604 3228 tibi
1631 3173 1798 3244 confingat:
1830 3187 1906 3243 prm-

153 3270 197 3319 tea
215 3264 410 3336 premeditari
438 3265 509 3336 quid
538 3265 632 3319 iacere
666 3265 801 3332 debeant,
825 3281 871 3320 me
895 3266 1003 3322 seilicet
1055 3277 1137 3318 cares
1173 3267 1291 3334 propter
1319 3267 1494 3331 presentem
1532 3266 1562 3316 et
1588 3260 1730 3318 visibilem
1768 3261 1905 3317 timorem

152 3351 322 3421 invocando,
349 3357 378 3408 et
400 3367 517 3407 sensum
551 3351 680 3423 corporis
708 3351 753 3407 sui
784 3353 1001 3423 considerando,
1056 3367 1149 3423 aque,
1170 3355 1197 3406 te
1218 3351 1397 3422 absorpturae
1416 3350 1447 3404 in
1468 3355 1600 3406 mortem.
1616 3352 1673 3405 Aut
1701 3350 1726 3405 si
1747 3350 1905 3406 maximam

152 3442 281 3496 volentes
304 3445 418 3496 tantum
441 3456 488 3495 ωε
510 3440 737 3512 apprehendere,
763 3440 844 3512 quasi
870 3442 905 3497 de
924 3443 1003 3514 gravi
1056 3441 1186 3496 arborem
1215 3439 1354 3494 abscisam
1376 3453 1460 3493 ruere
1479 3438 1600 3508 videres,
1616 3453 1713 3494 noune
1732 3439 1844 3510 lugeres
1866 3455 1904 3494 na

153 3545 255 3585 somno
280 3529 417 3601 evigilent
434 3529 586 3600 repentino
599 3534 681 3584 motu
700 3529 893 3585 simulationis
906 3534 935 3585 et
949 3531 1002 3585 de·
1055 3529 1091 3584 ab
1107 3544 1141 3583 ee
1165 3527 1418 3599 comprimereris?
1433 3528 1481 3582 Vel
1507 3527 1530 3582 si
1556 3529 1654 3582 leones
1676 3533 1727 3583 ant
1750 3545 1831 3583 ursos
1847 3529 1903 3584 tibi

153 3619 294 3690 captionis
309 3619 481 3689 arripientes
497 3618 572 3673 riam
586 3617 754 3684 sanctitatis,
781 3623 813 3672 ut
833 3618 863 3674 in
878 3634 907 3672 se
931 3619 1002 3690 ipsis
1055 3631 1224 3673 occursuros
1254 3616 1407 3688 aspiceres,
1436 3631 1531 3672 noune
1555 3617 1579 3672 si
1600 3631 1697 3687 posses
1720 3633 1778 3689 pres
1796 3617 1904 3672 bonore

153 3707 332 3778 excogitent;
362 3706 412 3760 alii
433 3711 531 3761 aotam
558 3707 589 3762 in
617 3705 779 3776 abjectione
818 3707 1001 3762 secularium
1055 3721 1141 3778 quem
1163 3704 1327 3776 conciperes
1352 3710 1380 3759 te
1399 3704 1430 3760 in
1453 3709 1530 3760 terra
1548 3704 1760 3761 absconderes?
1777 3706 1811 3760 lit
1834 3721 1904 3761 cum
1971 3769 1972 3788 χ

152 3795 345 3866 negotiorum,
364 3794 415 3849 alii
436 3793 466 3848 in
501 3793 678 3849 continentia
706 3795 875 3862 carnalium,
902 3794 951 3851 atii
969 3796 1002 3852 in
1054 3793 1185 3864 eorporis
1204 3793 1402 3849 laesionemito
1422 3792 1515 3864 iugis3
1538 3809 1626 3864 quare
1643 3793 1826 3848 nenderitas
1845 3799 1904 3849 ter-
1971 3829 1972 3832 =

152 3883 326 3955 virginitatis
347 3883 458 3954 pudore
479 3898 565 3953 snper
582 3883 721 3938 humeros
737 3899 805 3937 suos
823 3889 1001 3939 assumentes
1055 3882 1249 3960 ribilissimom
1288 3887 1411 3937 mortem
1450 3882 1565 3949 animm,
1600 3880 1703 3937 timens
1742 3887 1903 3938 creatorem

149 3970 254 4042 jugum
269 3985 377 4037 meum,
399 3970 596 4025 existimantes
609 3970 664 4026 sibi
677 3971 814 4042 possibile
830 3987 891 4026 esse
915 3987 1001 4026 omne
1054 3971 1160 4025 tuum‘l
1176 3971 1276 4025 Nonne
1289 3969 1385 4034 vidisti
1398 3975 1448 4024 ant
1463 3970 1567 4026 audisti
1576 3970 1666 4025 ullum
1679 3969 1751 4025 mihi
1773 3985 1901 4042 nuquam

152 4059 230 4130 quod
250 4058 406 4123 volueriut,
431 4059 563 4115 nolentes
588 4059 695 4115 intueri
713 4060 763 4132 qui
778 4059 836 4114 sint
853 4062 903 4114 aut
930 4059 1000 4131 quid
1056 4059 1210 4114 resisteret
1232 4058 1304 4113 itam
1329 4058 1380 4130 qni
1398 4074 1457 4114 uon
1479 4063 1523 4114 est
1548 4073 1671 4125 mecum,
1697 4057 1902 4129 dissipabitur;

152 4147 289 4218 perticere
310 4147 432 4217 possint,
456 4161 511 4202 nac
543 4146 671 4203 solentes
703 4147 810 4203 babere
832 4147 862 4202 in
881 4148 1001 4204 seientia
1018 4119 1040 4175 Β
1055 4151 1083 4201 et
1109 4161 1195 4217 super
1218 4161 1303 4218 quem
1323 4147 1464 4216 cecidero,
1493 4147 1697 4218 confringetur.
1720 4147 1793 4212 Quid
1822 4147 1903 4203 inisti

152 4234 290 4307 sanquis
311 4250 359 4289 eos
383 4234 557 4302 formaverit,
581 4235 710 4307 autquis
733 4251 834 4290 eorum
850 4237 925 4291 lteus
953 4237 1001 4304 sit,
1057 4236 1171 4307 quando
1191 4237 1294 4292 ooelum
1314 4240 1342 4291 et
1359 4241 1437 4291 terra
1460 4242 1555 4292 ereata
1577 4240 1655 4305 snut,
1676 4253 1740 4308 quae
1766 4237 1808 4292 ita
1826 4238 1903 4293 vires

153 4322 282 4378 volentes
302 4337 370 4378 enm
389 4327 503 4378 tantum
523 4322 629 4378 babere
648 4328 681 4379 ut
701 4323 891 4379 domesticum
916 4340 1002 4381 suum
1056 4340 1121 4379 suas
1135 4324 1902 4396 peragratuteisoonstitutumestilureroconsilio

150 4411 203 4483 qui
217 4427 335 4466 ornnem
355 4411 533 4467 voluntatem
548 4410 678 4482 ipsorum
700 4411 841 4483 perliciat.
864 4412 911 4468 Sic
933 4414 1001 4468 nolo
1055 4411 1105 4468 Dei
1136 4412 1287 4480 formatos,
1301 4415 1330 4468 et
1360 4411 1450 4484 ipsius
1482 4412 1695 4468 illuminatione
1709 4417 1812 4480 tactus,
1830 4429 1903 4485 pra-

153 4499 221 4553 dare
244 4498 353 4554 donum
375 4513 474 4555 meum
489 4514 542 4554 nec
555 4499 697 4555 seminare
710 4513 831 4554 saeuum
847 4499 1000 4572 agrumliu
1056 4504 1137 4572 cepta
1164 4501 1226 4572 ejus
1247 4501 1465 4572 transgrederis.
1495 4500 1644 4571 Omagna
1675 4500 1819 4556 amential
1850 4503 1904 4556 Per

152 4585 271 4642 bomine
297 4585 358 4653 illc,
377 4585 427 4658 qui
454 4586 485 4643 in
508 4586 674 4659 hujusmodi
687 4588 811 4643 sanitate
829 4602 860 4642 se
873 4587 947 4643 mibi
969 4589 1001 4644 in
1056 4593 1214 4645 creaturam
1251 4604 1316 4658 que
1350 4587 1403 4644 tibi
1450 4589 1579 4660 subiecta
1612 4589 1780 4658 famulator,
1811 4591 1902 4645 Deum

152 4674 328 4732 alienatione
354 4675 529 4747 ignorantie
554 4677 671 4732 nesciat.
696 4676 776 4732 Unde
806 4681 836 4732 et
862 4691 914 4746 pes
937 4677 1001 4748 ejus
1054 4680 1137 4732 tuum
1152 4677 1321 4742 contemnis,
1337 4681 1369 4732 tu
1390 4679 1496 4732 terram
1522 4676 1661 4732 calcasse
1679 4679 1783 4734 omium
1803 4679 1901 4750 suspi-

153 4777 231 4835 saspe
251 4761 412 4835 inlapsum
435 4764 501 4819 erit.
520 4763 616 4821 cuiet
633 4764 718 4820 dico:
742 4764 765 4820 0
789 4765 888 4833 bomo,
911 4780 1001 4837 qnare
1054 4764 1094 4820 eis
1112 4779 1177 4835 quae
1195 4765 1360 4821 Creatorem
1375 4753 1467 4820 suum'
1494 4766 1629 4820 timentes
1662 4765 1690 4821 ei
1713 4765 1854 4822 obediunt
1874 4771 1902 4821 et

151 4865 211 4907 non
236 4851 384 4923 inspexisti
405 4867 508 4924 agrum
521 4852 613 4908 animi
635 4853 678 4908 tui
701 4857 734 4909 nt
749 4853 909 4909 eradicares
931 4853 999 4910 inu·
1051 4851 1213 4924 jussionem
1227 4852 1318 4923 ipsius
1332 4853 1510 4924 adimplent:
1530 4853 1600 4926 quid
1617 4858 1648 4909 tu
1668 4853 1901 4925 insipientissime

151 4939 216 4994 tiles
238 4940 342 4996 barbas
357 4943 386 4996 et
402 4940 501 5012 spinas
521 4939 706 5009 retributos,
731 4955 778 4996 me
792 4939 899 4996 seilicet
920 4941 1001 4996 inso-
1054 4940 1174 4998 minime
1195 4941 1265 4998 iacis
1287 4958 1354 4998 eum
1375 4957 1442 4998 eum
1462 4943 1491 4997 in
1511 4942 1683 5014 cogitatione
1700 4948 1750 4999 aut
1765 4943 1797 4999 in
1813 4961 1899 5016 opere

151 5027 243 5084 cando
268 5033 298 5084 et
319 5032 348 5083 te
375 5027 471 5100 ipsum
497 5027 716 5095 considerando,
742 5034 898 5101 antequam
920 5030 1000 5085 velut
1053 5035 1103 5086 too
1117 5030 1265 5103 nequens
1278 5031 1351 5086 seire
1371 5045 1466 5104 neque
1485 5031 1519 5086 ad
1544 5047 1611 5086 eum
1636 5031 1788 5103 respicere,
1804 5031 1845 5086 ite
1868 5035 1900 5086 ut

152 5115 249 5172 ebrius
265 5121 294 5172 et
315 5116 496 5173 insanusne
514 5124 543 5173 te
559 5117 653 5189 ipsum
674 5117 811 5189 ignorans
837 5120 948 5174 venires
961 5120 998 5176 ad
1053 5119 1124 5174 valis
1141 5119 1237 5191 ipsum
1260 5124 1291 5175 ut
1312 5119 1396 5175 decet
1412 5133 1577 5190 agnoscere.
1598 5119 1817 5192 Quaproptersi
1839 5137 1898 5174 uon

151 5219 209 5273 rna,
225 5204 364 5277 quoniam
383 5205 497 5262 uultum
525 5206 652 5262 lucidum
668 5221 751 5277 opus,
771 5205 834 5261 sine
853 5206 997 5276 adjutorio
1052 5208 1371 5278 prenitueris,inlernus
1382 5207 1462 5279 josto
1474 5207 1584 5279 judicio
1599 5213 1629 5263 te
1653 5207 1804 5279 deglutiet,
1825 5207 1898 5263 sieut

153 5306 217 5349 meo
227 5293 365 5364 perticere
380 5298 472 5363 potes.
487 5295 558 5350 liam
568 5299 634 5366 post
645 5294 719 5349 banc
740 5293 996 5366 praecipitationem
1052 5294 1170 5350 atilium
1187 5296 1237 5366 qui
1251 5296 1407 5352 obduratus
1426 5295 1461 5351 de
1484 5295 1556 5352 coslo
1574 5296 1719 5368 projeetus
1739 5300 1792 5364 est,
1811 5311 1896 5368 quero

152 5395 211 5453 qna
231 5395 278 5436 me
296 5381 374 5437 velot
397 5381 428 5438 iu
454 5397 557 5438 somno
573 5382 716 5454 praeisti,
738 5397 804 5438 eoru
824 5382 854 5437 io
878 5383 995 5439 servitio
1052 5387 1081 5437 tu
1109 5383 1237 5440 imitatus
1257 5400 1296 5439 es.
1326 5386 1459 5440 ltmmeu
1483 5401 1548 5441 cum
1585 5386 1683 5457 lapsus
1712 5384 1810 5452 tueris,
1839 5386 1895 5441 cla·
1971 5441 1972 5478 1
