3984 6034
194 221 246 272 ota
921 209 949 261 S.
973 206 1208 262 attribuentem
1892 205 1944 254 ute

192 350 295 400 eteam
311 344 340 399 ln
368 342 425 398 ilde
444 341 479 396 ad
499 341 621 395 saliatem
645 340 686 394 cis
704 339 900 394 reddiderunt.
924 337 977 403 Qui
991 353 1040 392 aa·
1059 341 1080 392 lt
1096 337 1242 408 gallonem
1256 341 1354 408 percat
1367 336 1396 390 in
1412 353 1455 402 ca,
1479 335 1524 390 bic
1545 337 1659 407 spiritui
1683 341 1749 390 autc
1772 335 1944 406 sanguinent

191 437 249 488 tem
272 431 358 486 sidem
393 428 575 502 baptismatis
603 433 631 483 et
663 427 875 483 munimentum
904 425 1042 497 jussionis
1096 425 1241 497 adjuncta,
1266 424 1334 496 quia
1365 429 1397 478 ut
1422 423 1540 496 spiritus
1568 423 1726 495 spiritualis
1758 428 1817 490 est;
1848 422 1889 476 sic
1916 431 1946 476 et

192 521 243 577 ltai
257 525 378 593 propter
396 518 627 575 incredulitatem
649 531 730 571 suam
746 514 874 586 recipere
891 513 1040 580 nolebant,
1095 529 1170 586 aqua
1193 512 1372 585 spiritualem
1396 511 1479 568 allert
1504 511 1771 580 sanctificationem,
1802 511 1945 567 almedis

190 611 242 666 bos
265 611 295 664 in
315 609 466 680 praeconiis
489 607 640 679 signorum
666 604 904 676 pertransierunt,
927 618 960 658 ac
991 617 1041 656 cos
1094 601 1170 659 inter
1185 600 1358 674 spiritumet
1372 600 1543 672 sanguinem
1556 600 1662 672 posita,
1679 600 1817 672 quonism
1838 603 1868 656 ιι
1883 599 1945 654 ani-

191 697 228 754 ob
244 698 381 752 duritiam
394 702 423 751 et
433 695 664 751 incredulitatem
678 709 743 765 qtae
757 692 788 748 in
802 691 872 763 ipsis
886 697 948 747 erat
973 707 1039 746 con·
1096 707 1171 746 mam
1186 695 1214 746 at
1228 706 1331 762 corpus
1354 705 1407 763 per
1430 687 1609 762 spiritualem
1635 688 1851 761 generationem
1879 703 1947 743 ron-

192 788 372 852 demnantes,
402 784 489 840 morti
514 783 705 850 tradiderunt,
734 781 803 853 quia
826 781 857 836 in
885 779 1041 836 sceleribus
1093 781 1202 835 tortans
1228 779 1397 836 transmittit
1420 779 1455 834 ad
1486 777 1585 833 vitam.
1608 777 1732 849 Sanguis
1754 792 1872 848 quoque
1891 776 1945 830 hoe

190 874 252 930 suis
265 881 295 930 et
307 875 339 928 in
359 873 492 928 sordibus
513 870 705 943 pollutionum
723 870 828 936 carnis,
857 873 944 942 atquc
958 868 987 925 in
1002 868 1041 922 it·
1093 867 1289 923 testimonium
1313 868 1408 937 babet,
1440 867 1516 939 quod
1541 881 1686 922 venenosa
1710 865 1814 921 itinera
1834 881 1888 920 suu
1903 881 1947 920 re-

190 963 311 1020 tccebria
341 961 566 1018 fornicationum
590 963 619 1016 et
645 957 855 1014 adulteriorum
876 973 994 1013 suorum
1011 973 1040 1012 sc
1093 961 1227 1027 torqueat
1247 955 1284 1012 ad
1305 955 1424 1012 domam
1439 955 1670 1010 sanctificationis
1688 970 1740 1028 per
1768 969 1872 1026 aquam
1889 955 1946 1007 sal·

190 1053 368 1108 involventes
381 1055 415 1106 ut
441 1065 545 1121 porcos
568 1049 628 1104 loto
648 1047 811 1115 involvitur,
836 1047 871 1102 ad
890 1061 988 1102 veram
1010 1045 1041 1100 fi·
1093 1044 1226 1113 sationis,
1250 1048 1372 1118 quaest
1392 1043 1573 1100 medicinalis
1594 1043 1636 1099 ris
1650 1044 1681 1100 in
1698 1044 1768 1100 Filio
1784 1059 1848 1099 meo
1873 1043 1946 1097 inci-

190 1141 257 1197 dem
285 1139 412 1196 converti
441 1139 607 1208 noluerunt,
639 1137 718 1192 uude
745 1141 774 1192 at
795 1151 812 1190 a
833 1136 892 1191 ιιιι
913 1134 995 1191 divisi
1012 1139 1041 1188 ιι
1094 1134 1186 1206 piens,
1205 1137 1233 1188 et
1248 1133 1277 1188 in
1292 1133 1355 1205 ipso
1370 1133 1406 1188 ad
1431 1133 1718 1204 ritampermanens,
1743 1133 1945 1205 quiasangnis

190 1229 313 1300 separati
337 1231 413 1283 sunt.
436 1225 538 1299 sicque
562 1225 650 1281 Titius
675 1225 726 1280 Dei
750 1241 768 1281 a
788 1223 888 1279 maltis
906 1228 935 1279 ιι
949 1222 1040 1278 admi·
1093 1221 1123 1276 in
1138 1236 1167 1275 se
1182 1221 1313 1276 eontinet
1325 1220 1406 1276 valde
1420 1219 1574 1292 culpabilia
1589 1219 1721 1286 crimina,
1747 1231 1945 1289 magnamque

190 1316 289 1373 randis
315 1316 403 1386 siguis
431 1315 461 1369 in
491 1317 551 1368 toto
574 1317 715 1369 terrarum
750 1312 820 1368 orbe
839 1311 1039 1367 manifestatos
1093 1309 1323 1381 inquietudinem
1340 1307 1487 1380 injustitie
1502 1306 1693 1380 pererrantis
1716 1306 1945 1362 scilicetitinera

190 1409 234 1461 est
254 1421 286 1459 ex
314 1405 398 1459 Patra
423 1403 581 1458 secuudum
602 1401 707 1458 divinit
722 1405 797 1456 atem
823 1405 888 1455 ante
908 1403 1039 1470 tempora
1093 1413 1212 1454 correns
1239 1397 1269 1454 in
1295 1401 1423 1453 tortuosa
1452 1396 1603 1453 dulcedine
1622 1413 1687 1467 qum
1703 1395 1812 1451 ardenti
1827 1393 1944 1450 libidini

191 1492 377 1548 ineffabiliter
400 1491 514 1564 genitus
537 1491 633 1553 luisse,
658 1496 772 1561 etpost
798 1490 828 1544 in
853 1495 983 1562 tempora
999 1503 1041 1542 se·
1092 1487 1181 1542 servit
1199 1492 1227 1542 ιι
1248 1501 1312 1558 qoae
1340 1485 1534 1541 innocentiam
1556 1483 1744 1556 perhorrida
1772 1483 1837 1537 vitia
1852 1481 1944 1536 sutto-

189 1583 317 1637 cundum
347 1579 558 1636 humanitatem
596 1579 766 1635 mirabiliter
784 1579 948 1633 incamatus
976 1593 1037 1632 esse
1093 1580 1148 1640 cat,
1171 1589 1297 1630 erescere
1325 1573 1466 1644 incipieus
1490 1589 1542 1644 per
1570 1576 1682 1643 gestum
1706 1571 1884 1626 comedentis
1908 1570 1943 1624 de

190 1687 224 1725 ex
237 1671 363 1741 Virgine,
383 1669 422 1725 ιιι
437 1669 514 1741 qood
530 1669 614 1724 corda
631 1668 761 1722 omnium
778 1668 839 1722 {uec
860 1666 1039 1721 audientium
1096 1661 1279 1733 suggestione
1301 1661 1478 1718 insidiatoris
1498 1661 1614 1717 diaboli.
1641 1663 1678 1718 Et
1699 1661 1761 1716 baec
1781 1659 1837 1718 tris
1851 1675 1944 1715 onum

189 1759 310 1815 trorrore
331 1763 360 1812 ct
390 1763 517 1814 tremore
540 1757 631 1811 nimio
662 1757 720 1811 siut
742 1771 886 1822 concussa,
910 1759 939 1809 et
961 1753 1039 1824 quaed
1095 1749 1435 1822 quoniamspiritusnon
1460 1755 1503 1804 est
1531 1749 1629 1804 uirens
1648 1748 1943 1820 bomosinesangui·

191 1859 265 1899 vana
298 1861 330 1899 ac
359 1844 473 1899 fallacia
496 1859 584 1914 opera
607 1858 673 1914 quac
697 1842 854 1897 secondum
882 1842 1041 1911 rolvaptatcs
1094 1855 1149 1894 nea
1178 1838 1296 1894 materia
1321 1838 1456 1909 corporis,
1477 1853 1530 1893 nec
1558 1837 1714 1909 sanguinea
1740 1837 1860 1892 materia
1885 1849 1944 1890 uor-

190 1947 256 1987 suas
280 1933 421 1998 iecerunt,
447 1932 482 1987 ad
508 1932 631 1986 nibilum
648 1932 678 1984 in
703 1930 744 1984 ιιι
767 1945 820 2000 per
842 1932 1038 1998 contemptum
1094 1927 1174 1999 poris
1191 1927 1289 1982 virens
1307 1927 1405 1995 bomo,
1431 1927 1493 1980 sine
1508 1926 1615 1994 ιιιιιιιιι,
1637 1941 1689 1980 ιιι
1715 1926 1776 1980 huc
1797 1925 1854 1980 duo
1870 1926 1944 1978 resi-

193 2021 295 2076 mortis
321 2020 380 2075 sint
409 2020 524 2076 redacta
553 2035 621 2074 vero
650 2019 738 2073 serbo
763 2017 814 2073 [ιιι
843 2017 1040 2071 testimouium
1094 2017 1206 2070 viscont
1220 2015 1354 2086 ingratia
1369 2014 1536 2086 novaelegis
1553 2014 1684 2068 advitam
1700 2014 1755 2068 nisi
1771 2029 1823 2086 per
1838 2025 1943 2084 aquam

192 2113 297 2166 sanctas
311 2108 444 2164 Trinitati
459 2112 545 2181 atquae
561 2106 677 2161 vivificae
693 2105 841 2160 salvationi
863 2121 929 2176 qttoe
943 2104 976 2159 ιιι
989 2119 1042 2175 per
1094 2103 1329 2174 regenerationis,
1359 2109 1387 2156 et
1410 2102 1449 2156 ita
1474 2118 1563 2157 ιιιιιιιι
1590 2107 1655 2156 sum
1678 2102 1708 2156 in
1733 2101 1944 2174 redemptione,

191 2209 296 2267 aquam
316 2193 544 2266 regenerationis
566 2193 600 2248 ad
622 2195 709 2247 sitam
737 2191 887 2258 reddente,
914 2199 946 2244 at
969 2190 1040 2244 dile·
1095 2207 1147 2246 ιιι
1161 2196 1228 2246 sunt
1247 2191 1357 2262 integro
1375 2190 1405 2245 in
1428 2191 1586 2246 salvatione
1611 2190 1738 2262 qnandiu
1762 2189 1798 2246 ab
1819 2190 1872 2244 hac
1898 2205 1941 2242 sn-

191 2289 255 2340 etus
276 2285 400 2339 ioannes
423 2283 453 2336 in
484 2281 579 2336 verbis
602 2280 811 2336 exhortationis
832 2295 891 2333 strae
916 2279 1042 2334 ostendit
1095 2279 1180 2334 lutari
1203 2295 1277 2351 aqua
1295 2283 1364 2334 sunt
1387 2285 1529 2351 separata,
1562 2279 1631 2350 quia
1652 2278 1841 2333 rationalitati
1864 2277 1942 2332 deest

192 2367 947 2442 dicens:EtSpiritusestguitestificaturpuoniom
958 2366 1041 2424 carr·-
1095 2366 1261 2439 precellens
1289 2367 1383 2422 bouor
1420 2367 1496 2433 sitae,
1517 2367 1545 2420 in
1575 2382 1631 2438 qua
1666 2367 1831 2436 redemptos
1855 2366 1943 2420 bomo

191 2467 253 2516 stus
267 2457 517 2530 cernentesque
533 2460 673 2514 tre-amnt
695 2455 951 2528 quitertimonium
969 2455 1041 2510 dont
1095 2471 1210 2527 semper
1233 2470 1369 2510 resonare
1392 2455 1476 2510 debet
1503 2455 1656 2527 perlectam
1678 2455 1791 2508 lotidem
1816 2455 1846 2508 iu
1877 2469 1943 2508 con·

191 2549 340 2603 interro:
362 2547 592 2619 spiritumque
621 2549 649 2599 e!
670 2545 799 2617 sanquis,
815 2547 849 2598 'et
870 2547 928 2598 tres
950 2559 1040 2600 ιιιιιιιι
1095 2549 1193 2615 spectu
1210 2541 1260 2598 net
1285 2542 1334 2614 qni
1349 2543 1404 2615 ipsi
1425 2543 1647 2598 rationalitatem
1668 2543 1754 2598 dedit.
1780 2544 1851 2598 Num
1871 2543 1944 2597 Deris

190 2641 269 2692 ιιιιιι.
299 2639 337 2692 ιιι
358 2642 417 2691 tres
444 2638 510 2690 sunl
532 2633 582 2706 qui
598 2634 671 2690 dont
694 2631 889 2690 testimouium
910 2635 939 2686 in
952 2633 1038 2686 culo:
1096 2632 1212 2704 propria
1227 2632 1373 2687 volontate
1397 2648 1447 2687 sua
1462 2632 1567 2688 creavit
1591 2632 1737 2687 bominem
1753 2631 1788 2686 ad
1804 2631 1944 2686 honorem

192 2727 293 2792 Pater,
309 2723 433 2780 Verbum
445 2727 473 2778 et
485 2722 620 2796 Spiritus,
632 2727 660 2777 et
673 2726 827 2777 trecanum
839 2725 908 2775 aunt
917 2721 943 2789 (t
955 2723 1038 2776 loon.
1095 2721 1177 2776 illum
1194 2720 1244 2793 qui
1258 2721 1418 2792 completur
1437 2721 1466 2775 in
1483 2736 1603 2792 corpore
1623 2719 1687 2775 Filii
1701 2722 1763 2790 ojus
1782 2719 1812 2774 iu
1831 2719 1889 2774 ιιιι
1904 2737 1943 2774 ιι-

192 2813 234 2884 ι).
265 2813 323 2867 lloc
350 2813 407 2867 tale
434 2816 495 2867 est:
516 2811 639 2883 Spiritus
671 2809 797 2865 bominis
816 2809 972 2880 spiritualis
998 2814 1041 2862 est
1095 2814 1277 2865 ternarcum
1302 2808 1430 2881 perditos
1445 2809 1541 2872 tremo,
1559 2808 1702 2864 reviviscit
1716 2809 1865 2864 inhonore
1882 2809 1944 2864 rito

191 2901 324 2956 uidelicet
338 2917 396 2956 non
409 2900 570 2972 procedens
589 2900 625 2954 ιιι
640 2898 780 2968 sarrguine
803 2913 856 2952 nec
871 2913 989 2952 nascens
1006 2896 1040 2951 de
1059 2889 1238 2952 Cselutilera
1259 2897 1351 2968 gratia
1364 2897 1531 2968 redemptus
1549 2897 1580 2951 in
1600 2899 1667 2952 Deo.
1690 2899 1724 2952 Et
1743 2898 1863 2969 spiritns
1878 2901 1944 2968 ιιι-

192 2988 347 3057 caroe,sed
373 3003 492 3043 currens
517 2987 552 3042 de
566 3003 669 3041 arcano
690 2986 750 3054 itai,
771 2985 895 3040 existens
911 2985 951 3040 illi
968 2984 1039 3039 invi·
1095 2985 1160 3040 dem
1184 2983 1335 3040 invisibilis
1362 2985 1560 3056 corporalibus
1588 2985 1677 3040 ocutis
1702 2985 1836 3050 existens,
1868 2985 1943 3038 desl-

192 3077 283 3130 sibilis
301 3075 378 3147 quod
393 3074 580 3131 mutabilitati
593 3074 752 3146 subjectum
773 3079 824 3128 ast.
850 3073 976 3145 ideoque
992 3079 1042 3127 -est
1095 3078 1165 3146 gnat
1188 3075 1298 3128 Patrem
1325 3074 1403 3128 omni
1423 3077 1554 3129 creatura
1571 3071 1813 3140 inaestimabilem,
1832 3076 1944 3141 etoqun

191 3164 270 3220 itlius
296 3164 459 3220 testificatio
483 3163 520 3218 ad
546 3163 649 3218 Filium
674 3163 821 3232 lteicnjus
841 3161 932 3231 gloria
951 3161 1041 3216 mira·
1094 3162 1295 3233 purgationem
1319 3155 1412 3216 sordis
1442 3161 1559 3229 taciens,
1588 3161 1730 3231 siguificat
1753 3160 1888 3228 Verbum,
1917 3160 1942 3212 id

193 3250 259 3307 bilis
280 3257 325 3306 est
345 3252 511 3322 inmystico
537 3250 705 3324 spiramine,
735 3248 1043 3322 qoamnuttusbomi-
1095 3255 1135 3304 est
1161 3250 1262 3304 Titium
1294 3249 1426 3321 passione
1449 3265 1501 3304 sua
1528 3250 1738 3320 abstergentem
1753 3249 1945 3304 maculasbo

192 3353 264 3394 num
293 3338 419 3408 perlecta
451 3338 615 3410 intelligere
639 3337 726 3403 ιιιιι,
760 3337 868 3391 ιιιιιιιι
897 3337 1041 3406 quomodo
1096 3337 1219 3403 minum,
1235 3343 1321 3409 atque
1344 3339 1461 3409 sanguis
1483 3338 1720 3406 circumplectens
1735 3342 1762 3392 ct
1774 3337 1944 3390 calefaciens

193 3425 270 3481 idem
291 3425 462 3497 Unigenitos
476 3425 528 3481 ltei
542 3425 578 3480 de
592 3424 698 3496 Spiritu
708 3427 805 3480 sancto
820 3431 952 3495 receptus
963 3424 1000 3478 sit
1014 3430 1043 3478 et
1094 3425 1254 3493 bominem,
1276 3426 1380 3499 ligurat
1402 3427 1541 3498 Spiritum
1571 3427 1900 3482 sanctumsuscitantem
1918 3433 1944 3478 et

192 3513 606 3579 intioncmundumveuerit,
631 3512 705 3567 sicot
724 3512 812 3568 ctiam
836 3511 1041 3566 unltnsbomi-
1094 3514 1295 3570 incendentem
1329 3514 1502 3570 clarissimas
1542 3515 1662 3570 ιιιιιιιι
1698 3515 1728 3570 in
1767 3512 1943 3569 hominibus.

193 3617 262 3657 nram
278 3602 363 3672 plene
379 3601 451 3656 scira
473 3600 597 3673 poterit:
613 3601 759 3673 quomodo
773 3599 871 3654 anima
895 3604 1041 3671 pertrans·
1095 3605 1140 3658 Sic
1153 3603 1278 3658 triulmc
1293 3604 1425 3658 videlicet
1439 3603 1565 3675 spiritns,
1591 3619 1666 3674 aqna
1689 3608 1717 3656 et
1732 3602 1849 3674 sanguis
1878 3609 1945 3654 snm

192 3695 360 3761 catcorpus
383 3696 412 3746 ιι
431 3689 601 3761 sanguinem
622 3688 962 3760 bominis,itaquodeis
983 3704 1042 3743 nna
1095 3693 1207 3758 ιιιιιιιο,
1225 3695 1254 3746 ιι
1276 3707 1352 3747 unns
1380 3692 1526 3760 intribns,
1544 3697 1572 3748 ιι
1601 3709 1691 3748 unum
1714 3697 1779 3764 sont
1802 3692 1833 3746 in
1856 3692 1945 3746 satra-

192 3780 251 3834 vita
280 3779 325 3834 sit.
361 3781 397 3834 Et
418 3779 492 3834 sicot
520 3779 639 3850 spiritus
672 3777 800 3834 hominis
826 3777 856 3833 in
881 3778 1042 3832 certissima
1097 3780 1184 3846 tione,
1203 3780 1311 3835 scilicet
1332 3786 1365 3836 ιιι
1386 3782 1493 3838 dictum
1521 3788 1573 3848 est,
1602 3787 1688 3852 atquc
1713 3781 1882 3836 Trinitatem
1916 3781 1944 3834 in

191 3883 277 3922 causa
304 3867 429 3923 scientie
454 3884 519 3939 qma
534 3869 561 3923 ei
580 3885 597 3922 ι
619 3868 678 3922 lteo
694 3867 759 3923 data
774 3869 827 3935 est,
848 3866 1042 3936 pertransiens
1095 3865 1205 3922 unitate
1224 3872 1252 3922 ιι
1267 3869 1407 3924 unitatem
1437 3869 1467 3925 in
1495 3870 1632 3926 Trinitats
1648 3870 1854 3925 demonstrant.
1871 3869 1944 3933 Ouo

191 3957 223 4011 in
237 3973 272 4012 ea
288 3958 386 4011 omnia
401 3973 466 4028 quaa
480 3957 536 4012 sibi
550 3973 567 4012 a
581 3957 641 4011 Deo
655 3970 788 4011 concessa
803 3961 881 4022 suut,
902 3955 1040 4027 quoniam
1095 3956 1201 4010 modat
1231 3955 1334 4012 Sancta
1356 3961 1385 4011 et
1408 3955 1532 4012 coetestis
1550 3956 1674 4012 Trinitas
1695 3957 1744 4011 dat
1757 3955 1870 4010 coeleste
1885 3962 1942 4008 tes-

193 4048 307 4100 nonest
319 4045 392 4100 ιιιιι
406 4051 435 4099 ιι
457 4044 622 4116 deceptoria
643 4044 701 4100 rita
718 4044 766 4100 sed
787 4060 854 4099 vars
869 4047 896 4099 et
913 4043 989 4099 fidat
1004 4043 1043 4098 ita
1095 4044 1265 4099 timonium:
1295 4043 1335 4102 ita
1351 4045 1425 4116 qnod
1441 4059 1500 4100 nou
1522 4051 1566 4100 est
1586 4045 1621 4099 ab
1648 4045 1704 4100 alio
1719 4049 1876 4116 sumptum,
1893 4045 1942 4096 sed

192 4137 235 4187 ιιι
255 4133 384 4188 Christos
413 4132 540 4204 perlecta
560 4132 663 4187 veritas
690 4132 722 4187 in
747 4148 804 4204 qua
831 4131 889 4187 rita
904 4133 1037 4200 surrexit,
1059 4133 1241 4215 „carulas
1267 4132 1297 4188 in
1324 4133 1387 4204 ipsa
1409 4133 1632 4190 manilcstatom.
1662 4132 1835 4198 Quomodo?
1861 4134 1945 4188 Pater

192 4225 222 4275 ιι
249 4221 347 4276 ttamen
374 4220 539 4277 salvationis
560 4220 683 4288 refulsit,
702 4221 738 4276 dc
764 4237 821 4292 qnia
844 4236 921 4274 mors
938 4221 1041 4276 cecidit
1095 4221 1353 4294 testificaturquod
1371 4223 1488 4278 unicum
1511 4223 1689 4278 fructuosum
1709 4222 1832 4276 Verbum
1847 4235 1942 4282 suom,

193 4307 438 4381 quiaipsaialtax
452 4313 506 4365 ιιι.
531 4309 565 4364 ιιι
589 4309 645 4364 ιιιι
670 4313 796 4364 sanctam
820 4308 989 4364 Trinitatem
1004 4310 1040 4363 si·
1094 4310 1171 4380 qarod
1198 4314 1263 4364 anta
1285 4311 1389 4366 saecula
1416 4311 1526 4382 genuit,
1544 4327 1596 4382 per
1619 4311 1696 4383 qood
1722 4313 1819 4364 omnia
1847 4314 1942 4364 ereata

194 4395 360 4469 guibrentia
373 4397 569 4453 testimonium
592 4397 663 4454 dant
680 4398 711 4453 in
723 4401 819 4452 terra:
838 4397 879 4452 ita
901 4397 978 4468 quod
993 4413 1038 4452 os·
1093 4401 1170 4463 sunt,
1186 4397 1279 4470 ipsam
1300 4403 1395 4470 postea
1415 4398 1444 4454 iu
1464 4399 1669 4470 praedestinato
1683 4402 1812 4469 tempore
1828 4397 1858 4452 in
1880 4397 1942 4452 Vir-

193 4486 318 4542 tendont
338 4490 368 4541 ιι
380 4485 513 4541 tribuunt
538 4486 568 4541 in
592 4486 727 4558 praesenti
749 4485 853 4541 sacculo
877 4484 1038 4540 remedium
1094 4484 1161 4555 gina
1185 4485 1386 4556 gloriosissime
1410 4486 1518 4541 iloruit.
1544 4487 1667 4541 Verbum
1694 4489 1790 4541 utitem
1805 4485 1942 4540 testitira-

192 4573 312 4630 vivitlcre
327 4573 493 4630 salvationis
506 4591 559 4648 per
580 4577 656 4648 quod
674 4574 847 4629 veniendum
870 4574 962 4629 estad
982 4589 1038 4630 cce·
1094 4577 1142 4628 tur
1161 4573 1237 4645 quod
1262 4575 1378 4630 exivita
1408 4577 1501 4643 Patre,
1517 4575 1660 4631 inclinans
1674 4590 1704 4629 se
1728 4575 1763 4629 ad
1785 4573 1942 4630 humanam

192 4663 275 4718 lestis
288 4662 352 4717 sina
378 4663 501 4719 termino
524 4677 723 4734 permansura,
743 4679 808 4733 quac
832 4662 962 4718 nondum
983 4662 1039 4718 im·
1095 4667 1227 4717 naturam
1249 4663 1413 4718 incarnatus
1440 4663 1572 4720 videlieet
1592 4663 1622 4717 in
1634 4663 1743 4735 pudore
1757 4661 1941 4734 virginitatis,

193 4750 377 4805 mortalitatis
395 4751 538 4805 trahentur
555 4750 586 4804 in
603 4765 645 4817 re,
664 4749 714 4805 scd
732 4750 762 4805 in
778 4765 828 4820 spe
843 4754 1038 4822 expectantur.
1094 4749 1162 4821 quia
1178 4750 1296 4807 saisita
1317 4753 1399 4807 Patra
1416 4751 1559 4824 spirituali
1579 4751 1753 4824 egressione,
1780 4757 1811 4806 et
1835 4751 1942 4806 iterum

193 4839 265 4893 Nam
282 4839 405 4910 spiritus
428 4838 554 4894 bominis
579 4839 665 4893 trabat
680 4855 714 4893 er
729 4855 776 4894 me
798 4838 996 4894 testimouium
1009 4838 1039 4894 in
1092 4839 1178 4894 rediit
1195 4839 1231 4894 ad
1256 4841 1369 4896 Patrem
1388 4841 1418 4896 in
1433 4841 1527 4897 carnis
1545 4841 1757 4912 imctuositate,
1773 4840 1819 4896 hie
1831 4841 1861 4896 in
1877 4857 1938 4896 me-

194 4926 314 4998 acquod
327 4943 387 4982 non
402 4931 444 4982 est
466 4928 495 4982 in
511 4927 597 4997 plena
624 4927 1039 4994 vitarestaurationissatetis,
1096 4928 1143 4983 dio
1158 4928 1296 5000 positum,
1325 4930 1461 5001 quoniam
1476 4946 1493 4985 a
1510 4932 1592 4986 Patre
1605 4936 1648 4986 ιιι
1661 4935 1727 4987 anta
1741 4935 1872 5004 tempora
1899 4931 1941 4984 in-

193 5013 249 5069 nisi
263 5020 397 5087 resurgat
414 5031 466 5087 pro
490 5031 537 5070 ma
560 5015 591 5070 in
614 5029 690 5086 aqua
712 5014 948 5087 regenerationis,
971 5015 1040 5088 qnia
1095 5015 1245 5073 visibiliter
1258 5017 1399 5087 genitum,
1414 5018 1490 5074 etde
1513 5017 1623 5091 Spiritu
1645 5023 1742 5075 sancto
1764 5019 1796 5074 in
1817 5019 1942 5090 Virginis

193 5101 336 5158 datacitin
352 5104 403 5158 illo
416 5103 527 5158 lomina
541 5102 619 5160 ouod
634 5102 710 5157 locat
730 5103 761 5158 iu
775 5119 840 5158 me:
863 5104 983 5174 expulso
1005 5103 1040 5158 de
1095 5111 1178 5162 utero
1198 5103 1227 5160 in
1250 5110 1379 5177 tempore
1402 5106 1590 5178 corporaliter
1617 5112 1797 5179 conceptum.
1822 5105 1941 5162 Sanctus

193 5187 328 5246 taticitatc
343 5206 395 5263 per
408 5197 573 5262 corruptam
587 5190 807 5263 conceptionem
820 5191 949 5246 criminis
963 5191 1040 5263 quod
1095 5209 1162 5248 reru
1172 5192 1295 5265 Spiritus
1308 5193 1477 5250 testificatur
1505 5194 1581 5268 quod
1603 5195 1733 5250 accendit
1744 5195 1940 5268 integritatem

193 5278 297 5333 crescit
308 5279 339 5334 in
354 5278 505 5365 sangnine.
531 5279 564 5334 ιιι
583 5293 657 5351 aqua
684 5278 771 5335 babet
792 5278 989 5334 testimoniam
1005 5279 1041 5334 il·
1095 5281 1231 5353 Virginis,
1241 5281 1282 5337 ita
1295 5282 1371 5352 qood
1381 5283 1504 5338 Verbum
1515 5283 1563 5340 ltei
1572 5283 1794 5356 conciperctzat
1803 5283 1880 5356 qood
1893 5283 1940 5339 dr·

193 5366 256 5436 tud,
297 5367 483 5439 quaomnia
509 5367 626 5423 sordida
655 5369 758 5440 porget
782 5367 812 5422 in
840 5383 881 5435 ιι,
908 5373 938 5424 ιι
963 5368 1040 5439 osred
1095 5370 1216 5427 utrinam
1242 5370 1370 5442 ejusdem
1396 5371 1479 5428 Verbi
1500 5372 1531 5428 in
1551 5373 1644 5444 igneis
1673 5373 1781 5444 linguis
1804 5371 1938 5441 firmarit,
1977 5383 1978 5421 t

193 5452 254 5526 ipsa
273 5457 420 5513 monitare
443 5456 569 5529 perditio
584 5457 685 5514 mortis
700 5470 752 5528 per
770 5455 956 5526 purissimam
973 5471 1043 5530 piar·
1096 5473 1161 5516 rum
1186 5459 1330 5532 apostolos.
1353 5460 1394 5516 ita
1419 5461 1547 5534 partardit
1569 5466 1602 5518 ιιι
1615 5477 1669 5537 per
1690 5467 1784 5518 ιιιιιιιιι
1799 5461 1938 5518 mandram
