3984 6034
85 111 137 163 579
819 103 847 156 S.
869 99 1102 156 nttnuttlnnts
1780 99 1833 152 580

18 311 22 316 ⁴
85 249 169 304 Patre
183 247 340 304 missusest
364 244 451 300 Filius
474 243 552 298 nasci
567 257 600 298 ex
627 242 751 314 Virgine,
767 246 869 296 etcum
893 239 929 294 de
946 243 1035 306 beet,
1067 240 1152 308 atque
1175 235 1296 292 lidelitar
1318 250 1347 290 se
1368 235 1544 306 conjungere
1572 233 1654 290 bona
1684 233 1831 309 operibus,

86 335 157 394 Filio
170 335 331 409 pullulabat
340 351 406 390 vera
415 333 487 389 tides
501 332 628 406 primum
655 330 685 385 in
711 330 930 385 fundamentum
986 329 1015 380 et
1033 325 1073 380 sic
1086 327 1215 380 constare
1246 323 1276 378 in
1305 321 1374 378 Filio
1390 321 1451 389 liei,
1482 319 1533 394 qni
1558 320 1641 392 quasi
1668 319 1698 376 in
1728 321 1834 392 angsdc

83 425 154 481 boni
167 425 274 496 operis,
289 439 376 496 quam
392 423 480 478 timor
490 419 604 476 Domim
627 418 735 490 profert
759 435 823 472 cum
843 416 934 472 omni·
986 411 1170 482 sedanslapis
1185 408 1337 481 angularis
1350 412 1402 476 est,
1420 408 1474 462 boc
1500 411 1585 478 pacto
1609 421 1682 479 opus
1709 407 1833 462 electum

84 514 140 569 bus
154 513 307 568 virtutibus
318 515 440 583 tangens
456 511 547 565 Deum
569 508 599 564 in
625 506 776 562 altitudine
801 521 868 560 sua:
894 505 932 559 ita
988 501 1016 555 in
1033 500 1150 556 homine
1164 498 1352 570 conjungens.
1369 494 1423 552 Sed
1441 494 1519 568 quod
1535 495 1657 567 angulus
1675 511 1750 549 unus
1777 511 1837 550 res-

83 601 311 673 utinsapientia
327 599 458 655 fidelium
475 597 617 654 mentium
633 598 707 652 Deus
727 611 815 666 super
836 593 932 649 omnia
986 589 1056 660 picit
1069 588 1106 644 ed
1121 587 1262 643 orientem
1277 590 1305 641 et
1334 584 1408 639 alius
1435 585 1471 640 ad
1502 582 1678 639 occidentem
1702 588 1731 638 et
1759 599 1835 638 unus

84 705 212 761 regnans
226 688 350 744 fideliter
363 687 474 742 colatur
490 703 497 742 ι
514 685 681 750 Quomodo?
690 682 832 748 Quoniam
844 681 932 736 timor
986 677 1023 733 ad
1047 675 1272 748 septentrionem
1298 678 1326 728 et
1346 673 1420 728 aliua
1443 673 1478 728 ad
1509 671 1670 738 meridiem,
1714 672 1769 726 boc
1791 677 1835 726 est

84 777 199 835 Domini
219 780 328 833 secreta
353 775 418 830 coeli
446 774 509 828 visu
546 770 808 843 circumspectionis
850 775 933 823 acistc
987 765 1066 836 quod
1096 763 1182 820 Filius
1211 761 1261 817 liei
1281 763 1417 816 natusest
1430 776 1464 816 ex
1483 759 1599 830 Virgine
1627 761 1656 813 et
1684 774 1782 831 passus
1806 759 1837 814 iu

84 870 239 939 penetrat:
265 865 335 937 quia
361 864 421 936 ipse
440 861 557 918 initium
570 863 654 933 justa
683 858 850 915 intentionis
878 868 931 924 est,
987 869 1086 921 carne,
1105 855 1138 907 ut
1163 851 1193 906 iu
1222 853 1287 906 ortu
1308 849 1427 920 justitiae
1451 849 1540 904 bomo
1566 851 1776 903 restauraretur
1798 847 1835 903 ad

85 970 150 1010 oum
163 969 221 1026 qua
234 951 424 1024 ellembeata
438 950 510 1006 fides
524 949 602 1021 apud
631 950 722 1004 Deum
751 948 781 1002 in
804 945 932 1001 latitudi-
987 942 1075 996 vitam
1086 939 1131 996 cui
1143 939 1237 996 omnis
1248 937 1362 1010 justitia
1391 937 1520 1010 apposita
1541 939 1593 1003 est,
1613 937 1691 1008 qued
1714 941 1757 991 est
1784 953 1836 992 an·
1903 993 1905 995 ,
1979 971 1982 992 i

84 1059 150 1098 nem
171 1041 352 1115 perfectionis
375 1040 540 1094 extenditur
554 1052 620 1092 cum
645 1038 675 1091 in
695 1035 779 1091 bonis
798 1034 934 1107 operibus
988 1030 1073 1101 gulos
1094 1027 1242 1083 orientalis
1265 1025 1333 1081 inde
1363 1029 1499 1096 surgente
1528 1023 1697 1096 {salvatione
1727 1023 1839 1079 anima·

84 1131 121 1186 ad
141 1130 319 1186 sanctitatem
357 1128 503 1184 dilatatur.
537 1126 590 1182 Sed
626 1125 702 1196 qircd
727 1139 813 1196 super
838 1123 934 1194 ipsum
988 1133 1064 1184 rum,
1076 1119 1107 1198 ut
1121 1117 1195 1171 Deus
1209 1111 1364 1184 complevit
1375 1111 1407 1167 in
1433 1111 1503 1166 Filio
1535 1124 1587 1164 suo
1610 1125 1727 1165 omnem
1749 1111 1836 1182 justi-

85 1223 214 1275 montem
229 1222 285 1272 stat
296 1216 451 1273 edificium
464 1214 697 1288 quadrangulum
712 1212 747 1269 ad
769 1209 933 1267 similitudi·
988 1209 1057 1262 tiam
1071 1220 1135 1277 quae
1146 1204 1183 1259 ab
1197 1202 1270 1260 Abel
1281 1216 1372 1273 usque
1386 1200 1424 1256 sd
1445 1199 1541 1271 ipsum
1561 1198 1745 1270 prefigurata
1774 1204 1835 1266 ast;

85 1322 152 1362 nem
167 1306 246 1362 urbis
259 1306 407 1377 qiradratoe
423 1304 657 1372 formatum,boc
674 1305 718 1356 est
742 1300 819 1373 qnod
844 1315 932 1371 super
987 1296 1018 1349 in
1038 1309 1096 1366 quo
1115 1290 1198 1347 linito
1224 1294 1268 1346 eet
1282 1287 1450 1344 constitutio
1478 1286 1601 1342 carnalis
1630 1285 1838 1342 observationis

84 1393 171 1450 fldem
192 1393 303 1449 bonitas
325 1391 416 1447 Patris
441 1391 517 1447 bona
536 1407 629 1462 opera
648 1389 802 1455 edificans,
826 1387 935 1442 multos
987 1381 1097 1438 Veteris
1117 1377 1302 1460 Testamenti,
1330 1377 1390 1448 jam
1421 1374 1553 1430 veniente
1580 1373 1672 1430 salute
1706 1371 1837 1429 fidelium

86 1483 214 1538 fidelium
229 1498 281 1554 per
309 1485 434 1553 quatuor
455 1480 577 1552 angulos
597 1485 680 1533 terra
702 1477 839 1548 colligens
847 1474 935 1531 trahit
988 1469 1140 1525 bominum
1158 1482 1210 1538 per
1224 1465 1320 1532 ndens,
1332 1479 1418 1535 quam
1442 1463 1529 1518 Filius
1544 1461 1596 1517 liei
1612 1462 1709 1516 attulit
1732 1463 1837 1516 missus

85 1571 270 1633 adcoelestia,
295 1571 334 1625 sic
353 1569 478 1624 monitos
506 1570 535 1623 in
560 1568 715 1622 stabilitate
741 1566 880 1620 virtutum
902 1569 934 1618 ut
954 1532 1005 1614 Ba
1025 1561 1108 1614 Patre
1137 1556 1170 1611 in
1198 1553 1337 1610 mundum
1362 1551 1471 1606 iuliae
1495 1553 1668 1622 temporum,
1691 1550 1767 1620 quod
1795 1554 1841 1604 est

86 1660 208 1715 coelsstis
223 1661 306 1714 Pater
325 1659 355 1713 in
371 1656 437 1713 sinu
452 1673 515 1723 ano,
539 1656 650 1712 bocest
671 1655 701 1709 in
725 1652 855 1708 interiori
881 1667 933 1722 po·
988 1647 1112 1718 angulus
1149 1641 1342 1699 occidentalis.
1371 1641 1477 1697 Contra
1503 1638 1651 1694 diabolum
1672 1653 1787 1710 quoque
1806 1638 1839 1692 in

85 1753 185 1804 testate
201 1753 230 1802 et
244 1747 275 1803 i'n
290 1747 409 1818 mystico
425 1745 545 1801 consilio
568 1759 620 1798 suo
635 1759 685 1798 ecs
703 1742 829 1813 benigne
852 1756 932 1795 com·
989 1734 1134 1789 Abrabam
1164 1735 1193 1784 ct
1218 1730 1248 1784 in
1275 1729 1350 1784 llosc
1369 1727 1490 1782 elevavit
1514 1741 1545 1780 se
1556 1726 1668 1798 justitia
1687 1725 1737 1798 qui
1762 1741 1838 1798 prae-

84 1840 173 1906 ponat
188 1850 253 1889 cum
264 1837 389 1906 quatuor
412 1834 527 1905 quadris
545 1833 575 1887 in
586 1832 651 1888 lide.
669 1829 840 1897 Quomodo?
864 1829 933 1899 Ego,
989 1821 1187 1878 monstrabant
1204 1817 1376 1890 promissam
1398 1817 1521 1888 gratiam
1558 1832 1611 1887 per
1634 1831 1721 1888 quam
1750 1815 1838 1870 homo

82 1921 133 1992 qui
145 1936 209 1975 sum
223 1920 396 1986 ditissimus,
416 1918 546 1973 ordinavi
571 1918 602 1973 in
619 1932 706 1989 opere
723 1932 786 1971 meo
806 1915 933 1987 primum
989 1910 1113 1962 salvatus
1141 1912 1183 1961 est
1216 1921 1301 1976 quem
1331 1904 1461 1959 diabolus
1494 1904 1656 1976 deceperat,
1683 1903 1838 1959 occidendo

85 2008 227 2080 quadrum
258 2007 419 2074 bominum,
444 2006 578 2062 videlicet
604 2005 705 2073 Adam,
730 2006 812 2075 cujus
844 2019 935 2075 genus
988 2013 1054 2052 curm
1074 2003 1106 2051 ut
1116 1998 1188 2051 latro
1206 1995 1236 2050 in
1255 1996 1337 2066 lapsu
1363 1993 1441 2060 adse,
1461 1992 1539 2064 quod
1567 1997 1610 2047 est
1632 1990 1755 2061 angulus
1773 2007 1835 2062 sep-

86 2097 149 2166 ipso
164 2095 326 2150 dormiente
338 2111 391 2166 per
406 2110 544 2166 magnum
568 2093 691 2148 schisma
723 2108 752 2145 sc
771 2089 932 2157 debilitans,
988 2084 1184 2150 tentrionalis,·
1200 2083 1277 2140 unda
1299 2088 1326 2138 et
1348 2081 1520 2138 miserabilis
1544 2097 1577 2136 ec
1600 2080 1730 2136 mortalis
1755 2093 1837 2134 casus

85 2182 224 2256 processit
246 2199 338 2255 nsque
360 2182 395 2238 ad
422 2181 578 2237 secondum
599 2180 751 2254 quadram,
777 2180 805 2233 id
832 2183 876 2232 est
898 2178 933 2233 ad
989 2175 1040 2247 qui
1055 2174 1145 2229 tactus
1162 2178 1203 2228 est
1226 2172 1256 2227 in
1270 2172 1398 2227 humano
1419 2186 1535 2243 genere,
1554 2173 1654 2242 postea
1668 2183 1720 2242 per
1735 2183 1838 2238 super-

87 2269 282 2342 Noesobquo
297 2269 438 2325 dilnvium
456 2269 561 2325 lactum
590 2274 642 2338 εει,
669 2268 717 2323 nbi
742 2272 771 2322 ct
799 2265 935 2338 mysteria
988 2262 1192 2334 namgretiam
1211 2260 1388 2316 nobilitaret
1413 2257 1563 2331 magnissce
1591 2261 1765 2314 restauratus
1796 2260 1838 2312 cst

87 2356 149 2411 uitii
170 2355 228 2411 mei
257 2356 288 2409 in
312 2371 377 2411 arca
396 2355 623 2428 praemonstravi.
645 2355 701 2411 Sed
724 2354 809 2410 inico
826 2355 934 2426 quadro
987 2352 1074 2423 pleno
1090 2351 1195 2418 fructu,
1222 2349 1251 2405 in
1277 2349 1393 2404 ardente
1436 2363 1522 2420 opere
1550 2347 1602 2403 liei
1638 2350 1666 2402 et
1701 2345 1837 2413 bominis,

86 2459 150 2515 qua
165 2449 209 2499 est
233 2444 301 2510 Noe,
315 2460 368 2515 per
386 2444 615 2500 admonitionem
638 2460 732 2500 meam
753 2442 935 2498 manifestavi
989 2440 1067 2512 quod
1081 2445 1123 2494 ast
1138 2436 1460 2510 augulnsmeridianns.
1485 2437 1616 2509 Angulm
1631 2433 1724 2508 tetiam
1748 2433 1838 2489 meri·

86 2533 305 2589 illamtucidam
324 2539 432 2606 partem
455 2535 531 2590 mitri
552 2534 680 2607 praedicti
711 2531 842 2599 aedilicii3
867 2531 936 2603 quia
988 2527 1158 2593 dianusest;
1176 2525 1244 2597 quia
1259 2524 1371 2596 primus
1387 2524 1472 2580 bomo
1498 2525 1620 2579 Adama
1647 2524 1704 2578 lieo
1726 2527 1839 2578 creatus

87 2621 128 2677 ibi
143 2621 172 2677 in
200 2622 307 2677 diluvio
325 2621 469 2677 suffocans
488 2628 645 2694 pecatores,
663 2620 747 2677 innui
768 2619 935 2676 bominibus
989 2620 1041 2672 est.
1071 2615 1125 2672 Sed
1152 2614 1229 2686 quod
1257 2615 1292 2669 ab
1316 2616 1371 2670 boc
1391 2613 1497 2686 angulo
1516 2613 1691 2686 speculativa
1718 2612 1838 2666 scicntia

88 2714 120 2765 ut
138 2715 259 2765 mertem
273 2710 408 2783 fugerent
422 2711 552 2766 etvitam
567 2714 746 2782 appeterent,
763 2709 803 2763 sic
826 2707 867 2763 eis
886 2723 935 2779 pa·
989 2703 1162 2776 cognitionis
1176 2703 1298 2759 duarum
1319 2703 1431 2757 viarum
1460 2717 1518 2757 non
1541 2700 1642 2772 incipit
1665 2700 1786 2770 fulgere,
1810 2699 1837 2754 id

60 2797 145 2853 *lam
179 2799 312 2870 aperiens
349 2798 553 2871 speculativam
590 2799 737 2853 scientiam
764 2795 935 2869 cognitionis
955 2807 1033 2885 Ccst
1049 2803 1159 2874 abipso
1181 2801 1287 2869 adam3
1306 2801 1360 2856 hoc
1381 2799 1445 2856 ideo
1465 2805 1518 2868 est,
1548 2799 1617 2870 qnia
1643 2813 1735 2870 genus
1752 2813 1837 2852 suum

11 2942 12 2947 ,
86 2887 211 2942 duarum
229 2887 436 2949 viarum-'Ouid
453 2887 532 2942 hoc?
550 2887 643 2943 Homo
663 2887 737 2942 viret
757 2892 786 2942 et
808 2887 884 2958 viget
907 2885 937 2939 in
990 2888 1212 2962 incompositum
1240 2894 1311 2959 erat,
1336 2904 1395 2944 non
1418 2887 1514 2943 colens
1541 2889 1631 2942 Deum
1665 2887 1695 2942 in
1721 2885 1840 2941 scientia

85 2974 197 3031 vivente
212 2975 269 3029 vita
279 2990 344 3047 quas
359 2976 455 3030 anima
471 2981 524 3044 est,
547 2991 600 3046 per
623 2990 710 3046 quarn
726 2976 889 3046 speculatur
910 2980 938 3029 ct
992 2997 1042 3034 sna
1057 2979 1217 3034 officiosum
1234 2979 1371 3034 servitute
1383 2976 1465 3048 legis,
1480 2976 1529 3032 sed
1553 2980 1665 3030 tantum
1690 2975 1838 3046 propriam

86 3063 233 3134 cognoscit
246 3061 317 3116 dnus
338 3061 455 3117 semitas
470 3061 603 3118 videlieet
626 3062 735 3117 bonum
764 3069 793 3118 et
816 3063 934 3130 malum,
990 3070 1166 3124 volumtatem
1183 3083 1264 3122 suam
1279 3067 1440 3138 adimplens
1461 3080 1526 3121 cum
1548 3080 1662 3120 summo
1686 3064 1772 3130 malt),
1799 3063 1840 3119 ita

87 3151 223 3221 qnoniam
236 3150 323 3205 bomo
345 3151 474 3222 tangitur
490 3150 629 3206 alterutra
650 3154 731 3222 parte
752 3149 873 3205 barum:
897 3151 938 3205 itu
991 3157 1127 3212 utnacin
1143 3161 1219 3212 recta
1241 3157 1358 3211 scientia
1382 3154 1432 3210 nai
1445 3171 1497 3210 nec
1519 3154 1548 3208 in
1570 3169 1638 3208 vera
1659 3151 1839 3208 beatitudine

88 3239 163 3310 (111011
190 3254 309 3294 1111110111
338 3238 366 3293 111
397 3239 589 3310 011Ρο108116
612 3239 722 3295 bcsstlm
749 3239 808 3293 circ
828 3240 936 3294 malum
992 3245 1186 3318 cssetlulgens
1202 3261 1209 3299 z
1227 3245 1285 3300 imo
1304 3245 1438 3315 inmorte
1458 3245 1567 3315 jacens,
1590 3243 1638 3298 sed
1667 3242 1839 3297 absconsum

86 3327 305 3382 cumanimaet
322 3334 603 3399 corporeoperatur,
631 3328 707 3400 qnod
733 3328 850 3400 quidem
875 3327 937 3400 ipse
991 3340 1053 3389 erat
1079 3338 1190 3389 tantum
1215 3334 1245 3388 in
1272 3334 1357 3389 corda
1398 3332 1500 3400 Patris,
1539 3330 1609 3403 quid
1633 3347 1698 3386 cum
1723 3329 1840 3385 homine

88 3414 188 3487 incipit
214 3431 268 3486 per
304 3416 503 3487 operationem
547 3416 636 3472 animi
672 3417 726 3479 sui,
760 3417 937 3471 volumtatem
992 3423 1089 3478 lacere
1114 3423 1296 3478 decrevisset.
1324 3421 1454 3492 angulus
1478 3419 1565 3475 etiam
1599 3420 1629 3475 in
1657 3419 1766 3474 oriente
1794 3419 1843 3474 dc

88 3519 171 3559 suam
188 3503 268 3559 itain
288 3519 375 3576 opere
398 3505 554 3577 complens.
577 3506 610 3560 Et
632 3505 674 3560 sic
694 3506 725 3560 in
750 3522 804 3561 uos
825 3509 938 3560 ostensa
992 3511 1166 3582 signatb'oe‚
1183 3509 1273 3566 ubise
1284 3509 1397 3582 justitia
1422 3509 1573 3564 ostendero
1596 3509 1723 3582 incoepit,
1737 3513 1766 3563 et
1790 3508 1840 3562 ubi

87 3594 206 3662 11111111
229 3592 458 3649 1111011110111111
495 3609 588 3650 mecm
619 3593 793 3665 ⁵P⁰⁰¹1¹³UV⁸
819 3593 937 3648 θῦἱθῐιῑῑὲι
992 3600 1078 3654 ctiam
1101 3603 1197 3671 aperte
1219 3597 1400 3654 manifestata
1425 3603 1469 3652 est
1491 3601 1708 3670 premonstrata
1736 3613 1839 3668 specu·

89 3679 213 3734 dtlnrtltn
234 3682 356 3750 viarum,
383 3683 491 3738 seilicet
518 3682 682 3738 acutissima
710 3682 937 3738 consideratione
994 3687 1077 3742 tativa
1102 3688 1230 3754 scicntia,
1258 3686 1411 3742 ostendens
1437 3701 1554 3741 omnem
1576 3683 1753 3740 sanctitatem
1775 3699 1841 3756 quae

87 3769 195 3867 maium
206 3785 342 3840 spernere
372 3776 401 3826 et
424 3772 532 3827 bonum
563 3771 694 3842 diligere,
721 3787 784 3842 quac
808 3771 847 3825 ita
870 3787 935 3825 cuni
993 3775 1215 3847 posteainFilic
1245 3773 1294 3829 liei
1322 3772 1498 3845 perficienda
1521 3777 1591 3829 crat.
1623 3772 1655 3827 Et
1677 3771 1742 3842 quia
1768 3787 1840 3827 unn-

88 3857 243 3912 emissione
257 3858 483 3913 circumcisionis
497 3859 591 3915 tendit
613 3859 643 3912 in
671 3874 817 3929 praecursu
838 3859 938 3914 volun·
993 3880 1114 3936 qua-quc
1128 3863 1239 3935 justitia
1259 3862 1289 3916 ic
1315 3861 1385 3916 Ftttc
1409 3861 1461 3917 nei
1480 3862 1530 3933 qui
1560 3865 1602 3916 cst
1626 3877 1710 3916 ccccc
1738 3860 1840 3918 Oriens

89 3943 157 3998 tatis
173 3944 233 4012 net,
250 3963 341 4018 usque
355 3948 391 4002 ad
407 3947 524 4002 tertium
535 3945 687 4018 quadrum,
707 3947 739 4001 in
764 3963 822 4019 quo
848 3947 937 4001 abra-
992 3958 1054 4007 erat
1067 3952 1217 4023 iucipiens,
1232 3951 1297 4006 ideo
1320 3956 1362 4006 est
1383 3951 1436 4006 hoc
1464 3949 1616 4005 aedilicium
1636 3948 1764 4020 primum
1786 3965 1840 4020 ap-

89 4031 157 4086 ham
185 4037 214 4086 et
236 4033 326 4088 ldoses
350 4034 496 4105 coniuncti
523 4034 643 4090 suntin
667 4034 882 4090 circumcisione
910 4040 939 4090 st
991 4040 1157 4113 pellandum
1176 4039 1212 4095 ad
1240 4039 1380 4096 orientem
1404 4039 1436 4094 in
1459 4038 1568 4094 honcrc
1589 4037 1756 4106 sanctitatis,
1775 4053 1840 4107 qum

89 4119 169 4190 lege;
185 4135 251 4192 quc
277 4121 454 4177 circumcisio
476 4126 505 4178 et
528 4124 571 4178 lex
587 4122 626 4178 ita
653 4123 827 4194 procedebat
848 4138 938 4195 nsque
958 4126 1119 4202 ltprimum
1140 4129 1227 4184 etiam
1249 4130 1279 4184 in
1309 4129 1367 4183 Noe
1394 4127 1532 4183 veraciter
1546 4126 1689 4182 declarata
1710 4131 1760 4182 est.
1782 4129 1840 4181 An·

90 4210 125 4262 1111
142 4213 278 4280 (lucrium
293 4212 435 4282 quadrum
450 4216 556 4267 sanctae
577 4212 723 4268 Trinitatis
740 4213 789 4266 :in
804 4228 863 4284 quo
885 4213 937 4266 ve·
992 4218 1076 4290 galus
1092 4233 1207 4290 quoque
1227 4218 1258 4273 in
1284 4217 1482 4289 septentrione
1503 4221 1545 4271 est
1569 4215 1713 4271 Abraham
1738 4219 1767 4270 et
1779 4213 1841 4270 llo-

92 4302 138 4351 tns
154 4297 370 4355 Tesiameninln
380 4300 410 4355 ill
428 4301 498 4355 Filio
514 4300 565 4355 Dei
592 4300 706 4357 finitum
728 4300 860 4356 est¹cttm
890 4316 935 4373 exj
991 4323 1036 4361 sca
1052 4323 1058 4360 :
1076 4307 1126 4377 qui
1148 4306 1283 4362 advcrsus
1304 4305 1437 4362 Satanam
1457 4321 1523 4359 cum
1540 4303 1636 4376 cpcris
1659 4303 1840 4358 exsecutione

89 4384 190 4440 teriori
216 4385 434 4458 significatione.
461 4389 542 4444 Unde
568 4389 655 4445 ettam
670 4389 795 4444 surrexit
817 4389 938 4444 interius
992 4393 1159 4467 praedictam
1183 4394 1385 4468 speculativam
1421 4392 1580 4448 scientiam*
1597 4389 1842 4462 circumtegebant

90 4489 211 4546 germen
230 4491 283 4547 per
304 4477 407 4533 Filium
434 4478 483 4533 liei
506 4477 538 4532 in
566 4477 706 4534 Ecclesia:
732 4478 886 4549 quinales
910 4482 940 4532 et
993 4483 1074 4555 quasi
1090 4499 1152 4538 eam
1167 4482 1525 4539 circumaedificarentcnm
1541 4479 1839 4552 protiosislapidibus,

91 4577 254 4660 pnssnspro
268 4567 360 4620 salute
375 4567 525 4622 hominnm
541 4582 694 4639 resurgens
707 4566 805 4637 {etiam
827 4571 856 4620 st
875 4565 939 4621 red·
993 4576 1022 4628 ct
1036 4588 1100 4628 cum
1119 4572 1350 4644 dcaupcrauratc
1364 4587 1449 4643 opcrc
1461 4570 1629 4644 {perspicuae
1648 4569 1768 4641 justitie
1791 4569 1842 4622 Dai

92 4664 155 4704 ¹⁰⁰⁸
170 4651 206 4705 111
221 4653 345 4721 Psstfcmi
358 4655 496 4726 cssssfllcm
507 4654 589 4709 11111111
603 4654 696 4726 quiin
711 4670 776 4708 cccc
790 4653 859 4709 ltdae
874 4654 938 4709 cbc·
994 4661 1072 4734 qnod
1102 4665 1164 4715 erat
1190 4659 1366 4714 circumcisio
1395 4663 1423 4714 et
1450 4659 1510 4722 lex:
1536 4657 1604 4728 quia
1626 4655 1739 4728 justitia
1775 4660 1842 4711 ante

91 4753 196 4793 consus
224 4747 253 4796 et
272 4748 436 4798 attenuatus
464 4747 526 4798 erat
555 4742 724 4798 restauravit
750 4742 781 4797 in
807 4742 938 4799 salvatio·
994 4747 1242 4804 circumcisionem
1260 4749 1288 4801 et
1311 4746 1416 4817 legem,
1445 4745 1528 4817 quasi
1557 4743 1634 4800 nuda
1649 4748 1712 4799 erat
1732 4743 1840 4813 absque

93 4841 169 4893 ⁰⁶¹⁰»
185 4844 239 4900 uer
252 4830 533 4888 animasbominum.
995 4852 1092 4909 opere.
1117 4837 1149 4892 ut
1176 4839 1295 4909 quartus
1315 4835 1439 4905 angulus
1471 4831 1654 4889 occidentalis
1675 4829 1843 4902 praefigurat

210 4933 236 4971 's
294 4921 493 4976 medidcinm
522 4919 734 4992 aliquantulum
760 4920 841 4976 etin
864 4921 940 4976 obli·
994 4925 1081 4981 etiam
1106 4940 1201 4981 veram
1226 4923 1411 4990 'trinitatem
1443 4939 1508 4994 quae
1532 4921 1628 4992 palam
1661 4917 1842 4974 manifestata

92 5026 183 5083 <tcum
199 5010 295 5075 citum·
309 5009 362 5064 hcc
374 5013 418 5064 cst
431 5008 508 5081 quod
524 5007 613 5062 homo
643 5008 692 5080 qui
717 5023 789 5080 opus
814 5008 939 5076 natast,
995 5019 1038 5068 est
1059 5013 1089 5068 in
1116 5013 1259 5086 baptismo
1294 5011 1457 5080 silvatoris,
1491 5011 1542 5083 qui
1566 5009 1657 5065 erexit
1671 5008 1787 5079 plenam
1813 5012 1842 5061 ct

92 5116 151 5157 non
162 5104 257 5172 potest
269 5115 328 5171 prae
344 5099 500 5172 fragilitate
509 5097 568 5153 sna*
578 5097 709 5153 incedere
735 5098 857 5153 tirmiter
878 5100 940 5153 sine
995 5102 1279 5158 sanctamcivitatam
1300 5100 1457 5156 ierusalem
1479 5115 1544 5156 eum
1569 5097 1650 5154 omni
1667 5111 1753 5167 opere
1777 5110 1840 5164 suo,

92 5194 221 5259 peccato,
237 5192 266 5243 et
279 5188 415 5243 audacter
428 5185 489 5241 sine
504 5187 608 5242 timore
630 5187 740 5258 fragilis
763 5188 856 5242 carnis
881 5187 941 5242 dia·
995 5201 1145 5247 recurrens
1166 5191 1201 5246 ed
1220 5191 1323 5246 coelum
1346 5190 1377 5244 in
1401 5189 1557 5245 salvatione
1592 5185 1764 5242 animarum.
1785 5183 1841 5240 Sed

93 5278 194 5333 bolum
209 5275 384 5349 superando,
399 5275 450 5330 sed
464 5289 530 5330 eum
545 5276 757 5347 oportetillum
778 5275 940 5332 humilitate
995 5278 1073 5349 quod
1088 5277 1347 5349 ipsumaediflcium
1361 5277 1523 5334 incircuitu
1536 5293 1588 5332 suo
1610 5290 1725 5331 murum
1748 5289 1841 5330 unum

94 5366 233 5430 devitare,
247 5364 409 5421 etinsidias
425 5365 488 5438 eius
516 5364 662 5436 sapienter
691 5363 790 5436 fugere
810 5379 846 5420 ne
873 5381 939 5436 pcc·
996 5365 1070 5422 bina
1094 5367 1195 5421 torma.
1219 5365 1314 5435 babet,
1341 5365 1422 5437 cajus
1443 5381 1501 5422 nna
1528 5368 1572 5422 est
1593 5363 1676 5438 quasi
1704 5363 1841 5437 splendor
