3984 6034
111 151 170 206 837
597 184 599 191 ·
777 149 1125 207 EPISTOLAE.—EPIST.
1147 150 1249 206 exvlt.
1815 149 1869 204 338

108 286 204 360 clepit
220 287 297 343 Dum
314 285 342 358 (1
360 287 421 344 Gor.
438 286 467 355 ι).
484 285 587 343 Omnia
610 283 718 358 quippe
743 284 967 357 praecedentium
985 285 1081 340 Alleo
1097 285 1267 341 dedicatum.
1288 285 1469 356 Quapropter
1490 285 1572 342 decet
1594 301 1645 358 per
1672 285 1816 342 licentiam
1839 286 1870 340 et

112 377 237 431 Petrum
268 375 409 443 instituta,
441 374 546 446 quibus
574 379 703 442 cunctos,
737 373 860 429 maxime
882 374 967 445 spiri-
1021 389 1073 444 par
1095 374 1300 430 revelationem
1320 374 1351 430 in
1378 374 1498 447 mystico
1520 375 1676 447 spiramine
1700 374 1782 446 digiti
1804 373 1866 442 Dei,

109 465 220 533 tuales,
246 463 396 520 informari
417 464 564 528 condecet,
588 480 640 534 pro
671 479 755 534 posse
781 467 878 518 nostro
901 478 967 534 per·
1021 462 1098 532 quod
1112 462 1193 532 virgo
1208 461 1358 518 candidam
1380 466 1488 517 vestem
1502 462 1613 533 induat,
1628 463 1659 518 iu
1680 463 1756 518 clara
1777 461 1865 535 sigui-

110 557 377 618 seetantes,vsstra
399 552 486 607 ctiam
505 553 583 622 iusta
602 556 631 606 et
646 557 744 606 sancta
758 551 879 606 omnino
903 567 967 605 esse
1020 549 1151 605 ficatione
1183 549 1410 623 desponsationis
1443 549 1558 618 Christi,
1590 551 1689 606 videns
1720 551 1796 622 qarod
1818 551 1867 604 in-

111 641 232 697 scimus.
248 643 337 698 Tanta
351 657 486 714 namque,
502 656 519 695 o
533 656 639 710 sponsa
658 638 762 696 Christi
784 639 964 704 venerabilis,
1019 641 1102 693 tertre
1127 637 1283 711 integritati
1315 654 1397 693 mens
1417 639 1479 708 ejus
1502 639 1651 694 solidetur.
1678 639 1866 694 considerans

111 728 333 785 consuetudinis
346 734 448 784 vestrae
471 726 584 784 novitas
603 727 766 799 exiguitatis
780 733 885 782 nostrae
901 744 966 782 mo·
1019 727 1106 800 etiam
1126 727 1191 800 quis
1206 727 1254 784 ille
1276 728 1312 783 sit
1326 727 1372 783 cui
1386 728 1538 798 conjuncta
1562 733 1615 795 est,
1639 727 1712 782 sicut
1727 728 1865 800 scriptum

112 819 219 874 dolum
241 821 327 890 longe
357 816 621 888 incomparabiliter
644 816 765 883 excellit,
797 822 883 887 atque
906 831 966 870 nou
1019 817 1211 872 est:Hubent
1234 833 1338 872 nornen
1351 815 1414 882 sius
1423 827 1451 875 et
1465 832 1568 872 nomen
1594 817 1691 872 Putris
1713 815 1774 884 ejus
1791 813 1865 870 scri·

110 907 260 962 modicam
285 903 507 961 admirationem
544 905 628 959 uobis
656 904 768 959 incutit.
800 907 891 976 lgitur
913 920 966 959 nos
1017 905 1098 975 ptum
1111 903 1141 959 ia
1147 903 1298 973 frontibus
1319 904 1383 974 qiam
1408 909 1510 976 (apoc.
1536 909 1601 970 xrs).
1629 904 1801 970 utiterum,
1822 921 1866 957 ae·

111 995 267 1050 tantillulae
288 993 463 1065 profectibus
490 993 592 1048 vestris
614 993 716 1047 intime
739 992 964 1063 congaudentes,
1017 995 1144 1063 quantur
1157 995 1273 1065 Apicum
1294 1009 1460 1065 quocunque
1481 991 1548 1047 ierit
1569 991 1660 1063 (ibid).
1684 995 1757 1048 Deus
1779 990 1865 1046 etiam

109 1086 149 1138 de
173 1085 227 1138 bac
250 1099 280 1137 re
300 1087 400 1137 tamen
429 1080 537 1151 aliquid
566 1098 583 1136 a
608 1081 687 1136 robis
712 1082 819 1136 certius
841 1080 964 1152 experiri
1017 1081 1104 1136 babet
1121 1081 1303 1145 scrutinium.
1326 1081 1514 1137 scrutationes
1531 1080 1560 1134 in
1581 1081 1660 1135 omni
1680 1096 1811 1150 persona,
1827 1080 1866 1133 ita

108 1171 272 1242 cupientes,
300 1170 411 1225 litteras
435 1174 546 1224 nostras
575 1169 720 1224 sanctitati
737 1181 837 1224 sesua
855 1167 965 1239 placuit
1018 1169 1093 1241 quod
1110 1169 1204 1224 minor
1227 1170 1298 1226 ordo
1323 1185 1411 1240 super
1430 1169 1608 1240 superiorem
1635 1184 1694 1224 non
1722 1168 1865 1236 ascendat,

109 1257 251 1329 dirigere,
294 1257 443 1312 humiliter
479 1274 512 1312 ac
551 1256 734 1313 devotissime
772 1257 962 1325 obsecrantes,
1017 1257 1090 1313 sicut
1109 1257 1229 1313 Satanas
1256 1262 1284 1313 et
1309 1257 1419 1330 primus
1443 1259 1529 1313 homo
1549 1258 1689 1326 lecerunt,
1710 1257 1760 1328 qui
1779 1256 1866 1314 altius

108 1353 257 1417 qnatenus
277 1347 340 1418 ejus
362 1345 532 1402 auctoritate
551 1345 619 1400 talis
646 1345 750 1417 religio
773 1346 962 1417 adaugeatur,
1016 1346 1112 1401 volare
1126 1346 1279 1402 voluerunt
1293 1361 1381 1418 quam
1400 1346 1487 1418 positi
1501 1351 1605 1401 essent.
1631 1347 1664 1402 lit
1691 1345 1756 1418 quis
1779 1345 1865 1400 homo

108 1435 239 1505 dignitas
256 1441 350 1489 vestra
381 1436 414 1489 in
435 1435 568 1504 proximo
594 1450 654 1489 uon
687 1434 862 1505 dedignetur
881 1433 964 1488 uobis
1017 1439 1173 1506 congreget
1186 1451 1302 1490 omnem
1317 1449 1435 1506 gregem
1447 1451 1532 1490 suum
1548 1435 1579 1490 in
1598 1451 1688 1490 unum
1709 1434 1865 1501 stabulum,

107 1523 281 1579 rescribere.
303 1524 400 1579 Valete
422 1527 451 1578 et
474 1523 504 1577 in
523 1521 702 1578 orationibus
728 1522 828 1578 vestris
851 1537 961 1577 memo·
1017 1523 1126 1578 scilicet
1146 1523 1242 1592 boves,
1267 1525 1374 1590 asinos,
1397 1539 1474 1592 oves,
1498 1523 1609 1593 haedos,
1641 1523 1681 1579 ita
1705 1523 1784 1596 quod
1808 1538 1866 1578 non

108 1627 160 1666 res
172 1609 264 1666 riostri
277 1615 380 1666 estote.
980 1581 1002 1636 B
1017 1611 1137 1683 dissipet
1151 1613 1203 1668 se‘t
1214 1610 1281 1667 Ideo
1304 1615 1333 1666 et
1347 1611 1479 1667 discretio
1499 1611 1536 1666 sit
1559 1611 1590 1666 in
1605 1611 1669 1680 hoc,
1687 1627 1723 1667 ne
1737 1611 1866 1667 diversus

298 1716 503 1773 RESPONSUM
530 1715 776 1772 nltosscgflms,
1016 1701 1142 1772 populus
1155 1701 1186 1756 in
1201 1717 1292 1756 arnum
1314 1715 1431 1772 gregem
1453 1705 1655 1773 congregatus,
1678 1699 1709 1755 in
1731 1699 1865 1772 superbia

109 1803 254 1860 Mulieres
264 1805 430 1861 ‚tondehere
439 1807 718 1886 waremiam,
729 1803 806 1860 vir·
841 1803 963 1859 ,ame
1017 1789 1150 1846 elationis
1166 1795 1195 1844 et
1208 1789 1239 1844 iu
1265 1789 1426 1862 ignominia
1447 1787 1618 1845 diversitatis
1650 1787 1815 1861 dissipetur,
1837 1793 1866 1842 et

147 1879 239 1931 aestas
256 1875 403 1940 medidus:
416 1876 624 1933 decernam
634 1891 717 1932 nesse
730 1876 774 1931 obs
831 1875 867 1930 cb
881 1874 964 1948 ignc-
1015 1878 1159 1951 precipue
1175 1893 1211 1934 ne
1229 1877 1365 1935 honestas
1389 1892 1502 1934 morum
1524 1876 1562 1933 ibi
1585 1877 1776 1949 dirumpatur,
1799 1893 1864 1933 cnm

149 1945 254 2002 mim
268 1963 305 2001 Μ
317 1963 350 2002 ⁸⁰
362 1947 428 2002 ⁰⁶5⁰
446 1947 578 2002 'tamill-
1017 1983 1047 2022 se
1073 1966 1196 2022 invicem
1211 1966 1277 2022 odio
1299 1965 1449 2032 dilaniant,
1466 1965 1580 2038 quando
1595 1965 1678 2020 altior
1693 1964 1762 2020 ordo
1778 1981 1866 2036 super

150 2055 225 2108 Fons
244 2054 325 2109 vivus
347 2054 437 2110 dicit:
463 2053 566 2110 ttulier
587 2054 663 2108 intre
687 2053 849 2108 cubiculum
865 2054 961 2121 lateat,
1017 2054 1183 2111 inferiorem
1198 2055 1284 2122 cadit,
1309 2059 1338 2110 et
1352 2055 1468 2129 quaudo
1490 2045 1610 2110 interior
1634 2069 1719 2126 super
1735 2053 1865 2109 altiorem

110 2143 153 2197 ita
167 2143 247 2214 quod
261 2158 397 2214 magnam
417 2143 618 2198 verecondiam
636 2141 752 2210 habeat,
767 2142 834 2214 quia
858 2158 963 2214 magne
1017 2144 1154 2210 ascendit,
1172 2145 1240 2215 quia
1252 2145 1324 2199 bens
1339 2144 1477 2200 discernit
1490 2144 1630 2216 populum
1646 2143 1675 2198 in
1695 2147 1773 2199 terra
1795 2143 1867 2198 sicut

110 2230 246 2302 pericula
288 2228 433 2285 horribilis
465 2230 589 2285 lasciviae
621 2230 731 2301 speeies
766 2230 796 2284 in
837 2230 962 2301 primam
1018 2237 1047 2287 et
1069 2233 1099 2288 in
1119 2233 1201 2302 coelo,
1224 2233 1358 2288 videlicet
1385 2233 1513 2305 angelos,
1532 2232 1730 2304 archangelos,
1748 2231 1867 2286 thronos

111 2315 267 2371 mutierem
283 2315 416 2371 sufflavit.
440 2316 612 2383 Quomodo?
628 2318 729 2372 Forma
755 2315 884 2372 mulieris
907 2315 963 2371 inl·
1018 2321 1239 2390 dominationes,
1273 2320 1421 2376 cherubim
1455 2325 1484 2376 et
1514 2321 1659 2392 seraphim
1690 2318 1864 2376 discernens.

114 2404 238 2459 minavit
251 2410 279 2458 et
299 2403 422 2459 radiavit
443 2405 474 2460 in
495 2405 590 2477 prima
612 2404 718 2470 radice,
734 2404 764 2459 in
787 2421 845 2477 qua
858 2405 964 2461 forme·
1019 2409 1052 2464 Et
1074 2407 1104 2463 hi
1132 2425 1232 2466 omnes
1256 2410 1346 2464 allec
1367 2414 1512 2477 amentur,
1544 2409 1593 2466 sed
1623 2414 1720 2464 umen
1744 2407 1866 2481 aqualia

111 2499 178 2547 tum
193 2492 345 2548 esthocin
360 2509 418 2565 quo
435 2494 530 2549 omnis
544 2500 675 2548 creatura
698 2492 775 2548 latet.
793 2493 963 2559 Quomodo?
1020 2495 1139 2551 nomine
1159 2511 1217 2551 non
1244 2495 1361 2551 habent.
1393 2496 1533 2567 Superbia
1557 2502 1634 2551 amat
1672 2497 1816 2568 principes
1839 2500 1867 2552 et

112 2586 147 2638 In
163 2584 275 2639 duabus
289 2583 420 2654 partibus
434 2583 552 2649 scilicet,
567 2584 598 2638 in
616 2583 708 2639 altera
730 2587 811 2655 parte
833 2588 963 2654 exparte
1018 2583 1129 2640 nobiles
1149 2584 1179 2638 in
1205 2599 1328 2656 persona
1351 2583 1502 2652 elationis;
1526 2591 1555 2639 et
1577 2585 1683 2640 iterum
1709 2584 1773 2639 illos
1795 2582 1865 2650 odit,

112 2675 233 2728 tactura
257 2671 342 2744 digiti
357 2671 417 2739 bei,
444 2676 471 2727 st
493 2672 523 2726 iu
538 2671 627 2727 alters
650 2686 781 2743 supemae
803 2671 963 2743 pulchritu-
1018 2687 1084 2727 cum
1099 2671 1191 2744 ipsam
1216 2673 1395 2728 interimunt.
1414 2673 1446 2728 ut
1468 2673 1605 2745 seriptum
1630 2677 1673 2727 est
1693 2690 1698 2726 :
1718 2673 1794 2728 ueto
1815 2688 1866 2744 po-

114 2761 245 2819 dinis.0
269 2776 357 2834 quam
388 2760 460 2816 mira
489 2777 534 2815 res
555 2777 595 2828 es,
624 2759 693 2832 quas
710 2759 741 2814 in
772 2759 831 2815 sole
856 2759 963 2815 lunda·
1019 2759 1297 2828 tenusnonetjictt,
1311 2777 1376 2816 cum
1389 2759 1491 2834 etipse
1505 2762 1544 2817 stt
1563 2765 1664 2832 potens
1678 2761 1742 2832 (Job
1760 2762 1865 2829 xxxvi).

114 2854 246 2906 mentum
269 2848 400 2922 posuisti,
419 2852 448 2902 et
475 2853 580 2903 terram
602 2845 763 2920 superasti!
783 2845 837 2901 Sed
859 2848 964 2902 Paulus
983 2851 1082 2921 clpse
1097 2854 1193 2906 autem
1209 2865 1347 2921 personas
1369 2865 1427 2904 nou
1447 2854 1534 2916 amat,
1548 2850 1597 2905 sed
1616 2865 1704 2922 opera
1723 2865 1788 2922 qne
1813 2865 1866 2920 gu·

113 2937 273 3011 apostolus,
289 2934 385 3009 quiin
408 2951 520 2991 summa
533 2935 648 3005 volavit,
668 2939 697 2990 et
710 2934 740 2989 in
763 2938 840 2989 terra
864 2933 962 3003 tacuit,
1020 2943 1095 2993 stum
1110 2938 1217 2994 babent
1233 2939 1262 2994 in
1278 2938 1338 3005 illo,
1356 2938 1429 2994 sicut
1445 2938 1532 2993 Filius
1548 2938 1599 2994 Dei
1618 2938 1686 2994 dicit
1704 2955 1711 2993 z
1728 2937 1811 2992 Meus
1825 2935 1866 2992 ci·

112 3029 155 3083 ita
176 3026 255 3098 qood
276 3042 336 3081 non
359 3025 493 3081 revelarit
524 3025 600 3097 qnod
622 3025 793 3081 absconsum
815 3023 879 3092 luit,
904 3023 964 3079 huc
1019 3027 1138 3094 bessmt,
1153 3029 1184 3082 ut
1196 3025 1313 3098 socium
1331 3027 1508 3084 uoluntatem
1523 3026 1622 3083 Putris
1632 3025 1689 3081 mei
1702 3025 1801 3098 (Joun.
1817 3026 1864 3094 ιι).

113 3115 253 3171 attendit:
270 3115 448 3186 liulierqure
463 3113 590 3184 subjacet
610 3113 686 3168 virili
709 3113 843 3183 potestati
867 3112 964 3168 mariti
1020 3117 1073 3173 Ubi
1096 3116 1242 3172 humilitas
1268 3119 1320 3185 est,
1348 3115 1388 3171 ibi
1412 3131 1526 3187 semper
1560 3113 1689 3172 Christus
1720 3113 1864 3188 epulatur,

114 3205 171 3272 sui,
194 3203 402 3275 illicoujuncta
416 3203 446 3258 in
461 3201 556 3275 prima
571 3205 659 3269 costa,
676 3216 811 3273 magnam
826 3217 963 3256 verecou-
1019 3209 1047 3260 st
1069 3205 1133 3260 ideo
1170 3219 1285 3260 necesse
1311 3208 1354 3259 ast
1374 3208 1407 3259 ut
1444 3203 1485 3259 illi
1506 3203 1636 3258 homiues
1667 3201 1866 3258 discernantur

112 3292 193 3347 diam
214 3290 323 3347 habere
343 3291 437 3358 debet,
463 3290 504 3346 sic
526 3290 603 3362 quod
629 3304 688 3344 nou
714 3289 799 3344 debet
827 3289 895 3344 dare
914 3294 965 3345 aut
1018 3294 1068 3366 qui
1084 3293 1147 3365 plus
1165 3309 1270 3349 vanum
1285 3293 1425 3348 honorem
1440 3308 1528 3364 quiam
1553 3291 1746 3348 humilitatem
1774 3306 1866 3363 appe·

113 3378 242 3434 revelare
257 3377 436 3449 preconium
461 3379 571 3450 proprii
592 3378 698 3433 vasculi
716 3378 769 3433 viri
784 3378 829 3434 sui
844 3377 963 3434 edalie·
1018 3387 1093 3450 tunt,
1118 3397 1183 3438 cum
1208 3381 1269 3437 haec
1303 3381 1412 3437 videret
1437 3397 1500 3453 qnae
1529 3381 1587 3436 illis
1615 3379 1763 3452 superiora
1788 3384 1864 3434 sunt.

115 3483 187 3522 num
203 3466 360 3538 locumqui
385 3467 420 3522 ad
445 3467 524 3522 illam
546 3483 606 3522 nou
633 3467 766 3537 pertinet.
792 3468 827 3522 Et
849 3469 904 3523 hoc
925 3467 964 3522 ia·
1019 3470 1143 3528 llorbida
1165 3469 1251 3526 etiam
1275 3470 1335 3526 ovis
1356 3469 1517 3542 abjiciatur,
1544 3485 1579 3525 ue
1603 3474 1680 3525 totus
1705 3484 1773 3541 grex
1796 3485 1865 3524 eou-

113 3559 171 3612 ciat
185 3556 215 3611 in
234 3556 322 3611 verbo
337 3555 386 3610 illo
397 3556 473 3628 quod
489 3556 656 3612 Dominetor
671 3561 756 3613 terres
775 3555 864 3613 dicit:
882 3558 964 3622 Quod
1018 3543 1183 3616 taminetur'.
1211 3561 1282 3614 bens
1305 3559 1414 3614 bouum
1435 3557 1612 3614 intellectum
1636 3557 1802 3613 homiuibus
1820 3558 1862 3611 in·

114 3647 193 3701 Deras
205 3643 367 3715 conjurarit,
387 3644 470 3700 bomo
492 3661 550 3700 acu
573 3653 684 3716 separet
711 3644 827 3715 (matu.
849 3643 917 3715 xrs),
933 3645 963 3699 in
1017 3648 1122 3716 fundit,
1148 3664 1183 3703 ne
1203 3663 1309 3702 nomen
1328 3647 1458 3718 ipsorum
1483 3645 1622 3701 deleatur.
1654 3647 1763 3701 bonum
1787 3645 1866 3700 enim

113 3734 249 3789 irrisione
283 3733 400 3789 diaboli.
432 3734 533 3790 andi:
562 3738 639 3788 terra
674 3734 758 3788 sudat
791 3733 962 3788 viriditatem
1018 3743 1061 3794 ast
1085 3753 1121 3793 ns
1142 3731 1228 3792 homo
1251 3739 1377 3791 montem
1399 3735 1606 3808 apprehendat,
1634 3750 1721 3806 quem
1752 3750 1866 3788 movere

113 3820 265 3894 graminis,
283 3822 444 3893 usquedum
462 3837 526 3877 eam
541 3821 634 3877 hiems
657 3826 792 3893 superat;
820 3826 848 3875 et
871 3819 963 3876 hiems
1018 3843 1076 3883 nou
1093 3826 1210 3898 poterit,
1234 3827 1283 3880 sed
1304 3824 1335 3878 ia
1349 3825 1421 3879 valle
1436 3823 1580 3890 subsistat,
1597 3821 1736 3894 paulatim
1754 3821 1866 3876 discens

113 3912 208 3966 aufert
230 3910 477 3982 pulchritudinem
498 3911 577 3966 iteris
592 3911 677 3980 iltius,
694 3916 723 3965 et
744 3910 792 3964 illa
806 3910 880 3981 tegit
895 3911 963 3965 viri·
1018 3915 1095 3986 quod
1117 3929 1218 3986 capere
1240 3916 1343 3985 potest.
1366 3913 1430 3967 llaec
1456 3911 1533 3966 dicta
1559 3914 1626 3965 suut
1648 3925 1665 3966 a
1687 3908 1799 3964 vivente
1823 3908 1865 3962 lu-

113 4001 233 4057 ditatem
256 4001 301 4054 sni
322 4001 411 4068 iloris,
432 4000 534 4056 deinde
556 4016 614 4055 uon
647 4001 742 4054 velens
765 4016 795 4054 se
824 3999 961 4054 relevare.
1019 4002 1107 4069 mine,
1128 4006 1156 4056 et
1175 4017 1234 4056 non
1250 4000 1285 4056 ab
1303 3999 1431 4055 homine.
1448 3998 1502 4064 Qui
1517 3997 1607 4064 audit,
1619 3998 1714 4053 rideat
1728 4000 1756 4051 et
1769 3994 1866 4050 credat

114 4089 196 4162 quasi
211 4104 361 4160 nunquam
381 4089 499 4155 aruerit,
523 4089 593 4160 quia
612 4088 706 4143 hiems
728 4088 809 4143 illam
834 4087 962 4155 abstulit,
1020 4092 1096 4147 unde
1109 4090 1175 4145 sint.

114 4177 181 4232 ldeo
192 4192 252 4231 non
271 4176 357 4232 debet
371 4177 477 4232 mulier
489 4193 520 4231 se
533 4177 564 4231 iu
577 4176 705 4232 crinibus
719 4176 778 4230 suis
802 4176 961 4241 sublevare,
982 4161 1005 4216 D
1301 4175 1470 4234 uelsrote
1489 4175 1589 4232 cxvu.

115 4263 488 4335 necoruare‚necexigere
509 4265 539 4320 in
564 4265 622 4320 olla
644 4264 820 4320 sublimitate
839 4280 961 4324 coronae.
1037 4283 1065 4322 a.
1098 4281 1254 4324 abrasisse
1292 4281 1327 4320 oa
1354 4279 1522 4320 eaoucanau
1551 4279 1590 4319 an
1629 4277 1844 4318 araoaoaaoaa.

114 4358 143 4407 et
155 4352 219 4408 auri
235 4353 320 4408 ullius
333 4351 386 4421 rei,
413 4353 467 4408 uisi
483 4353 514 4408 iu
537 4353 682 4408 voluntate
705 4352 757 4407 viri
780 4353 835 4420 sui,
862 4368 963 4408 secuu—
1057 4357 1095 4411 Ut
1106 4355 1196 4409 Deum
1210 4359 1315 4419 exoret,
1330 4367 1536 4436 quotenusflpro
1549 4350 1709 4432 cusoribus
1722 4349 1754 4404 in
1768 4349 1864 4420 officio

113 4442 183 4496 dum
200 4441 276 4513 quod
290 4442 334 4496 itti
348 4441 378 4496 in
395 4448 474 4497 recta
488 4457 623 4496 mensura
637 4442 787 4513 placuerit.
1175 4441 1227 4480 ³¹⁴⁰
1238 4423 1398 4481 ⁰⁰mm²⁸⁸²⁸³
1418 4423 1591 4487 mmmm
1601 4424 1701 4493 PM!-

149 4531 217 4586 ttae
232 4544 291 4583 non
313 4529 459 4602 pertinent
474 4531 508 4585 ad
533 4529 696 4602 virginem3
715 4530 764 4585 sed
783 4529 846 4602 ipsa
861 4534 917 4584 etat
932 4529 962 4582 in
1051 4531 1263 4587 Amantissimes
1286 4529 1411 4586 domium
1439 4531 1470 4585 h.
1505 4527 1667 4584 divinarum
1699 4543 1731 4581 ac
1753 4525 1865 4581 verissi-

114 4616 298 4688 srmpticitate
334 4623 361 4673 et
396 4619 560 4689 integritate
585 4617 704 4690 pnlcbra
741 4617 877 4688 paradisi,
911 4617 962 4688 qui
1017 4635 1129 4676 marum
1161 4619 1306 4674 visionum
1345 4617 1533 4672 sacratissimo
1576 4632 1694 4672 munere
1728 4614 1865 4669 divinitus

114 4721 265 4777 nunquam
289 4706 387 4762 aridus
416 4706 575 4778 apparebit,
607 4707 656 4762 sed
680 4721 795 4777 semper
812 4711 964 4778 permanet
1015 4709 1172 4775 illustrata,
1188 4710 1220 4763 Α.
1249 4707 1284 4762 de
1303 4706 1472 4773 crouchdal,
1494 4705 1555 4760 solo
1576 4703 1693 4759 nomine
1710 4703 1863 4766 abbatissa,

114 4795 144 4849 in
169 4795 256 4866 plena
277 4794 420 4850 viriditate
443 4795 521 4850 tloris
549 4796 645 4865 virgae.
679 4795 764 4865 Virgo
793 4810 851 4849 non
878 4794 964 4849 hebet
1016 4795 1366 4869 supereffluentissimum
1382 4797 1515 4867 perlectae
1531 4793 1809 4849 charitatisdonum.

114 4889 230 4954 tegmen
244 4882 369 4938 crinium
383 4882 537 4939 viriditatis
553 4900 614 4938 stru
628 4882 658 4938 in
681 4887 835 4956 praecepto,
858 4883 908 4938 sed
932 4884 963 4938 iu
1054 4885 1171 4958 Eloquia
1197 4889 1297 4948 vestre,
1327 4883 1368 4938 mi
1400 4881 1527 4948 domina,
1556 4880 1590 4936 ad
1612 4879 1662 4936 illa
1685 4878 1863 4934 sanctissime

114 4971 231 5044 propria
256 4972 403 5027 voluntate
420 4989 470 5027 sua
493 4988 546 5044 per
560 4988 703 5028 summam
725 4972 917 5027 bumilitatem
932 4987 962 5027 se
1017 4976 1114 5030 anima
1144 4977 1247 5041 vestra,
1280 4972 1315 5028 ab
1343 4972 1391 5026 ills
1416 4971 1584 5026 celsitudine
1614 4966 1864 5038 contemplationis

114 5061 195 5133 tegit,
218 5060 357 5131 qnoniam
379 5061 467 5116 homo
493 5059 739 5132 pulchritudinem
766 5059 871 5115 animas
897 5060 961 5115 ebs·
1016 5069 1127 5128 vestrae,
1143 5067 1282 5133 tanquam
1297 5062 1331 5116 de
1359 5059 1465 5114 vertice
1490 5063 1665 5113 aeternorum
1681 5054 1795 5111 collium
1818 5055 1864 5110 de-

115 5150 230 5217 condet,
270 5164 307 5204 ne
337 5149 473 5220 accipiter
500 5165 564 5204 eam
595 5164 646 5221 per
667 5148 833 5221 superbiam
856 5149 959 5217 rapiat.
1016 5149 1135 5204 liuentia
1165 5149 1196 5203 in
1218 5147 1471 5220 profundissimam
1499 5151 1669 5201 caeterarum
1702 5143 1863 5198 convallem

114 5238 243 5310 Virgines
265 5238 428 5309 conjunctas
451 5243 519 5293 sunt
539 5238 570 5294 in
594 5238 705 5309 Spiritu
738 5241 836 5293 sancto
858 5237 961 5293 sancu—
1016 5235 1189 5304 animarum,
1218 5236 1298 5309 quasi
1333 5235 1427 5290 imber
1451 5250 1539 5305 super
1567 5233 1698 5298 herbam,
1722 5237 1750 5287 et
1781 5231 1864 5303 qussi

115 5327 221 5384 monier
244 5331 274 5383 st
291 5343 404 5382 ararorae
419 5326 591 5399 virginitatis
608 5344 615 5383 ε
633 5327 711 5383 unde
726 5326 808 5382 decet
821 5327 886 5382 illas
900 5342 963 5398 per·
1016 5325 1100 5382 stillae
1121 5341 1208 5396 super
1231 5324 1363 5397 gramina
1383 5321 1478 5395 rigant
1502 5339 1560 5392 eas,
1576 5319 1735 5377 infundunt
1757 5336 1816 5390 eas,
1835 5325 1865 5375 et

115 5417 212 5473 venire
232 5415 270 5472 ad
290 5431 437 5472 summum
460 5417 648 5484 sacerdotem,
678 5416 751 5472 sicut
764 5415 963 5472 holocaustum
1017 5414 1180 5487 germinare
1199 5430 1249 5469 aas
1274 5413 1383 5468 iaciunt
1412 5427 1530 5484 germen
1554 5411 1616 5468 siue
1640 5409 1732 5481 spina,
1757 5407 1862 5480 germi-
