3984 6034
77 225 129 282 205
749 221 931 282 sustula.
943 255 976 266 -
989 221 1096 284 suist.
1117 221 1170 282 XL.

77 347 242 419 praesertim
258 363 324 402 cum
344 347 495 418 imperitus
516 346 572 402 sim
595 361 728 402 sermone
748 351 778 402 et
801 345 929 402 scientia.
950 352 974 406 Α
1294 345 1461 406 suisium
1475 349 1528 406 ut.

78 434 151 500 Scio,
167 439 264 490 mater
282 435 333 503 mi,
359 437 416 489 scio
439 435 516 506 qnod
538 451 556 489 a
579 436 679 506 planta
693 435 773 506 pedis
794 436 932 508 usquead
1107 451 1216 492 ιιιιιιι
1234 451 1448 494 cnueioounusis
1467 455 1501 494 en
1515 455 1717 496 uruoacaanau.

78 525 230 589 verticem,
247 539 305 578 non
320 528 364 578 est
377 524 407 577 in
420 539 467 578 ma
490 523 613 579 bonitas.
633 524 844 579 Consolationis
863 539 934 595 crgo
1183 526 1254 596 Ejus
1265 526 1396 598 precibus
1408 544 1440 582 se
1450 529 1639 585 commendet.

76 618 180 666 vestrm
197 612 306 683 scripta
331 611 488 666 humilitati
513 628 586 667 mem
613 613 738 684 dirigite,
768 617 801 668 ut
827 628 934 668 nomen
1024 615 1190 670 Hunoscaant
1218 629 1330 686 sponsae
1358 615 1473 682 Christi,
1505 615 1552 671 sed
1582 617 1694 673 ancillae
1722 619 1781 674 Deo
1809 625 1838 676 et

77 707 208 756 vestrm
222 701 330 756 babeat
343 702 375 756 in
395 700 463 755 Sion
489 701 563 756 liber
588 705 704 757 aeternae
724 701 800 756 vitae.
830 702 933 757 talete.
988 701 1156 759 hominibus
1178 707 1312 774 accepte,
1330 704 1362 758 ii.
1388 704 1449 758 solo
1465 703 1583 759 nomine
1607 704 1694 760 abbas
1720 707 1837 780 Campi-

988 792 1123 849 donensis
1147 793 1288 860 Ecclesie,
1312 793 1448 847 devotum
1472 807 1537 847 cum
1569 792 1683 850 assidua
1707 797 1837 852 oratioue

276 863 483 920 RESPONSUM
502 863 746 920 HILDEGARDIS.
988 880 1148 936 servitium,

202 1005 291 1062 mum
301 1005 435 1061 magur
450 1004 489 1060 ad
501 1004 730 1062 emendationem
740 1003 814 1063 vim.
1025 967 1193 1024 Benedictus
1215 969 1300 1036 ileos,
1330 969 1412 1040 cujus
1435 968 1563 1042 Spiritus
1590 969 1639 1026 ubi
1663 971 1724 1027 vult
1744 972 1839 1046 spirat

986 1057 1078 1128 (Joon
1094 1055 1146 1128 ιιι),
1162 1063 1190 1112 et
1217 1057 1310 1112 cordis
1327 1058 1412 1113 vestri
1435 1059 1596 1130 penetralia
1621 1060 1770 1118 dulcedine
1785 1078 1839 1118 cm-

112 1149 146 1203 iu
169 1148 297 1218 spiritali
317 1147 445 1215 visione,-
462 1162 527 1220 qnae
556 1162 572 1201 a
602 1149 660 1204 lieo
682 1152 734 1215 est,
760 1147 822 1202 haec
848 1145 936 1202 verba
988 1145 1067 1199 lestis
1077 1144 1234 1200 harmoniae
1250 1145 1290 1200 sie
1305 1145 1426 1217 implere
1439 1153 1466 1202 et
1476 1147 1662 1220 pinguescere
1678 1150 1837 1220 consuerit,

82 1237 200 1291 audiri:
221 1237 310 1292 Valde
334 1237 526 1291 necessarium
543 1241 586 1291 est
600 1235 723 1304 homini,
740 1236 790 1308 qui
805 1236 934 1290 enimam
988 1239 1022 1289 ιιι
1035 1233 1191 1290 admodum
1208 1233 1369 1290 mirabilem
1386 1238 1621 1293 acvenerahilem
1639 1237 1798 1312 virisaeque
1812 1246 1840 1296 at

82 1326 212 1380 suamin
241 1324 391 1380 desideriis
415 1325 505 1394 ipsius
536 1323 667 1379 invenire
699 1326 770 1394 uolt,
802 1331 836 1381 ut
860 1327 935 1383 maia
988 1321 1104 1377 faminis
1116 1338 1165 1377 vos
1180 1322 1315 1380 olfecerit.
1331 1324 1394 1379 tam
1409 1325 1497 1392 enim,
1507 1325 1579 1397 jam,
1592 1326 1722 1399 inquam,
1739 1333 1839 1383 vestrm

82 1430 169 1485 opera
184 1415 300 1485 perdat,
320 1420 349 1468 et
368 1414 482 1469 beamm
499 1413 647 1468 scientiam
672 1415 786 1482 babeat,
798 1431 856 1486 quo
871 1432 935 1471 mo-
989 1411 1087 1483 opinio
1103 1412 1271 1478 sanctitatis,
1288 1413 1372 1483 longe
1387 1413 1501 1485 lateque
1517 1414 1631 1483 diffuso,
1648 1417 1715 1488 quia
1735 1433 1840 1488 magna

82 1505 116 1557 do
132 1503 224 1570 vivat,
242 1503 284 1565 ite
303 1501 400 1570 etiam,
419 1507 451 1556 nt
474 1501 653 1572 animosius
674 1502 801 1571 domina,
819 1508 848 1558 at
869 1521 934 1559 earo
989 1499 1071 1554 vobis
1086 1498 1195 1564 iecerit,
1218 1499 1268 1570 qui
1284 1505 1388 1569 polens
1407 1507 1450 1555 est
1471 1500 1552 1570 (Luc.
1578 1503 1601 1568 r)
1619 1502 1701 1558 tacite
1720 1504 1841 1558 adverti·

81 1592 185 1646 ancilla
202 1591 252 1659 sit,
268 1591 426 1645 sectandum
448 1591 524 1663 quod
546 1590 695 1645 Psalmista
717 1591 802 1646 dicit:
827 1593 935 1648 Beatus
989 1591 1055 1643 tur:
1092 1587 1226 1658 quodque
1253 1603 1303 1641 vos
1333 1587 1466 1643 ancillam
1502 1590 1643 1646 humilem
1668 1593 1837 1663 respexerit.

79 1680 172 1747 hmo,
195 1681 328 1751 quemtu
352 1677 502 1747 medicata,
527 1677 656 1747 Domine,
686 1683 715 1734 et
731 1681 767 1735 de
792 1681 854 1752 tepe
885 1685 936 1737 tuo
953 1647 1059 1731 Bdiam
1085 1675 1216 1730 inaudita
1249 1676 1358 1731 cunctis
1394 1678 1477 1732 nobis
1496 1677 1637 1734 instillare
1666 1685 1756 1750 curat,
1780 1697 1839 1736 non

78 1767 401 1837 docuermcumti’aot.
426 1771 510 1832 ιειιι).
539 1767 570 1821 Et
594 1768 658 1838 quis
680 1771 723 1821 cst
751 1768 838 1822 bomo
858 1769 938 1825 iste?
989 1764 1156 1835 ambigitur.
1172 1764 1296 1818 iamvos
1309 1764 1363 1819 sihi
1376 1766 1596 1836 sponsamimo
1620 1773 1649 1823 et
1674 1768 1840 1825 lilianrilcx

79 1857 197 1912 Scilicet
235 1857 295 1923 ille,
325 1857 375 1928 qni
396 1872 499 1927 corpus
526 1871 612 1910 suum
637 1855 710 1910 sicut
740 1857 885 1924 ancillam,
910 1863 938 1912 et
990 1852 1040 1906 itte
1060 1852 1180 1907 ecelesiis
1202 1867 1288 1906 manu
1306 1858 1408 1906 tenens
1422 1855 1588 1925 assumpsit,
1605 1861 1634 1910 ct
1648 1855 1678 1910 in
1693 1857 1840 1914 voluntate

81 1947 211 2000 enimam
235 1960 317 1998 snam
340 1945 414 1998 sicut
435 1943 649 1998 dilectissimam
671 1942 819 1999 dominam
839 1945 936 2017 babet,
991 1941 1144 2010 deducens,
1160 1939 1191 1995 in
1218 1940 1382 1998 cubiculum
1405 1941 1575 2012 introduxit,
1602 1943 1649 1999 ubi
1679 1946 1779 2002 innixa
1794 1947 1840 2002 di-

81 2036 151 2090 dam
166 2033 223 2106 qui
238 2034 326 2088 etiam
341 2034 425 2089 ferox
444 2032 532 2088 estin
555 2033 704 2104 impietate
727 2038 865 2105 tanquam
887 2051 937 2089 ur·
990 2029 1065 2084 lecto
1080 2035 1173 2084 vestro
1206 2029 1301 2100 (Cant.
1322 2033 1375 2098 ιιι),
1401 2037 1510 2086 secreta
1539 2033 1629 2104 ipsius
1656 2035 1755 2090 audire
1780 2051 1841 2090 me-

81 2140 125 2178 sas
141 2129 171 2178 et
186 2123 370 2177 ferocitatem
388 2122 467 2176 illam
488 2137 635 2189 recusans,
650 2120 683 2176 ad
701 2120 936 2192 Solemjustitioe,
990 2117 1099 2186 ruistis,
1126 2133 1217 2190 eaque
1241 2118 1412 2174 mortalibus
1426 2120 1580 2192 diligenter
1596 2122 1757 2178 enuntiare.
1775 2125 1842 2180 flaee

82 2213 129 2284 qai
154 2212 225 2284 pius
253 2216 283 2265 et
297 2211 424 2264 clemens
446 2214 499 2278 est,
520 2211 647 2264 anhelat.
674 2211 726 2266 llic
752 2210 808 2265 ileo
833 2211 936 2282 placet,
988 2210 1091 2261 vestrae
1106 2205 1279 2262 conveniunt
1297 2208 1450 2274 sanctitati,
1473 2225 1538 2280 quae
1559 2213 1591 2264 ut
1612 2212 1704 2266 relatu
1731 2227 1838 2284 cogno·

82 2302 168 2356 itaut
190 2300 278 2354 illum
306 2314 396 2370 super
417 2304 561 2369 praecepta
589 2315 640 2352 soa
670 2297 834 2367 constituat,
867 2299 938 2354 dans
990 2295 1096 2363 vimus,
1116 2295 1151 2350 ab
1174 2295 1244 2366 ipsis
1270 2295 1399 2350 iniantiae
1426 2297 1577 2352 cunabulis
1605 2299 1739 2355 audistis:
1762 2298 1843 2356 Audi

83 2391 195 2460 uirgam
212 2387 334 2442 terream
357 2386 386 2440 in
402 2401 490 2441 manu
503 2386 592 2458 ipsios
610 2385 645 2441 ad
662 2386 855 2442 erudiendum
871 2404 939 2443 oves
984 2383 1064 2455 filio,
1088 2386 1116 2439 et
1133 2382 1196 2440 vide
1224 2385 1321 2455 (Psoi.
1346 2384 1429 2457 xciv),
1452 2389 1504 2441 etc.
1520 2387 1554 2440 Ει
1569 2403 1621 2442 nos
1636 2404 1643 2443 ι
1659 2392 1775 2460 Quanto
1788 2405 1840 2444 ou-

84 2495 147 2533 soas
177 2478 216 2532 od
236 2482 365 2531 montem
388 2477 513 2547 myrrbce
530 2475 622 2544 (Paol-
656 2477 695 2545 u).
716 2476 796 2530 Nunc
819 2476 886 2530 audi
910 2480 940 2531 et
990 2471 1115 2527 divimus
1149 2475 1178 2526 et
1202 2472 1383 2545 copnooimus
1405 2490 1440 2529 ec
1468 2474 1687 2546 (Pact.uxxv11).
1712 2479 1841 2534 Etheec:

85 2568 172 2633 disee,
193 2570 227 2621 nt
254 2566 284 2620 iu
304 2571 390 2635 gustu
412 2564 516 2619 animae
536 2568 594 2618 tuce
609 2580 697 2635 super
715 2564 760 2619 bis
776 2565 938 2634 crubescas,
992 2559 1247 2617 sententiavimus
1263 2563 1291 2616 et
1308 2560 1432 2616 vidimus
1449 2561 1542 2632 (Psoi.
1560 2566 1656 2636 xcvii).
1671 2567 1706 2621 Ut
1720 2582 1789 2638 ergo
1811 2567 1841 2620 in

85 2655 151 2727 quia
171 2654 333 2724 aliquanda
359 2668 453 2708 mores
479 2652 538 2707 ursi
567 2652 630 2724 (qui
657 2653 687 2706 in
712 2652 805 2725 seipso
830 2655 939 2709 occulta
991 2649 1038 2704 his
1057 2665 1116 2703 sote
1138 2648 1251 2704 virtutis
1274 2649 1429 2704 efficaciam
1456 2651 1517 2722 ipse
1540 2653 1591 2724 qni
1607 2653 1702 2724 coepit,
1717 2654 1747 2709 in
1761 2655 1842 2710 vobis

83 2741 377 2812 murmuratlbabes,
407 2740 551 2795 interdum
568 2741 654 2795 etiam
669 2754 764 2796 mores
778 2741 862 2809 asini,
872 2743 940 2814 quia
992 2737 1134 2810 perficiat,
1150 2737 1223 2792 votis
1244 2737 1379 2793 omnibus
1407 2741 1583 2811 expetimus:
1613 2743 1712 2814 utiquc
1742 2749 1771 2798 ct
1792 2760 1843 2798 vos

83 2849 141 2886 non
157 2847 190 2886 es
215 2830 356 2902 providus
384 2829 530 2885 incensis
562 2829 631 2898 tuis,
660 2828 709 2884 sed
739 2829 885 2898 taediosus,
911 2836 940 2886 et
993 2842 1047 2897 pro
1064 2825 1167 2881 nostris
1181 2825 1344 2897 supplicare
1369 2825 1622 2899 curetispeecatis‚
1646 2835 1675 2884 et
1693 2829 1790 2902 aliqua
1807 2831 1842 2886 de

82 2921 170 2975 etiam
186 2920 220 2974 in
241 2919 306 2973 aliis
321 2918 493 2990 quibusdam
519 2917 604 2973 rebus
619 2918 748 2973 inutilis:
772 2918 837 2974 ideo
853 2919 939 2974 mati·
956 2950 977 3004 C
994 2919 1068 2970 statu
1082 2919 1181 2970 nostro
1196 2919 1225 2968 et
1248 2914 1378 2969 Ecclesiae
1406 2919 1522 2984 nostrae,
1546 2917 1626 2972 vobis
1642 2917 1779 2973 divinitus
1793 2935 1842 2976 re·

82 3009 151 3064 tiam
177 3007 240 3062 orsi
254 3007 413 3080 aliquando
434 3007 465 3064 in
493 3007 642 3078 impietate
670 3021 730 3061 non
754 3007 877 3079 perticis.
895 3009 939 3063 ln·
993 3004 1095 3070 aelam,
1111 3001 1246 3057 intimare
1261 3001 1423 3058 humillime
1439 3004 1630 3075 deposcimus.

83 3099 199 3153 tardum
221 3096 309 3151 etiam
325 3111 420 3151 mores
435 3096 600 3168 aliquorum
615 3095 785 3160 volatilium,
802 3112 867 3167 quae
886 3113 939 3152 nec
1186 3091 1394 3147 RESPONSUM
1411 3091 1654 3150 thusunuuts.

85 3187 118 3242 dc
132 3185 348 3258 superioribus,
370 3201 422 3239 nec
445 3184 480 3239 dc
500 3184 607 3240 intimis
622 3189 699 3253 sunt,
725 3185 765 3240 ita
784 3189 817 3241 ut
836 3202 869 3240 ea
890 3203 938 3240 su·
1146 3177 1326 3234 Praeclorcm
1341 3179 1574 3237 exhortationem
1588 3181 1687 3237 mittit.

85 3274 200 3346 periura
226 3273 353 3336 vincant,
379 3279 407 3327 et
428 3272 529 3328 infima
546 3273 596 3328 iila
610 3272 714 3328 ledere
734 3290 794 3328 uon
808 3280 938 3346 possunt.
1029 3267 1162 3336 Obomo,
1179 3266 1319 3324 declinato
1332 3268 1421 3336 molo,
1437 3272 1465 3324 et
1479 3272 1529 3338 soe
1547 3270 1649 3327 donam
1665 3272 1753 3344 (Paul.
1769 3274 1843 3342 ιιι);

86 3365 124 3419 nd
138 3362 313 3434 hujusmodi
338 3376 433 3416 mores
457 3361 563 3416 nobilis
586 3363 670 3417 Pater
685 3364 857 3433 respondet:
876 3365 938 3433 liei,
994 3357 1060 3430 quia
1081 3357 1167 3412 homo
1183 3357 1213 3412 in
1230 3374 1259 3412 se
1274 3357 1369 3420 hebel.
1380 3359 1458 3430 quod
1474 3375 1589 3431 semper
1600 3361 1630 3416 in
1647 3367 1743 3418 mente
1757 3365 1843 3431 errat,

86 3449 151 3504 hei!
168 3450 246 3503 banc
275 3446 501 3502 vicissitudinem
524 3463 637 3504 monim
657 3453 773 3503 tuorum
794 3452 885 3519 nolui,
910 3457 941 3508 ut
995 3450 1024 3501 el
1038 3443 1233 3500 millenarium
1261 3461 1415 3502 numerum
1438 3447 1479 3502 ibi
1512 3449 1659 3520 proponit,
1687 3466 1774 3522 quem
1793 3467 1844 3506 ne-

85 3554 168 3593 mens
191 3542 246 3591 tua
266 3535 301 3590 de
318 3536 433 3605 justitia
451 3550 516 3590 mea
537 3542 707 3593 murmuret.
728 3537 774 3593 Sic
801 3540 878 3611 quod
893 3557 941 3596 re·
995 3549 1141 3606 quaquam
1168 3533 1292 3604 perlicit,
1329 3535 1403 3590 sicut
1424 3537 1511 3591 etiam
1535 3539 1625 3594 Adam
1655 3554 1714 3594 non
1737 3540 1847 3612 aspexit

86 3633 164 3681 ctum
179 3639 353 3695 responsum
374 3624 409 3678 de
435 3639 470 3678 ea
494 3639 554 3679 non
577 3624 692 3696 queris.
716 3625 768 3682 Sed
786 3628 940 3698 quamdam
995 3622 1072 3694 qrrod
1087 3622 1202 3691 taceret,
1226 3621 1392 3677 desiderans
1419 3641 1449 3678 sa
1476 3623 1600 3680 similem
1626 3627 1683 3681 Deo
1708 3643 1776 3682 esse.
1791 3627 1845 3684 Sed

86 3713 353 3769 murmurationem
370 3713 402 3767 in
414 3716 443 3767 te
467 3712 620 3768 abscondis
638 3715 794 3771 secondum
810 3731 941 3771 murmu-
995 3714 1093 3764 tamen
1107 3709 1178 3764 illud
1203 3710 1311 3765 malum
1336 3727 1394 3765 uon
1415 3713 1523 3782 habuit,
1551 3719 1583 3768 ut
1598 3715 1686 3770 Deum
1704 3716 1845 3771 honorem

87 3805 233 3859 rationem
253 3802 322 3857 ursi.
339 3803 411 3858 Cum
434 3806 529 3857 autem
549 3802 658 3858 bonurn
674 3803 852 3861 intellectum
867 3806 897 3860 in
914 3811 942 3861 te
996 3801 1025 3850 θῑ
1039 3799 1210 3868 Ρθῖθὸῑιῑθῐῦ
1232 3797 1337 3853 habere
1362 3799 1512 3856 inlidelssl·
1539 3803 1561 3859 0
1581 3803 1633 3858 Fili
1659 3804 1717 3871 ⁰052
1741 3821 1845 3859 unam·

88 3894 189 3963 babes,
207 3891 353 3946 modicum
375 3906 468 3960 curas,
494 3890 645 3946 etiterum
666 3893 785 3948 taedium
809 3894 941 3962 incurris,
998 3901 1142 3956 quamque
1156 3888 1323 3957 potestatem
1335 3904 1388 3958 per
1401 3888 1489 3944 tidem
1508 3889 1653 3946 abscinde.
1666 3892 1757 3948 Adam
1768 3892 1845 3948 enim

88 3987 115 4037 et
135 3981 303 4038 orationem
327 3983 407 4034 tuam
430 3995 489 4034 non
517 3979 640 4050 perticis.
676 3979 730 4035 Sed
763 3981 837 4035 viam
855 3997 941 4054 quarn
996 3990 1062 4030 cum
1080 3975 1183 4030 Deoia
1208 3979 1347 4047 potestate
1375 3981 1403 4032 cl
1432 3979 1541 4034 bonore
1567 3997 1596 4034 se
1620 3981 1704 4035 simul
1720 3982 1846 4054 gaudere

88 4073 295 4141 corpustuam
314 4066 401 4138 sapit,
423 4065 548 4121 libenter
577 4065 656 4132 iacis,
676 4071 707 4133 et
726 4083 825 4123 eama
850 4071 878 4124 tc
897 4075 941 4123 to·
999 4063 1169 4132 estimabat,
1190 4064 1268 4137 quod
1298 4081 1403 4137 magna
1427 4067 1536 4123 vanitas
1560 4068 1632 4125 tuit:
1658 4073 1687 4124 et
1714 4086 1780 4126 eum
1802 4076 1846 4126 ta-

88 4162 145 4213 tem
162 4173 226 4212 non
243 4155 399 4210 abscindis.
421 4154 476 4210 Sed
496 4161 526 4210 et
540 4155 682 4210 desideria
695 4160 744 4211 tua
765 4155 799 4211 ad
817 4162 875 4224 me,
892 4157 944 4212 ati·
999 4167 1067 4208 meu
1081 4154 1171 4208 Deum
1186 4169 1247 4208 esse
1262 4154 1351 4209 scivit.
1368 4154 1414 4210 Sic
1428 4155 1514 4211 etiarn
1537 4157 1616 4212 omui
1630 4158 1741 4214 homini
1756 4160 1846 4227 adest,

89 4244 381 4319 quandoascendunt
404 4243 553 4315 ioniique
576 4249 670 4315 parte,
689 4261 754 4316 quae
777 4245 1073 4302 nonestexllutsc
1103 4243 1191 4297 Deum
1219 4241 1323 4298 babere
1347 4245 1427 4310 sciat,
1446 4261 1531 4317 quem
1552 4247 1717 4303 Creatorem
1731 4252 1760 4303 el
1776 4249 1847 4304 libe-

88 4340 147 4391 toto
162 4336 265 4389 sancta
290 4333 321 4388 in
348 4349 445 4405 opere,
473 4334 522 4388 sed
543 4337 655 4388 tantum
679 4334 779 4403 jacens
803 4334 882 4389 velut
913 4335 943 4389 in
999 4339 1122 4385 retorem
1139 4331 1349 4387 suumcredit:
1366 4332 1517 4388 etobboc
1539 4335 1626 4390 etiam
1651 4337 1729 4392 tuad
1757 4337 1847 4393 ileum

89 4426 230 4498 opinione
249 4422 327 4478 fidei.
344 4423 425 4477 Tales
445 4428 543 4477 tamen
567 4421 723 4494 aliquando
754 4422 829 4494 elegi
853 4423 887 4478 de
902 4423 942 4477 vi·
998 4417 1130 4489 coniuge,
1147 4420 1283 4491 quoniam
1299 4436 1365 4476 eum
1376 4421 1406 4476 in
1421 4422 1478 4477 tide
1494 4424 1584 4478 Deum
1599 4441 1660 4480 esse
1674 4425 1737 4495 scis,
1750 4443 1849 4498 quem-

89 4511 259 4566 cissitudine
282 4527 396 4566 morum
428 4526 558 4577 suorum,
587 4515 618 4565 ut
647 4527 750 4566 sonum
781 4510 944 4565 intellectus
998 4506 1155 4561 admodum
1173 4507 1311 4578 scriptum
1334 4513 1395 4563 est:
1420 4511 1524 4565 Omnes
1542 4515 1642 4584 pentes
1667 4529 1849 4586 quoacunque

89 4601 221 4672 ipsorum
234 4599 378 4665 audirem,
393 4599 464 4670 quid
479 4599 509 4653 in
526 4597 687 4671 semetipsis
702 4604 877 4670 reputarent,
894 4598 944 4654 irbi
998 4594 1098 4660 fecisti
1120 4595 1233 4651 neniam
1255 4599 1282 4652 et
1296 4597 1457 4654 adorabunt
1478 4616 1576 4655 coram
1599 4605 1634 4670 te,
1660 4601 1792 4670 Domine,
1822 4605 1849 4658 et

88 4696 186 4746 tamen
198 4689 320 4743 inutiles
334 4687 445 4743 inventi
462 4692 539 4756 sunt,
560 4692 588 4742 et
612 4687 785 4744 ceciderunt.
800 4689 880 4743 Nunc
892 4703 943 4743 au-
996 4683 1198 4755 utcnficabunt
1211 4701 1314 4742 nomen
1336 4689 1414 4742 tuum
1431 4689 1524 4758 (Pani.
1540 4691 1649 4760 cxxxv).

88 4785 144 4834 ιιιιι
165 4793 253 4833 meus
271 4781 323 4832 tua
347 4793 406 4832 non
428 4775 557 4832 derideat
579 4776 944 4848 opus,quod1lousiecit,
1036 4775 1095 4830 Hoc
1111 4778 1170 4829 est:
1192 4776 1280 4830 Homo
1309 4775 1359 4847 qui
1389 4792 1454 4831 com
1474 4779 1613 4833 creaturis
1641 4779 1732 4834 iactus
1760 4784 1802 4834 ast
1819 4795 1849 4834 se

87 4869 154 4940 qnia
171 4865 270 4922 nescis
284 4864 399 4938 qnando
419 4863 514 4932 gladio
531 4881 583 4919 sno
606 4870 634 4920 te
656 4863 808 4936 percutiat.
825 4866 882 4937 Ego
897 4881 946 4919 au·
1002 4864 1091 4918 Deum
1116 4861 1221 4918 babere
1250 4864 1318 4919 scit:
1350 4869 1376 4920 et
1403 4866 1516 4921 abhoc
1541 4867 1570 4921 iu
1591 4868 1736 4923 bonafide
1756 4853 1849 4934 sit,'et

88 4963 143 5012 tem
160 4953 344 5028 paupercula
361 4953 442 5008 rideo
457 4953 487 5007 in
511 4956 539 5007 tc
558 4952 749 5024 nigerrimum
764 4952 861 5024 ignem
875 4969 944 5008 con·
1000 4950 1127 5007 studiose
1152 4967 1219 5007 eum
1234 4958 1345 5024 quaerat
1369 4958 1397 5008 et
1421 4954 1530 5023 adoret,
1556 4961 1642 5028 atque
1668 4973 1772 5012 nouren
1787 4957 1849 5028 ejus

88 5055 129 5101 tra
144 5062 200 5101 nos
225 5057 400 5110 accensum
426 5042 476 5097 sed
498 5043 559 5112 ejus
581 5041 611 5096 in
637 5042 712 5096 bona
739 5041 857 5097 scicntia
872 5041 944 5097 obii·
1000 5038 1151 5111 glorificet.
1179 5039 1338 5113 Unicuique
1363 5043 1438 5098 enim
1461 5043 1573 5098 bomini
1596 5045 1677 5113 adsit,
1703 5051 1735 5101 nt
1750 5045 1784 5101 ab
1799 5047 1849 5101 illo

89 5134 207 5202 eiecere,
224 5148 264 5186 ne
289 5129 382 5202 gratia
404 5130 455 5185 Dei
470 5135 500 5184 et
527 5129 687 5184 benedictio
715 5130 838 5200 ipsiusa
861 5136 889 5185 te
903 5146 947 5186 re·
1000 5129 1076 5184 malo
1091 5129 1226 5196 declinet,
1243 5132 1319 5202 quod
1337 5133 1428 5188 Deum
1452 5149 1513 5187 esse
1540 5132 1661 5202 dubitet,
1686 5133 1737 5205 qui
1753 5135 1848 5207 ipsum

90 5218 496 5291 mdattemporeolticiitui.
514 5218 607 5289 Dilige
629 5233 698 5290 ergo
718 5217 862 5288 justitiam
882 5217 945 5286 Dei,
1001 5218 1122 5287 creavit;
1148 5220 1197 5274 sed
1223 5219 1329 5292 ipsum,
1358 5221 1408 5293 qui
1432 5237 1498 5276 eum
1527 5221 1634 5276 creavit
1655 5227 1683 5276 et
1706 5223 1847 5294 liberarit,

93 5318 152 5366 ata
180 5312 245 5366 Deo
270 5307 421 5380 diligaris;
446 5312 475 5362 et
506 5305 630 5361 fideliter
654 5307 738 5362 crede
768 5303 946 5363 mirabilibus
1000 5311 1141 5374 amet3ct
1165 5308 1194 5363 in
1222 5309 1271 5364 illo
1300 5309 1465 5380 proximum
1488 5325 1573 5364 suurn
1599 5310 1711 5383 diligat,
1749 5313 1800 5385 qui
1824 5313 1850 5369 ei

93 5403 191 5474 ipsius,
208 5405 245 5456 nt
259 5403 370 5455 aeterna
384 5397 504 5469 praemia
519 5395 668 5468 percipias.
1001 5394 1165 5464 benefacit3
1180 5402 1210 5452 et
1224 5413 1283 5453 non
1298 5396 1428 5453 imitetur
1441 5397 1598 5466 diabolum,
1614 5399 1664 5471 qni
1684 5401 1849 5457 Creatorem

1002 5499 1098 5553 suum,
1113 5485 1162 5560 qui
1179 5486 1269 5542 moilla
1282 5485 1355 5542 loona
1369 5487 1412 5543 illi
1432 5491 1620 5560 concesserat,
1646 5488 1712 5545 odio
1737 5489 1848 5550 habuit.
