<?xml version="1.0" encoding="UTF-8"?>
<!DOCTYPE html PUBLIC "-//W3C//DTD XHTML 1.0 Transitional//EN"
    "http://www.w3.org/TR/xhtml1/DTD/xhtml1-transitional.dtd">
<html xmlns="http://www.w3.org/1999/xhtml" xml:lang="en" lang="en">
 <head>
  <title>
</title>
<meta http-equiv="Content-Type" content="text/html;charset=utf-8" />
  <meta name='ocr-system' content='tesseract 3.04.00' />
  <meta name='ocr-capabilities' content='ocr_page ocr_carea ocr_par ocr_line ocrx_word'/>
</head>
<body>
  <div class='ocr_page' id='page_1' title='image "./patrologiaecurs125unkngoog/patrologiaecurs125unkngoog_0231.png"; bbox 0 0 3984 6034; ppageno 0'>
   <div class='ocr_carea' id='block_1_1' title="bbox 94 111 1961 189">
    <p class='ocr_par' dir='ltr' id='par_1_1' title="bbox 94 111 1961 189">
     <span class='ocr_line' id='line_1_1' title="bbox 94 111 1961 189; baseline 0.008 -23"><span class='ocrx_word' id='word_1_1' title='bbox 94 111 148 167; x_wconf 77' lang='lat' dir='ltr'>ies</span> <span class='ocrx_word' id='word_1_2' title='bbox 716 113 862 171; x_wconf 75' lang='lat' dir='ltr'>sulvus.</span> <span class='ocrx_word' id='word_1_3' title='bbox 879 144 910 158; x_wconf 89' lang='lat'>·-</span> <span class='ocrx_word' id='word_1_4' title='bbox 926 113 990 173; x_wconf 75' lang='grc' dir='ltr'>ΗΒ.</span> <span class='ocrx_word' id='word_1_5' title='bbox 1011 113 1047 185; x_wconf 93' lang='lat' dir='ltr'>II,</span> <span class='ocrx_word' id='word_1_6' title='bbox 1067 113 1157 176; x_wconf 80' lang='lat' dir='ltr'>VISIO</span> <span class='ocrx_word' id='word_1_7' title='bbox 1176 115 1224 173; x_wconf 90' lang='lat' dir='ltr'>III.</span> <span class='ocrx_word' id='word_1_8' title='bbox 1792 123 1845 180; x_wconf 77' lang='lat' dir='ltr'>stit</span> <span class='ocrx_word' id='word_1_9' title='bbox 1959 183 1961 189; x_wconf 53' lang='lat'>.</span> 
     </span>
    </p>
   </div>
   <div class='ocr_carea' id='block_1_2' title="bbox 11 232 1846 1202">
    <p class='ocr_par' dir='ltr' id='par_1_2' title="bbox 11 232 1846 1118">
     <span class='ocr_line' id='line_1_2' title="bbox 11 232 1845 320; baseline 0.008 -24"><span class='ocrx_word' id='word_1_10' title='bbox 11 232 12 235; x_wconf 59' lang='grc'>’</span> <span class='ocrx_word' id='word_1_11' title='bbox 92 242 233 298; x_wconf 85' lang='lat' dir='ltr'>terrebat.</span> <span class='ocrx_word' id='word_1_12' title='bbox 258 243 305 301; x_wconf 86' lang='lat' dir='ltr'>Sic</span> <span class='ocrx_word' id='word_1_13' title='bbox 318 242 411 300; x_wconf 84' lang='lat' dir='ltr'>tidelis</span> <span class='ocrx_word' id='word_1_14' title='bbox 438 244 527 300; x_wconf 87' lang='lat' dir='ltr'>honio</span> <span class='ocrx_word' id='word_1_15' title='bbox 542 243 640 311; x_wconf 75' lang='lat' dir='ltr'>facim,</span> <span class='ocrx_word' id='word_1_16' title='bbox 654 243 805 300; x_wconf 86' lang='lat' dir='ltr'>inlantlam</span> <span class='ocrx_word' id='word_1_17' title='bbox 829 262 944 302; x_wconf 85' lang='lat' dir='ltr'>moram</span> <span class='ocrx_word' id='word_1_18' title='bbox 962 246 1145 306; x_wconf 73' lang='lat' dir='ltr'>A‘dellcieut.</span> <span class='ocrx_word' id='word_1_19' title='bbox 1174 247 1213 304; x_wconf 88' lang='lat' dir='ltr'>lle</span> <span class='ocrx_word' id='word_1_20' title='bbox 1241 247 1488 320; x_wconf 85' lang='lat' dir='ltr'>quibushumano</span> <span class='ocrx_word' id='word_1_21' title='bbox 1511 255 1674 320; x_wconf 69' lang='lat' dir='ltr'>sensatum</span> <span class='ocrx_word' id='word_1_22' title='bbox 1703 267 1740 308; x_wconf 89' lang='lat' dir='ltr'>ne</span> <span class='ocrx_word' id='word_1_23' title='bbox 1768 269 1845 312; x_wconf 86' lang='lat' dir='ltr'>mur·</span> 
     </span>
     <span class='ocr_line' id='line_1_3' title="bbox 93 331 1843 416; baseline 0.008 -31"><span class='ocrx_word' id='word_1_24' title='bbox 93 331 260 403; x_wconf 57' lang='lat' dir='ltr'>relinquam</span> <span class='ocrx_word' id='word_1_25' title='bbox 284 338 314 387; x_wconf 91' lang='lat' dir='ltr'>et</span> <span class='ocrx_word' id='word_1_26' title='bbox 339 332 377 387; x_wconf 90' lang='lat' dir='ltr'>ad</span> <span class='ocrx_word' id='word_1_27' title='bbox 401 332 516 387; x_wconf 89' lang='lat' dir='ltr'>culmen</span> <span class='ocrx_word' id='word_1_28' title='bbox 545 332 682 388; x_wconf 81' lang='lat' dir='ltr'>uirtutum</span> <span class='ocrx_word' id='word_1_29' title='bbox 711 335 886 390; x_wconf 69' lang='lat' dir='ltr'>conscendat</span> <span class='ocrx_word' id='word_1_30' title='bbox 912 333 944 390; x_wconf 89' lang='lat' dir='ltr'>in</span> <span class='ocrx_word' id='word_1_31' title='bbox 998 353 1127 405; x_wconf 85' lang='lat' dir='ltr'>mtirans,</span> <span class='ocrx_word' id='word_1_32' title='bbox 1152 338 1244 393; x_wconf 90' lang='lat' dir='ltr'>dicas:</span> <span class='ocrx_word' id='word_1_33' title='bbox 1261 339 1324 394; x_wconf 90' lang='lat' dir='ltr'>Non</span> <span class='ocrx_word' id='word_1_34' title='bbox 1352 339 1560 411; x_wconf 87' lang='lat' dir='ltr'>mihiplaceut‚</span> <span class='ocrx_word' id='word_1_35' title='bbox 1590 357 1684 414; x_wconf 83' lang='lat' dir='ltr'>neque</span> <span class='ocrx_word' id='word_1_36' title='bbox 1712 344 1843 416; x_wconf 76' lang='lat' dir='ltr'>intelligo</span> 
     </span>
     <span class='ocr_line' id='line_1_4' title="bbox 90 420 1845 504; baseline 0.007 -30"><span class='ocrx_word' id='word_1_37' title='bbox 90 420 265 475; x_wconf 86' lang='lat' dir='ltr'>tortitudine</span> <span class='ocrx_word' id='word_1_38' title='bbox 287 437 388 476; x_wconf 84' lang='lat' dir='ltr'>aarum</span> <span class='ocrx_word' id='word_1_39' title='bbox 411 437 606 492; x_wconf 78' lang='lat' dir='ltr'>perseverans,</span> <span class='ocrx_word' id='word_1_40' title='bbox 636 422 830 477; x_wconf 77' lang='lat' dir='ltr'>extollentiam</span> <span class='ocrx_word' id='word_1_41' title='bbox 862 425 943 494; x_wconf 89' lang='lat' dir='ltr'>cupi·</span> <span class='ocrx_word' id='word_1_42' title='bbox 998 427 1137 482; x_wconf 88' lang='lat' dir='ltr'>ntrumin</span> <span class='ocrx_word' id='word_1_43' title='bbox 1153 427 1345 499; x_wconf 86' lang='lat' dir='ltr'>prosperitate</span> <span class='ocrx_word' id='word_1_44' title='bbox 1358 434 1408 482; x_wconf 83' lang='lat' dir='ltr'>aut</span> <span class='ocrx_word' id='word_1_45' title='bbox 1422 427 1452 484; x_wconf 93' lang='lat' dir='ltr'>iu</span> <span class='ocrx_word' id='word_1_46' title='bbox 1467 445 1597 485; x_wconf 83' lang='lat' dir='ltr'>simmaa</span> <span class='ocrx_word' id='word_1_47' title='bbox 1623 431 1672 485; x_wconf 88' lang='lat' dir='ltr'>illa</span> <span class='ocrx_word' id='word_1_48' title='bbox 1686 430 1752 498; x_wconf 87' lang='lat' dir='ltr'>sint,</span> <span class='ocrx_word' id='word_1_49' title='bbox 1777 434 1845 504; x_wconf 87' lang='lat' dir='ltr'>quia</span> 
     </span>
     <span class='ocr_line' id='line_1_5' title="bbox 93 508 1844 587; baseline 0.009 -25"><span class='ocrx_word' id='word_1_50' title='bbox 93 508 193 563; x_wconf 85' lang='lat' dir='ltr'>ditetis</span> <span class='ocrx_word' id='word_1_51' title='bbox 206 525 267 563; x_wconf 82' lang='lat' dir='ltr'>suae</span> <span class='ocrx_word' id='word_1_52' title='bbox 281 508 417 564; x_wconf 89' lang='lat' dir='ltr'>deserens</span> <span class='ocrx_word' id='word_1_53' title='bbox 432 525 497 581; x_wconf 78' lang='lat' dir='ltr'>qua</span> <span class='ocrx_word' id='word_1_54' title='bbox 525 509 555 564; x_wconf 91' lang='lat' dir='ltr'>in</span> <span class='ocrx_word' id='word_1_55' title='bbox 569 509 695 564; x_wconf 86' lang='lat' dir='ltr'>amentia</span> <span class='ocrx_word' id='word_1_56' title='bbox 718 510 853 567; x_wconf 85' lang='lat' dir='ltr'>vitiorum</span> <span class='ocrx_word' id='word_1_57' title='bbox 879 512 944 582; x_wconf 93' lang='lat' dir='ltr'>pul·</span> <span class='ocrx_word' id='word_1_58' title='bbox 999 516 1126 571; x_wconf 89' lang='lat' dir='ltr'>humana</span> <span class='ocrx_word' id='word_1_59' title='bbox 1141 531 1220 571; x_wconf 88' lang='lat' dir='ltr'>mens</span> <span class='ocrx_word' id='word_1_60' title='bbox 1235 531 1350 587; x_wconf 89' lang='lat' dir='ltr'>semper</span> <span class='ocrx_word' id='word_1_61' title='bbox 1364 517 1395 571; x_wconf 91' lang='lat' dir='ltr'>in</span> <span class='ocrx_word' id='word_1_62' title='bbox 1410 517 1464 572; x_wconf 90' lang='lat' dir='ltr'>hoc</span> <span class='ocrx_word' id='word_1_63' title='bbox 1478 518 1567 572; x_wconf 86' lang='lat' dir='ltr'>dubia</span> <span class='ocrx_word' id='word_1_64' title='bbox 1581 524 1637 587; x_wconf 83' lang='lat' dir='ltr'>est;</span> <span class='ocrx_word' id='word_1_65' title='bbox 1654 536 1720 574; x_wconf 88' lang='lat' dir='ltr'>nam</span> <span class='ocrx_word' id='word_1_66' title='bbox 1733 527 1761 576; x_wconf 92' lang='lat' dir='ltr'>et</span> <span class='ocrx_word' id='word_1_67' title='bbox 1774 521 1844 576; x_wconf 89' lang='lat' dir='ltr'>dum</span> 
     </span>
     <span class='ocr_line' id='line_1_6' title="bbox 92 597 1845 680; baseline 0.009 -29"><span class='ocrx_word' id='word_1_68' title='bbox 92 597 208 651; x_wconf 89' lang='lat' dir='ltr'>lulatet</span> <span class='ocrx_word' id='word_1_69' title='bbox 230 597 261 650; x_wconf 93' lang='lat' dir='ltr'>in</span> <span class='ocrx_word' id='word_1_70' title='bbox 286 597 419 668; x_wconf 87' lang='lat' dir='ltr'>angustia</span> <span class='ocrx_word' id='word_1_71' title='bbox 442 597 666 652; x_wconf 89' lang='lat' dir='ltr'>sollicitudiuem</span> <span class='ocrx_word' id='word_1_72' title='bbox 691 598 847 654; x_wconf 77' lang='lat' dir='ltr'>meditetur</span> <span class='ocrx_word' id='word_1_73' title='bbox 873 600 943 670; x_wconf 89' lang='lat' dir='ltr'>quid</span> <span class='ocrx_word' id='word_1_74' title='bbox 997 604 1074 659; x_wconf 84' lang='lat' dir='ltr'>bons</span> <span class='ocrx_word' id='word_1_75' title='bbox 1089 610 1225 675; x_wconf 88' lang='lat' dir='ltr'>operatur</span> <span class='ocrx_word' id='word_1_76' title='bbox 1238 605 1411 660; x_wconf 86' lang='lat' dir='ltr'>anxietatem</span> <span class='ocrx_word' id='word_1_77' title='bbox 1427 606 1515 660; x_wconf 89' lang='lat' dir='ltr'>habet</span> <span class='ocrx_word' id='word_1_78' title='bbox 1530 611 1627 662; x_wconf 90' lang='lat' dir='ltr'>utrum</span> <span class='ocrx_word' id='word_1_79' title='bbox 1639 608 1697 664; x_wconf 87' lang='lat' dir='ltr'>ileo</span> <span class='ocrx_word' id='word_1_80' title='bbox 1711 609 1845 680; x_wconf 85' lang='lat' dir='ltr'>placeant</span> 
     </span>
     <span class='ocr_line' id='line_1_7' title="bbox 92 686 1844 765; baseline 0.006 -23"><span class='ocrx_word' id='word_1_81' title='bbox 92 689 150 742; x_wconf 84' lang='lat' dir='ltr'>sibi</span> <span class='ocrx_word' id='word_1_82' title='bbox 174 686 244 744; x_wconf 89' lang='lat' dir='ltr'>utile</span> <span class='ocrx_word' id='word_1_83' title='bbox 267 688 305 742; x_wconf 87' lang='lat' dir='ltr'>sit</span> <span class='ocrx_word' id='word_1_84' title='bbox 319 693 469 759; x_wconf 91' lang='lat' dir='ltr'>postquam</span> <span class='ocrx_word' id='word_1_85' title='bbox 485 687 638 742; x_wconf 84' lang='lat' dir='ltr'>infantiam</span> <span class='ocrx_word' id='word_1_86' title='bbox 652 703 767 742; x_wconf 88' lang='lat' dir='ltr'>morum</span> <span class='ocrx_word' id='word_1_87' title='bbox 787 689 942 759; x_wconf 84' lang='lat' dir='ltr'>puerilium</span> <span class='ocrx_word' id='word_1_88' title='bbox 998 709 1115 749; x_wconf 91' lang='lat' dir='ltr'>annon.</span> <span class='ocrx_word' id='word_1_89' title='bbox 1136 695 1170 748; x_wconf 88' lang='lat' dir='ltr'>Et</span> <span class='ocrx_word' id='word_1_90' title='bbox 1196 694 1264 749; x_wconf 91' lang='lat' dir='ltr'>dum</span> <span class='ocrx_word' id='word_1_91' title='bbox 1291 695 1366 748; x_wconf 89' lang='lat' dir='ltr'>mals</span> <span class='ocrx_word' id='word_1_92' title='bbox 1380 699 1536 765; x_wconf 76' lang='lat' dir='ltr'><strong>perpetrat,</strong></span> <span class='ocrx_word' id='word_1_93' title='bbox 1564 695 1600 750; x_wconf 90' lang='lat' dir='ltr'>da</span> <span class='ocrx_word' id='word_1_94' title='bbox 1617 698 1708 751; x_wconf 86' lang='lat' dir='ltr'>salute</span> <span class='ocrx_word' id='word_1_95' title='bbox 1737 699 1844 754; x_wconf 85' lang='lat' dir='ltr'>remis-</span> 
     </span>
     <span class='ocr_line' id='line_1_8' title="bbox 91 776 1846 853; baseline 0.006 -22"><span class='ocrx_word' id='word_1_96' title='bbox 91 776 258 832; x_wconf 80' lang='lat' dir='ltr'>declinauit.</span> <span class='ocrx_word' id='word_1_97' title='bbox 296 776 387 844; x_wconf 89' lang='lat' dir='ltr'>Unde,</span> <span class='ocrx_word' id='word_1_98' title='bbox 417 793 434 831; x_wconf 95' lang='lat' dir='ltr'>o</span> <span class='ocrx_word' id='word_1_99' title='bbox 460 776 558 844; x_wconf 87' lang='lat' dir='ltr'>homo,</span> <span class='ocrx_word' id='word_1_100' title='bbox 585 776 624 830; x_wconf 87' lang='lat' dir='ltr'>sic</span> <span class='ocrx_word' id='word_1_101' title='bbox 651 777 825 847; x_wconf 88' lang='lat' dir='ltr'>amplectere</span> <span class='ocrx_word' id='word_1_102' title='bbox 853 779 944 834; x_wconf 80' lang='lat' dir='ltr'>Deum</span> <span class='ocrx_word' id='word_1_103' title='bbox 999 781 1087 836; x_wconf 87' lang='lat' dir='ltr'>sionis</span> <span class='ocrx_word' id='word_1_104' title='bbox 1101 781 1247 837; x_wconf 87' lang='lat' dir='ltr'>tormidet.</span> <span class='ocrx_word' id='word_1_105' title='bbox 1271 782 1325 838; x_wconf 89' lang='lat' dir='ltr'>Sed</span> <span class='ocrx_word' id='word_1_106' title='bbox 1339 781 1587 853; x_wconf 85' lang='lat' dir='ltr'>quivigilantibns</span> <span class='ocrx_word' id='word_1_107' title='bbox 1613 783 1703 840; x_wconf 90' lang='lat' dir='ltr'>oculis</span> <span class='ocrx_word' id='word_1_108' title='bbox 1718 786 1798 842; x_wconf 82' lang='lat' dir='ltr'>videt</span> <span class='ocrx_word' id='word_1_109' title='bbox 1816 792 1846 842; x_wconf 91' lang='lat' dir='ltr'>et</span> 
     </span>
     <span class='ocr_line' id='line_1_9' title="bbox 91 864 1844 942; baseline 0.006 -23"><span class='ocrx_word' id='word_1_110' title='bbox 91 870 177 920; x_wconf 82' lang='lat' dir='ltr'>tirum</span> <span class='ocrx_word' id='word_1_111' title='bbox 199 865 420 920; x_wconf 79' lang='lat' dir='ltr'>infortitudine</span> <span class='ocrx_word' id='word_1_112' title='bbox 448 865 554 936; x_wconf 85' lang='lat' dir='ltr'>vigoris</span> <span class='ocrx_word' id='word_1_113' title='bbox 580 864 623 919; x_wconf 84' lang='lat' dir='ltr'>tui</span> <span class='ocrx_word' id='word_1_114' title='bbox 637 865 806 936; x_wconf 83' lang='lat' dir='ltr'>priusquam</span> <span class='ocrx_word' id='word_1_115' title='bbox 848 866 944 922; x_wconf 80' lang='lat' dir='ltr'>veniit</span> <span class='ocrx_word' id='word_1_116' title='bbox 996 870 1115 925; x_wconf 90' lang='lat' dir='ltr'>attentis</span> <span class='ocrx_word' id='word_1_117' title='bbox 1146 871 1264 926; x_wconf 87' lang='lat' dir='ltr'>auribus</span> <span class='ocrx_word' id='word_1_118' title='bbox 1297 871 1387 938; x_wconf 90' lang='lat' dir='ltr'>audit,</span> <span class='ocrx_word' id='word_1_119' title='bbox 1413 871 1460 925; x_wconf 84' lang='lat' dir='ltr'>liic</span> <span class='ocrx_word' id='word_1_120' title='bbox 1487 871 1614 942; x_wconf 81' lang='lat' dir='ltr'><strong>mysticis</strong></span> <span class='ocrx_word' id='word_1_121' title='bbox 1648 873 1742 928; x_wconf 82' lang='lat' dir='ltr'>verbis</span> <span class='ocrx_word' id='word_1_122' title='bbox 1772 877 1844 930; x_wconf 89' lang='lat' dir='ltr'>meis</span> 
     </span>
     <span class='ocr_line' id='line_1_10' title="bbox 92 954 1844 1032; baseline 0.006 -24"><span class='ocrx_word' id='word_1_123' title='bbox 92 955 181 1009; x_wconf 91' lang='lat' dir='ltr'>hamo</span> <span class='ocrx_word' id='word_1_124' title='bbox 195 954 378 1026; x_wconf 71' lang='lat' dir='ltr'>purgationis</span> <span class='ocrx_word' id='word_1_125' title='bbox 391 969 512 1024; x_wconf 88' lang='lat' dir='ltr'>opernm</span> <span class='ocrx_word' id='word_1_126' title='bbox 528 959 656 1019; x_wconf 88' lang='lat' dir='ltr'>tuorum,</span> <span class='ocrx_word' id='word_1_127' title='bbox 676 969 743 1009; x_wconf 90' lang='lat' dir='ltr'>cum</span> <span class='ocrx_word' id='word_1_128' title='bbox 762 954 859 1010; x_wconf 89' lang='lat' dir='ltr'>omnia</span> <span class='ocrx_word' id='word_1_129' title='bbox 880 971 942 1010; x_wconf 90' lang='lat' dir='ltr'>ma·</span> <span class='ocrx_word' id='word_1_130' title='bbox 996 973 1062 1028; x_wconf 80' lang='lat' dir='ltr'>quae</span> <span class='ocrx_word' id='word_1_131' title='bbox 1085 957 1121 1013; x_wconf 88' lang='lat' dir='ltr'>de</span> <span class='ocrx_word' id='word_1_132' title='bbox 1148 973 1194 1014; x_wconf 89' lang='lat' dir='ltr'>me</span> <span class='ocrx_word' id='word_1_133' title='bbox 1209 960 1321 1015; x_wconf 82' lang='lat' dir='ltr'>vivente</span> <span class='ocrx_word' id='word_1_134' title='bbox 1346 964 1482 1014; x_wconf 87' lang='lat' dir='ltr'>emanant</span> <span class='ocrx_word' id='word_1_135' title='bbox 1496 961 1624 1016; x_wconf 88' lang='lat' dir='ltr'>osculum</span> <span class='ocrx_word' id='word_1_136' title='bbox 1653 962 1844 1032; x_wconf 80' lang='lat' dir='ltr'>amplexionis</span> 
     </span>
     <span class='ocr_line' id='line_1_11' title="bbox 93 1041 1133 1118; baseline 0.007 -22"><span class='ocrx_word' id='word_1_137' title='bbox 93 1041 319 1108; x_wconf 83' lang='lat' dir='ltr'>miestabnntur,</span> <span class='ocrx_word' id='word_1_138' title='bbox 335 1058 430 1114; x_wconf 88' lang='lat' dir='ltr'>neque</span> <span class='ocrx_word' id='word_1_139' title='bbox 446 1041 605 1114; x_wconf 87' lang='lat' dir='ltr'>quidquam</span> <span class='ocrx_word' id='word_1_140' title='bbox 624 1042 772 1097; x_wconf 90' lang='lat' dir='ltr'>occultum</span> <span class='ocrx_word' id='word_1_141' title='bbox 794 1044 943 1115; x_wconf 85' lang='lat' dir='ltr'>relinque-</span> <span class='ocrx_word' id='word_1_142' title='bbox 996 1047 1133 1118; x_wconf 74' lang='lat' dir='ltr'>prebeat.</span> 
     </span>
    </p>

    <p class='ocr_par' dir='ltr' id='par_1_3' title="bbox 92 1129 943 1202">
     <span class='ocr_line' id='line_1_12' title="bbox 92 1129 943 1202; baseline 0.001 -16"><span class='ocrx_word' id='word_1_143' title='bbox 92 1136 143 1186; x_wconf 87' lang='lat' dir='ltr'>tur</span> <span class='ocrx_word' id='word_1_144' title='bbox 159 1129 213 1186; x_wconf 88' lang='lat' dir='ltr'>nbi</span> <span class='ocrx_word' id='word_1_145' title='bbox 225 1131 347 1187; x_wconf 78' lang='lat' dir='ltr'>veniunt</span> <span class='ocrx_word' id='word_1_146' title='bbox 360 1135 492 1201; x_wconf 86' lang='lat' dir='ltr'>tempora</span> <span class='ocrx_word' id='word_1_147' title='bbox 505 1145 571 1202; x_wconf 81' lang='lat' dir='ltr'>quie</span> <span class='ocrx_word' id='word_1_148' title='bbox 585 1131 617 1186; x_wconf 91' lang='lat' dir='ltr'>in</span> <span class='ocrx_word' id='word_1_149' title='bbox 642 1129 794 1187; x_wconf 84' lang='lat' dir='ltr'>duratione</span> <span class='ocrx_word' id='word_1_150' title='bbox 810 1148 863 1187; x_wconf 86' lang='lat' dir='ltr'>sua</span> <span class='ocrx_word' id='word_1_151' title='bbox 884 1146 943 1187; x_wconf 92' lang='lat' dir='ltr'>uon</span> 
     </span>
    </p>
   </div>
   <div class='ocr_carea' id='block_1_3' title="bbox 760 1417 1177 1494">
    <p class='ocr_par' dir='ltr' id='par_1_4' title="bbox 760 1417 1177 1494">
     <span class='ocr_line' id='line_1_13' title="bbox 760 1417 1177 1494; baseline 0.012 -6"><span class='ocrx_word' id='word_1_152' title='bbox 760 1417 923 1492; x_wconf 88' lang='lat' dir='ltr'>VISIO</span> <span class='ocrx_word' id='word_1_153' title='bbox 968 1417 1177 1494; x_wconf 89' lang='lat' dir='ltr'>TERTIA.</span> 
     </span>
    </p>
   </div>
   <div class='ocr_carea' id='block_1_4' title="bbox 89 1600 1890 5420">
    <p class='ocr_par' dir='ltr' id='par_1_5' title="bbox 92 1600 1890 3373">
     <span class='ocr_line' id='line_1_14' title="bbox 92 1600 1844 1729; baseline 0.002 -72"><span class='ocrx_word' id='word_1_154' title='bbox 92 1603 153 1657; x_wconf 77' lang='lat' dir='ltr'>Suu</span> <span class='ocrx_word' id='word_1_155' title='bbox 163 1616 290 1683; x_wconf 75' lang='lat' dir='ltr'>uininii.</span> <span class='ocrx_word' id='word_1_156' title='bbox 302 1603 382 1656; x_wconf 85' lang='lat' dir='ltr'>-De</span> <span class='ocrx_word' id='word_1_157' title='bbox 394 1600 605 1683; x_wconf 75' lang='lat' dir='ltr'>constrictione</span> <span class='ocrx_word' id='word_1_158' title='bbox 620 1600 755 1656; x_wconf 75' lang='lat' dir='ltr'>Ecclesia</span> <span class='ocrx_word' id='word_1_159' title='bbox 763 1617 825 1674; x_wconf 76' lang='lat' dir='ltr'>qua</span> <span class='ocrx_word' id='word_1_160' title='bbox 832 1619 947 1674; x_wconf 88' lang='lat' dir='ltr'>semper</span> <span class='ocrx_word' id='word_1_161' title='bbox 958 1601 1136 1674; x_wconf 77' lang='lat' dir='ltr'>piqnitfilios</span> <span class='ocrx_word' id='word_1_162' title='bbox 1148 1603 1253 1659; x_wconf 86' lang='lat' dir='ltr'>suosin</span> <span class='ocrx_word' id='word_1_163' title='bbox 1261 1603 1478 1729; x_wconf 48' lang='lat' dir='ltr'>reposueratione</span> <span class='ocrx_word' id='word_1_164' title='bbox 1492 1603 1612 1674; x_wconf 83' lang='lat' dir='ltr'>spiritus</span> <span class='ocrx_word' id='word_1_165' title='bbox 1624 1605 1653 1659; x_wconf 91' lang='lat' dir='ltr'>et</span> <span class='ocrx_word' id='word_1_166' title='bbox 1661 1610 1750 1676; x_wconf 81' lang='lat' dir='ltr'>apuu.</span> <span class='ocrx_word' id='word_1_167' title='bbox 1763 1605 1844 1671; x_wconf 82' lang='lat' dir='ltr'>Quod</span> 
     </span>
     <span class='ocr_line' id='line_1_15' title="bbox 127 1673 1844 1754; baseline 0.002 -27"><span class='ocrx_word' id='word_1_168' title='bbox 127 1674 263 1728; x_wconf 74' lang='lat' dir='ltr'>Ecclesia</span> <span class='ocrx_word' id='word_1_169' title='bbox 276 1676 382 1728; x_wconf 86' lang='lat' dir='ltr'>in&#39;ortu</span> <span class='ocrx_word' id='word_1_170' title='bbox 395 1688 446 1728; x_wconf 89' lang='lat' dir='ltr'>suo</span> <span class='ocrx_word' id='word_1_171' title='bbox 456 1673 594 1743; x_wconf 76' lang='lat' dir='ltr'>aperietis</span> <span class='ocrx_word' id='word_1_172' title='bbox 613 1680 641 1726; x_wconf 91' lang='lat' dir='ltr'>et</span> <span class='ocrx_word' id='word_1_173' title='bbox 656 1674 833 1744; x_wconf 86' lang='lat' dir='ltr'>martyribus</span> <span class='ocrx_word' id='word_1_174' title='bbox 849 1673 987 1754; x_wconf 77' lang='lat' dir='ltr'>decorata</span> <span class='ocrx_word' id='word_1_175' title='bbox 1001 1675 1052 1727; x_wconf 89' lang='lat' dir='ltr'>est.</span> <span class='ocrx_word' id='word_1_176' title='bbox 1070 1674 1147 1754; x_wconf 74' lang='lat' dir='ltr'>Quod</span> <span class='ocrx_word' id='word_1_177' title='bbox 1162 1673 1193 1728; x_wconf 83' lang='lat' dir='ltr'>iu</span> <span class='ocrx_word' id='word_1_178' title='bbox 1202 1691 1285 1729; x_wconf 87' lang='lat' dir='ltr'>sacer</span> <span class='ocrx_word' id='word_1_179' title='bbox 1323 1675 1377 1728; x_wconf 85' lang='lat' dir='ltr'>tals</span> <span class='ocrx_word' id='word_1_180' title='bbox 1387 1674 1486 1742; x_wconf 80' lang='lat' dir='ltr'>officio</span> <span class='ocrx_word' id='word_1_181' title='bbox 1495 1679 1522 1728; x_wconf 90' lang='lat' dir='ltr'>ct</span> <span class='ocrx_word' id='word_1_182' title='bbox 1531 1675 1776 1747; x_wconf 75' lang='lat' dir='ltr'>elemosynarum</span> <span class='ocrx_word' id='word_1_183' title='bbox 1787 1677 1844 1730; x_wconf 72' lang='lat' dir='ltr'>dis</span> 
     </span>
     <span class='ocr_line' id='line_1_16' title="bbox 127 1744 1844 1814; baseline 0.003 -17"><span class='ocrx_word' id='word_1_184' title='bbox 127 1744 283 1799; x_wconf 67' lang='lat' dir='ltr'>triballeae</span> <span class='ocrx_word' id='word_1_185' title='bbox 295 1747 418 1798; x_wconf 88' lang='lat' dir='ltr'>ornatur</span> <span class='ocrx_word' id='word_1_186' title='bbox 432 1744 576 1798; x_wconf 86' lang='lat' dir='ltr'>Ecclesia.</span> <span class='ocrx_word' id='word_1_187' title='bbox 591 1746 631 1798; x_wconf 85' lang='lat' dir='ltr'>De</span> <span class='ocrx_word' id='word_1_188' title='bbox 641 1747 778 1800; x_wconf 86' lang='lat' dir='ltr'>materna</span> <span class='ocrx_word' id='word_1_189' title='bbox 789 1744 965 1814; x_wconf 81' lang='lat' dir='ltr'>benipnitate</span> <span class='ocrx_word' id='word_1_190' title='bbox 973 1745 1112 1800; x_wconf 74' lang='lat' dir='ltr'>Ecclesia.</span> <span class='ocrx_word' id='word_1_191' title='bbox 1124 1745 1203 1810; x_wconf 83' lang='lat' dir='ltr'>Quod</span> <span class='ocrx_word' id='word_1_192' title='bbox 1217 1745 1344 1801; x_wconf 77' lang='lat' dir='ltr'>Ecclesia</span> <span class='ocrx_word' id='word_1_193' title='bbox 1361 1745 1397 1798; x_wconf 86' lang='lat' dir='ltr'>ad</span> <span class='ocrx_word' id='word_1_194' title='bbox 1406 1745 1560 1799; x_wconf 86' lang='lat' dir='ltr'>candorem</span> <span class='ocrx_word' id='word_1_195' title='bbox 1574 1745 1774 1812; x_wconf 80' lang='lat' dir='ltr'>completionis</span> <span class='ocrx_word' id='word_1_196' title='bbox 1786 1763 1844 1802; x_wconf 80' lang='lat' dir='ltr'>sues</span> 
     </span>
     <span class='ocr_line' id='line_1_17' title="bbox 125 1813 1842 1894; baseline 0.002 -26"><span class='ocrx_word' id='word_1_197' title='bbox 125 1814 256 1869; x_wconf 72' lang='lat' dir='ltr'>wislam</span> <span class='ocrx_word' id='word_1_198' title='bbox 267 1815 396 1886; x_wconf 77' lang='lat' dir='ltr'>perfecta</span> <span class='ocrx_word' id='word_1_199' title='bbox 406 1814 485 1868; x_wconf 85' lang='lat' dir='ltr'>circa</span> <span class='ocrx_word' id='word_1_200' title='bbox 494 1817 605 1885; x_wconf 85' lang='lat' dir='ltr'>teinpus</span> <span class='ocrx_word' id='word_1_201' title='bbox 614 1813 673 1883; x_wconf 79' lang='lat' dir='ltr'>filii</span> <span class='ocrx_word' id='word_1_202' title='bbox 732 1814 852 1868; x_wconf 89' lang='lat' dir='ltr'>ditionis</span> <span class='ocrx_word' id='word_1_203' title='bbox 860 1815 901 1870; x_wconf 83' lang='lat' dir='ltr'>ad</span> <span class='ocrx_word' id='word_1_204' title='bbox 912 1815 1073 1886; x_wconf 73' lang='lat' dir='ltr'>perfectum</span> <span class='ocrx_word' id='word_1_205' title='bbox 1089 1815 1271 1894; x_wconf 87' lang='lat' dir='ltr'>perducetur.</span> <span class='ocrx_word' id='word_1_206' title='bbox 1286 1815 1426 1882; x_wconf 78' lang='lat' dir='ltr'>Quomodo</span> <span class='ocrx_word' id='word_1_207' title='bbox 1442 1816 1570 1871; x_wconf 80' lang='lat' dir='ltr'>Ecclesia</span> <span class='ocrx_word' id='word_1_208' title='bbox 1577 1815 1657 1885; x_wconf 80' lang='lat' dir='ltr'>filios</span> <span class='ocrx_word' id='word_1_209' title='bbox 1666 1833 1732 1871; x_wconf 85' lang='lat' dir='ltr'>siios</span> <span class='ocrx_word' id='word_1_210' title='bbox 1744 1817 1776 1871; x_wconf 90' lang='lat' dir='ltr'>in</span> <span class='ocrx_word' id='word_1_211' title='bbox 1786 1834 1842 1888; x_wconf 87' lang='lat' dir='ltr'>pu-</span> 
     </span>
     <span class='ocr_line' id='line_1_18' title="bbox 125 1884 1842 1955; baseline 0.001 -15"><span class='ocrx_word' id='word_1_212' title='bbox 125 1886 217 1940; x_wconf 89' lang='lat' dir='ltr'>ritate</span> <span class='ocrx_word' id='word_1_213' title='bbox 230 1884 409 1940; x_wconf 79' lang='lat' dir='ltr'>devotissime</span> <span class='ocrx_word' id='word_1_214' title='bbox 418 1885 510 1954; x_wconf 81' lang='lat' dir='ltr'>offert.</span> <span class='ocrx_word' id='word_1_215' title='bbox 529 1885 606 1955; x_wconf 79' lang='lat' dir='ltr'>Quod</span> <span class='ocrx_word' id='word_1_216' title='bbox 616 1887 670 1940; x_wconf 83' lang='lat' dir='ltr'>Ecc</span> <span class='ocrx_word' id='word_1_217' title='bbox 683 1884 773 1939; x_wconf 88' lang='lat' dir='ltr'>esiam</span> <span class='ocrx_word' id='word_1_218' title='bbox 782 1885 865 1939; x_wconf 90' lang='lat' dir='ltr'>nulla</span> <span class='ocrx_word' id='word_1_219' title='bbox 877 1885 1050 1954; x_wconf 71' lang='lat' dir='ltr'>peruersitas</span> <span class='ocrx_word' id='word_1_220' title='bbox 1064 1886 1210 1941; x_wconf 78' lang='lat' dir='ltr'>diabolicae</span> <span class='ocrx_word' id='word_1_221' title='bbox 1219 1885 1294 1942; x_wconf 88' lang='lat' dir='ltr'>artis</span> <span class='ocrx_word' id='word_1_222' title='bbox 1304 1886 1456 1942; x_wconf 74' lang='lat' dir='ltr'>siccatrare</span> <span class='ocrx_word' id='word_1_223' title='bbox 1469 1889 1572 1952; x_wconf 90' lang='lat' dir='ltr'>potest,</span> <span class='ocrx_word' id='word_1_224' title='bbox 1584 1887 1663 1953; x_wconf 86' lang='lat' dir='ltr'>Quod</span> <span class='ocrx_word' id='word_1_225' title='bbox 1671 1894 1782 1943; x_wconf 88' lang='lat' dir='ltr'>secreta</span> <span class='ocrx_word' id='word_1_226' title='bbox 1790 1891 1842 1942; x_wconf 82' lang='lat' dir='ltr'>Ec·</span> 
     </span>
     <span class='ocr_line' id='line_1_19' title="bbox 125 1954 1843 2014; baseline 0.002 -4"><span class='ocrx_word' id='word_1_227' title='bbox 125 1957 222 2010; x_wconf 84' lang='lat' dir='ltr'>clesiae</span> <span class='ocrx_word' id='word_1_228' title='bbox 232 1957 375 2010; x_wconf 76' lang='lat' dir='ltr'>sumaim</span> <span class='ocrx_word' id='word_1_229' title='bbox 388 1955 549 2010; x_wconf 86' lang='lat' dir='ltr'>intellectus</span> <span class='ocrx_word' id='word_1_230' title='bbox 563 1955 602 2009; x_wconf 90' lang='lat' dir='ltr'>ad</span> <span class='ocrx_word' id='word_1_231' title='bbox 629 1955 726 2009; x_wconf 85' lang='lat' dir='ltr'>lenum</span> <span class='ocrx_word' id='word_1_232' title='bbox 737 1954 906 2014; x_wconf 87' lang='lat' dir='ltr'>intuerinon</span> <span class='ocrx_word' id='word_1_233' title='bbox 916 1956 1003 2012; x_wconf 87' lang='lat' dir='ltr'>ualet.</span> <span class='ocrx_word' id='word_1_234' title='bbox 1014 1957 1055 2011; x_wconf 86' lang='lat' dir='ltr'>De</span> <span class='ocrx_word' id='word_1_235' title='bbox 1067 1956 1109 2010; x_wconf 91' lang='lat' dir='ltr'>oir</span> <span class='ocrx_word' id='word_1_236' title='bbox 1127 1957 1231 2012; x_wconf 84' lang='lat' dir='ltr'>initote</span> <span class='ocrx_word' id='word_1_237' title='bbox 1242 1959 1353 2012; x_wconf 82' lang='lat' dir='ltr'>Mariae.</span> <span class='ocrx_word' id='word_1_238' title='bbox 1367 1957 1408 2010; x_wconf 90' lang='lat' dir='ltr'>De</span> <span class='ocrx_word' id='word_1_239' title='bbox 1418 1956 1587 2012; x_wconf 86' lang='lat' dir='ltr'>dilatatione</span> <span class='ocrx_word' id='word_1_240' title='bbox 1594 1962 1843 2013; x_wconf 86' lang='lat' dir='ltr'>sacramentorum</span> 
     </span>
     <span class='ocr_line' id='line_1_20' title="bbox 125 1974 1843 2100; baseline 0.001 -18"><span class='ocrx_word' id='word_1_241' title='bbox 125 2043 198 2082; x_wconf 81' lang='lat' dir='ltr'>cere</span> <span class='ocrx_word' id='word_1_242' title='bbox 210 2026 372 2082; x_wconf 77' lang='lat' dir='ltr'>Trinitatis.</span> <span class='ocrx_word' id='word_1_243' title='bbox 386 2027 465 2093; x_wconf 84' lang='lat' dir='ltr'>Quod</span> <span class='ocrx_word' id='word_1_244' title='bbox 478 2025 581 2096; x_wconf 82' lang='lat' dir='ltr'>cuique</span> <span class='ocrx_word' id='word_1_245' title='bbox 614 2026 722 2080; x_wconf 81' lang='lat' dir='ltr'>delium</span> <span class='ocrx_word' id='word_1_246' title='bbox 731 2026 813 2081; x_wconf 87' lang='lat' dir='ltr'>adest</span> <span class='ocrx_word' id='word_1_247' title='bbox 820 2026 1014 2082; x_wconf 84' lang='lat' dir='ltr'>ministerium</span> <span class='ocrx_word' id='word_1_248' title='bbox 1025 1974 1203 2100; x_wconf 73' lang='lat' dir='ltr'>unpelIirum.</span> <span class='ocrx_word' id='word_1_249' title='bbox 1214 2031 1251 2082; x_wconf 87' lang='lat' dir='ltr'>De</span> <span class='ocrx_word' id='word_1_250' title='bbox 1261 2026 1299 2082; x_wconf 84' lang='lat' dir='ltr'>i&#39;is</span> <span class='ocrx_word' id='word_1_251' title='bbox 1308 2026 1361 2100; x_wconf 83' lang='lat' dir='ltr'>qui</span> <span class='ocrx_word' id='word_1_252' title='bbox 1371 2026 1401 2081; x_wconf 90' lang='lat' dir='ltr'>in</span> <span class='ocrx_word' id='word_1_253' title='bbox 1405 2027 1465 2097; x_wconf 80' lang='lat' dir='ltr'>fide</span> <span class='ocrx_word' id='word_1_254' title='bbox 1474 2031 1583 2084; x_wconf 85' lang='lat' dir='ltr'>sarictsi</span> <span class='ocrx_word' id='word_1_255' title='bbox 1595 2027 1747 2083; x_wconf 82' lang='lat' dir='ltr'>Trinitatis</span> <span class='ocrx_word' id='word_1_256' title='bbox 1756 2044 1843 2086; x_wconf 89' lang='lat' dir='ltr'>ama·</span> 
     </span>
     <span class='ocr_line' id='line_1_21' title="bbox 125 2095 1842 2178; baseline 0.001 -26"><span class='ocrx_word' id='word_1_257' title='bbox 125 2101 171 2152; x_wconf 90' lang='lat' dir='ltr'>tre</span> <span class='ocrx_word' id='word_1_258' title='bbox 181 2097 316 2152; x_wconf 78' lang='lat' dir='ltr'>Ecclesia</span> <span class='ocrx_word' id='word_1_259' title='bbox 327 2101 535 2168; x_wconf 78' lang='lat' dir='ltr'>repenerantur</span> <span class='ocrx_word' id='word_1_260' title='bbox 547 2095 613 2178; x_wconf 86' lang='lat' dir='ltr'>ipsa</span> <span class='ocrx_word' id='word_1_261' title='bbox 624 2098 738 2169; x_wconf 73' lang='lat' dir='ltr'>integra</span> <span class='ocrx_word' id='word_1_262' title='bbox 752 2099 948 2178; x_wconf 69' lang='lat' dir='ltr'>permanente.</span> <span class='ocrx_word' id='word_1_263' title='bbox 960 2097 1127 2178; x_wconf 62' lang='lat' dir='ltr'>Eiinilitude</span> <span class='ocrx_word' id='word_1_264' title='bbox 1140 2098 1175 2153; x_wconf 83' lang='lat' dir='ltr'>ds</span> <span class='ocrx_word' id='word_1_265' title='bbox 1188 2099 1317 2154; x_wconf 84' lang='lat' dir='ltr'>balsamo</span> <span class='ocrx_word' id='word_1_266' title='bbox 1339 2104 1368 2154; x_wconf 90' lang='lat' dir='ltr'>et</span> <span class='ocrx_word' id='word_1_267' title='bbox 1383 2097 1505 2168; x_wconf 76' lang='lat' dir='ltr'>onycino</span> <span class='ocrx_word' id='word_1_268' title='bbox 1514 2103 1541 2152; x_wconf 89' lang='lat' dir='ltr'>et</span> <span class='ocrx_word' id='word_1_269' title='bbox 1555 2098 1739 2154; x_wconf 78' lang='lat' dir='ltr'>carbunculo.</span> <span class='ocrx_word' id='word_1_270' title='bbox 1764 2099 1842 2166; x_wconf 84' lang='lat' dir='ltr'>Quod</span> 
     </span>
     <span class='ocr_line' id='line_1_22' title="bbox 126 2167 1842 2240; baseline 0.001 -17"><span class='ocrx_word' id='word_1_271' title='bbox 126 2167 299 2224; x_wconf 87' lang='lat' dir='ltr'>beatissima</span> <span class='ocrx_word' id='word_1_272' title='bbox 310 2167 475 2223; x_wconf 84' lang='lat' dir='ltr'>Trinitasin</span> <span class='ocrx_word' id='word_1_273' title='bbox 482 2168 633 2238; x_wconf 79' lang='lat' dir='ltr'>baptismo,</span> <span class='ocrx_word' id='word_1_274' title='bbox 644 2174 744 2239; x_wconf 88' lang='lat' dir='ltr'>aperto</span> <span class='ocrx_word' id='word_1_275' title='bbox 753 2167 821 2222; x_wconf 85' lang='lat' dir='ltr'>culo</span> <span class='ocrx_word' id='word_1_276' title='bbox 829 2167 982 2237; x_wconf 77' lang='lat' dir='ltr'>baptizatis</span> <span class='ocrx_word' id='word_1_277' title='bbox 991 2171 1114 2240; x_wconf 86' lang='lat' dir='ltr'>apparet</span> <span class='ocrx_word' id='word_1_278' title='bbox 1125 2172 1169 2224; x_wconf 88' lang='lat' dir='ltr'>:et</span> <span class='ocrx_word' id='word_1_279' title='bbox 1176 2168 1218 2224; x_wconf 84' lang='lat' dir='ltr'>eis</span> <span class='ocrx_word' id='word_1_280' title='bbox 1228 2169 1406 2238; x_wconf 75' lang='lat' dir='ltr'>nigredinem</span> <span class='ocrx_word' id='word_1_281' title='bbox 1414 2171 1597 2240; x_wconf 87' lang='lat' dir='ltr'>peccatorum</span> <span class='ocrx_word' id='word_1_282' title='bbox 1606 2170 1776 2224; x_wconf 73' lang='lat' dir='ltr'>abstrahens</span> <span class='ocrx_word' id='word_1_283' title='bbox 1783 2170 1842 2225; x_wconf 85' lang='lat' dir='ltr'>sin·</span> 
     </span>
     <span class='ocr_line' id='line_1_23' title="bbox 123 2237 1842 2312; baseline 0.002 -19"><span class='ocrx_word' id='word_1_284' title='bbox 123 2239 210 2311; x_wconf 79' lang='lat' dir='ltr'>pulos</span> <span class='ocrx_word' id='word_1_285' title='bbox 223 2238 348 2293; x_wconf 86' lang='lat' dir='ltr'>candida</span> <span class='ocrx_word' id='word_1_286' title='bbox 369 2243 445 2293; x_wconf 80' lang='lat' dir='ltr'>ueste</span> <span class='ocrx_word' id='word_1_287' title='bbox 465 2237 569 2293; x_wconf 86' lang='lat' dir='ltr'>induit.</span> <span class='ocrx_word' id='word_1_288' title='bbox 586 2241 625 2294; x_wconf 86' lang='lat' dir='ltr'>De</span> <span class='ocrx_word' id='word_1_289' title='bbox 642 2238 823 2310; x_wconf 81' lang='lat' dir='ltr'>querimonia</span> <span class='ocrx_word' id='word_1_290' title='bbox 837 2238 966 2294; x_wconf 80' lang='lat' dir='ltr'>Ecclesia</span> <span class='ocrx_word' id='word_1_291' title='bbox 986 2255 1074 2310; x_wconf 88' lang='lat' dir='ltr'>super</span> <span class='ocrx_word' id='word_1_292' title='bbox 1088 2254 1187 2294; x_wconf 84' lang='lat' dir='ltr'>errore</span> <span class='ocrx_word' id='word_1_293' title='bbox 1206 2239 1345 2308; x_wconf 79' lang='lat' dir='ltr'>filiorum.</span> <span class='ocrx_word' id='word_1_294' title='bbox 1367 2239 1444 2308; x_wconf 81' lang='lat' dir='ltr'>Quod</span> <span class='ocrx_word' id='word_1_295' title='bbox 1458 2239 1514 2294; x_wconf 89' lang='lat' dir='ltr'>duo</span> <span class='ocrx_word' id='word_1_296' title='bbox 1534 2239 1617 2312; x_wconf 82' lang='lat' dir='ltr'>sipna</span> <span class='ocrx_word' id='word_1_297' title='bbox 1642 2239 1750 2295; x_wconf 86' lang='lat' dir='ltr'>tradita</span> <span class='ocrx_word' id='word_1_298' title='bbox 1771 2244 1842 2296; x_wconf 87' lang='lat' dir='ltr'>suut</span> 
     </span>
     <span class='ocr_line' id='line_1_24' title="bbox 127 2309 1840 2382; baseline 0.001 -17"><span class='ocrx_word' id='word_1_299' title='bbox 127 2310 290 2365; x_wconf 82' lang='lat' dir='ltr'>bominibus</span> <span class='ocrx_word' id='word_1_300' title='bbox 304 2309 343 2365; x_wconf 85' lang='lat' dir='ltr'>ad</span> <span class='ocrx_word' id='word_1_301' title='bbox 366 2309 576 2375; x_wconf 74' lang='lat' dir='ltr'>defendendum</span> <span class='ocrx_word' id='word_1_302' title='bbox 592 2325 632 2365; x_wconf 89' lang='lat' dir='ltr'>se.</span> <span class='ocrx_word' id='word_1_303' title='bbox 649 2309 811 2365; x_wconf 78' lang='lat' dir='ltr'>Similitudo</span> <span class='ocrx_word' id='word_1_304' title='bbox 833 2309 986 2378; x_wconf 78' lang='lat' dir='ltr'>dejiciens.</span> <span class='ocrx_word' id='word_1_305' title='bbox 1006 2311 1101 2376; x_wconf 85' lang='lat' dir='ltr'>Quare</span> <span class='ocrx_word' id='word_1_306' title='bbox 1116 2310 1186 2364; x_wconf 75' lang='lat' dir='ltr'>Ades</span> <span class='ocrx_word' id='word_1_307' title='bbox 1207 2327 1264 2364; x_wconf 85' lang='lat' dir='ltr'>non</span> <span class='ocrx_word' id='word_1_308' title='bbox 1279 2315 1342 2364; x_wconf 90' lang='lat' dir='ltr'>erat</span> <span class='ocrx_word' id='word_1_309' title='bbox 1363 2309 1461 2364; x_wconf 86' lang='lat' dir='ltr'>danda</span> <span class='ocrx_word' id='word_1_310' title='bbox 1485 2310 1590 2382; x_wconf 75' lang='lat' dir='ltr'>duplex</span> <span class='ocrx_word' id='word_1_311' title='bbox 1615 2310 1670 2366; x_wconf 80' lang='lat' dir='ltr'>les.</span> <span class='ocrx_word' id='word_1_312' title='bbox 1691 2311 1771 2376; x_wconf 88' lang='lat' dir='ltr'>Quod</span> <span class='ocrx_word' id='word_1_313' title='bbox 1788 2311 1840 2366; x_wconf 86' lang='lat' dir='ltr'>ad·</span> 
     </span>
     <span class='ocr_line' id='line_1_25' title="bbox 126 2379 1846 2452; baseline 0.001 -17"><span class='ocrx_word' id='word_1_314' title='bbox 126 2379 352 2436; x_wconf 87' lang='lat' dir='ltr'>moniticsancti</span> <span class='ocrx_word' id='word_1_315' title='bbox 372 2379 503 2451; x_wconf 82' lang='lat' dir='ltr'>Spiritus</span> <span class='ocrx_word' id='word_1_316' title='bbox 516 2396 673 2451; x_wconf 80' lang='lat' dir='ltr'>apparens.</span> <span class='ocrx_word' id='word_1_317' title='bbox 690 2380 857 2436; x_wconf 82' lang='lat' dir='ltr'>minabatur</span> <span class='ocrx_word' id='word_1_318' title='bbox 870 2380 990 2452; x_wconf 79' lang='lat' dir='ltr'>antiquo</span> <span class='ocrx_word' id='word_1_319' title='bbox 998 2379 1126 2451; x_wconf 85' lang='lat' dir='ltr'>serpenti</span> <span class='ocrx_word' id='word_1_320' title='bbox 1144 2381 1176 2434; x_wconf 88' lang='lat' dir='ltr'>in</span> <span class='ocrx_word' id='word_1_321' title='bbox 1188 2381 1263 2442; x_wconf 88' lang='lat' dir='ltr'>Noe,</span> <span class='ocrx_word' id='word_1_322' title='bbox 1286 2379 1465 2436; x_wconf 86' lang='lat' dir='ltr'>circumcisio</span> <span class='ocrx_word' id='word_1_323' title='bbox 1491 2379 1634 2452; x_wconf 82' lang='lat' dir='ltr'>percussit</span> <span class='ocrx_word' id='word_1_324' title='bbox 1648 2397 1712 2436; x_wconf 88' lang='lat' dir='ltr'>eum</span> <span class='ocrx_word' id='word_1_325' title='bbox 1725 2382 1757 2437; x_wconf 90' lang='lat' dir='ltr'>in</span> <span class='ocrx_word' id='word_1_326' title='bbox 1784 2399 1846 2437; x_wconf 89' lang='lat' dir='ltr'>ma-</span> 
     </span>
     <span class='ocr_line' id='line_1_26' title="bbox 125 2449 1846 2578; baseline 0.001 -72"><span class='ocrx_word' id='word_1_327' title='bbox 125 2452 203 2506; x_wconf 74' lang='lat' dir='ltr'>xilla</span> <span class='ocrx_word' id='word_1_328' title='bbox 215 2453 251 2508; x_wconf 87' lang='lat' dir='ltr'>iii</span> <span class='ocrx_word' id='word_1_329' title='bbox 264 2451 423 2533; x_wconf 68' lang='lat' dir='ltr'>Abrabam,</span> <span class='ocrx_word' id='word_1_330' title='bbox 438 2449 568 2532; x_wconf 75' lang='lat' dir='ltr'>Ecclesia</span> <span class='ocrx_word' id='word_1_331' title='bbox 586 2449 687 2522; x_wconf 74' lang='lat' dir='ltr'>ligauit</span> <span class='ocrx_word' id='word_1_332' title='bbox 700 2467 774 2506; x_wconf 81' lang='lat' dir='ltr'>suin.</span> <span class='ocrx_word' id='word_1_333' title='bbox 797 2451 840 2504; x_wconf 86' lang='lat' dir='ltr'>De</span> <span class='ocrx_word' id='word_1_334' title='bbox 851 2450 940 2507; x_wconf 88' lang='lat' dir='ltr'>tribus</span> <span class='ocrx_word' id='word_1_335' title='bbox 955 2450 1014 2531; x_wconf 78' lang='lat' dir='ltr'>alis</span> <span class='ocrx_word' id='word_1_336' title='bbox 1034 2450 1106 2521; x_wconf 84' lang='lat' dir='ltr'>quid</span> <span class='ocrx_word' id='word_1_337' title='bbox 1117 2449 1290 2532; x_wconf 69' lang='lat' dir='ltr'>significent.</span> <span class='ocrx_word' id='word_1_338' title='bbox 1302 2452 1390 2532; x_wconf 38' lang='lat' dir='ltr'>&#39;Quod</span> <span class='ocrx_word' id='word_1_339' title='bbox 1405 2452 1529 2531; x_wconf 84' lang='lat' dir='ltr'>masculi</span> <span class='ocrx_word' id='word_1_340' title='bbox 1541 2451 1632 2578; x_wconf 52' lang='lat' dir='ltr'>giiii</span> <span class='ocrx_word' id='word_1_341' title='bbox 1648 2455 1776 2524; x_wconf 89' lang='lat' dir='ltr'>tempore</span> <span class='ocrx_word' id='word_1_342' title='bbox 1791 2451 1846 2508; x_wconf 87' lang='lat' dir='ltr'>eir·</span> 
     </span>
     <span class='ocr_line' id='line_1_27' title="bbox 125 2520 1846 2593; baseline 0.001 -17"><span class='ocrx_word' id='word_1_343' title='bbox 125 2538 322 2590; x_wconf 72' lang='lat' dir='ltr'>cumciswms,</span> <span class='ocrx_word' id='word_1_344' title='bbox 333 2537 494 2577; x_wconf 84' lang='lat' dir='ltr'>circumcisi</span> <span class='ocrx_word' id='word_1_345' title='bbox 522 2538 580 2576; x_wconf 92' lang='lat' dir='ltr'>non</span> <span class='ocrx_word' id='word_1_346' title='bbox 602 2525 679 2588; x_wconf 86' lang='lat' dir='ltr'>sunt,</span> <span class='ocrx_word' id='word_1_347' title='bbox 703 2525 930 2593; x_wconf 70' lang='lat' dir='ltr'>transgressores</span> <span class='ocrx_word' id='word_1_348' title='bbox 950 2520 1024 2588; x_wconf 85' lang='lat' dir='ltr'>lepis</span> <span class='ocrx_word' id='word_1_349' title='bbox 1043 2521 1169 2584; x_wconf 78' lang='lat' dir='ltr'>suerunt.</span> <span class='ocrx_word' id='word_1_350' title='bbox 1188 2523 1269 2578; x_wconf 88' lang='lat' dir='ltr'>Sicut</span> <span class='ocrx_word' id='word_1_351' title='bbox 1295 2537 1327 2576; x_wconf 84' lang='lat' dir='ltr'>iii</span> <span class='ocrx_word' id='word_1_352' title='bbox 1350 2538 1418 2577; x_wconf 90' lang='lat' dir='ltr'>crea</span> <span class='ocrx_word' id='word_1_353' title='bbox 1431 2524 1538 2576; x_wconf 78' lang='lat' dir='ltr'>ioned</span> <span class='ocrx_word' id='word_1_354' title='bbox 1607 2526 1663 2578; x_wconf 89' lang='lat' dir='ltr'>tres</span> <span class='ocrx_word' id='word_1_355' title='bbox 1689 2539 1782 2578; x_wconf 80' lang='lat' dir='ltr'>cause</span> <span class='ocrx_word' id='word_1_356' title='bbox 1799 2523 1846 2578; x_wconf 85' lang='lat' dir='ltr'>de·</span> 
     </span>
     <span class='ocr_line' id='line_1_28' title="bbox 124 2589 1846 2664; baseline 0.001 -18"><span class='ocrx_word' id='word_1_357' title='bbox 124 2596 249 2664; x_wconf 79' lang='lat' dir='ltr'>sipriate</span> <span class='ocrx_word' id='word_1_358' title='bbox 261 2597 338 2660; x_wconf 90' lang='lat' dir='ltr'>sunt,</span> <span class='ocrx_word' id='word_1_359' title='bbox 354 2593 397 2647; x_wconf 89' lang='lat' dir='ltr'>ita</span> <span class='ocrx_word' id='word_1_360' title='bbox 410 2591 499 2648; x_wconf 87' lang='lat' dir='ltr'>etiam</span> <span class='ocrx_word' id='word_1_361' title='bbox 515 2595 572 2646; x_wconf 90' lang='lat' dir='ltr'>tres</span> <span class='ocrx_word' id='word_1_362' title='bbox 583 2608 676 2648; x_wconf 80' lang='lat' dir='ltr'>cause</span> <span class='ocrx_word' id='word_1_363' title='bbox 686 2595 754 2648; x_wconf 90' lang='lat' dir='ltr'>sunt</span> <span class='ocrx_word' id='word_1_364' title='bbox 787 2591 819 2646; x_wconf 89' lang='lat' dir='ltr'>in</span> <span class='ocrx_word' id='word_1_365' title='bbox 837 2589 1130 2662; x_wconf 87' lang='lat' dir='ltr'>oirainpracreandis</span> <span class='ocrx_word' id='word_1_366' title='bbox 1151 2591 1235 2661; x_wconf 81' lang='lat' dir='ltr'>filiis.</span> <span class='ocrx_word' id='word_1_367' title='bbox 1268 2591 1347 2658; x_wconf 85' lang='lat' dir='ltr'>Quod</span> <span class='ocrx_word' id='word_1_368' title='bbox 1367 2609 1416 2646; x_wconf 92' lang='lat' dir='ltr'>mu</span> <span class='ocrx_word' id='word_1_369' title='bbox 1429 2591 1472 2646; x_wconf 90' lang='lat' dir='ltr'>ier</span> <span class='ocrx_word' id='word_1_370' title='bbox 1494 2591 1526 2646; x_wconf 84' lang='lat' dir='ltr'>iii</span> <span class='ocrx_word' id='word_1_371' title='bbox 1558 2609 1656 2648; x_wconf 88' lang='lat' dir='ltr'>amore</span> <span class='ocrx_word' id='word_1_372' title='bbox 1679 2594 1729 2648; x_wconf 88' lang='lat' dir='ltr'>llei</span> <span class='ocrx_word' id='word_1_373' title='bbox 1754 2594 1846 2650; x_wconf 64' lang='lat' dir='ltr'>obser</span> 
     </span>
     <span class='ocr_line' id='line_1_29' title="bbox 126 2659 1890 2736; baseline 0.001 -18"><span class='ocrx_word' id='word_1_374' title='bbox 126 2680 202 2718; x_wconf 90' lang='lat' dir='ltr'>uans</span> <span class='ocrx_word' id='word_1_375' title='bbox 213 2664 411 2736; x_wconf 73' lang='lat' dir='ltr'>virginitatem</span> <span class='ocrx_word' id='word_1_376' title='bbox 432 2679 516 2717; x_wconf 77' lang='lat' dir='ltr'>mium</span> <span class='ocrx_word' id='word_1_377' title='bbox 529 2662 614 2718; x_wconf 89' lang='lat' dir='ltr'>ualde</span> <span class='ocrx_word' id='word_1_378' title='bbox 634 2667 794 2718; x_wconf 84' lang='lat' dir='ltr'>ornatura</span> <span class='ocrx_word' id='word_1_379' title='bbox 814 2664 881 2717; x_wconf 86' lang='lat' dir='ltr'>Deo.</span> <span class='ocrx_word' id='word_1_380' title='bbox 899 2661 979 2728; x_wconf 85' lang='lat' dir='ltr'>Quod</span> <span class='ocrx_word' id='word_1_381' title='bbox 993 2659 1037 2716; x_wconf 84' lang='lat' dir='ltr'>eir</span> <span class='ocrx_word' id='word_1_382' title='bbox 1063 2678 1201 2717; x_wconf 86' lang='lat' dir='ltr'>recusans</span> <span class='ocrx_word' id='word_1_383' title='bbox 1225 2662 1406 2718; x_wconf 88' lang='lat' dir='ltr'>matrimonii</span> <span class='ocrx_word' id='word_1_384' title='bbox 1427 2663 1600 2718; x_wconf 77' lang='lat' dir='ltr'>coinsertium</span> <span class='ocrx_word' id='word_1_385' title='bbox 1614 2663 1645 2718; x_wconf 88' lang='lat' dir='ltr'>in</span> <span class='ocrx_word' id='word_1_386' title='bbox 1664 2680 1763 2719; x_wconf 77' lang='lat' dir='ltr'>aurore</span> <span class='ocrx_word' id='word_1_387' title='bbox 1783 2664 1845 2732; x_wconf 86' lang='lat' dir='ltr'>Dei,</span> <span class='ocrx_word' id='word_1_388' title='bbox 1886 2699 1890 2708; x_wconf 86' lang='lat'><strong>·</strong></span> 
     </span>
     <span class='ocr_line' id='line_1_30' title="bbox 126 2731 1846 2814; baseline 0.001 -25"><span class='ocrx_word' id='word_1_389' title='bbox 126 2751 246 2789; x_wconf 86' lang='lat' dir='ltr'>consors</span> <span class='ocrx_word' id='word_1_390' title='bbox 260 2735 332 2789; x_wconf 79' lang='lat' dir='ltr'>Filii</span> <span class='ocrx_word' id='word_1_391' title='bbox 345 2734 546 2803; x_wconf 82' lang='lat' dir='ltr'>Deiesficitur.</span> <span class='ocrx_word' id='word_1_392' title='bbox 580 2733 675 2788; x_wconf 85' lang='lat' dir='ltr'>Verba</span> <span class='ocrx_word' id='word_1_393' title='bbox 689 2734 774 2789; x_wconf 81' lang='lat' dir='ltr'>Isaiae</span> <span class='ocrx_word' id='word_1_394' title='bbox 786 2735 938 2814; x_wconf 76' lang='lat' dir='ltr'>propbeta.</span> <span class='ocrx_word' id='word_1_395' title='bbox 963 2733 1045 2797; x_wconf 84' lang='lat' dir='ltr'>Quod</span> <span class='ocrx_word' id='word_1_396' title='bbox 1061 2748 1147 2792; x_wconf 86' lang='lat' dir='ltr'>casus</span> <span class='ocrx_word' id='word_1_397' title='bbox 1160 2733 1345 2814; x_wconf 68' lang='lat' dir='ltr'>Aduolausit</span> <span class='ocrx_word' id='word_1_398' title='bbox 1359 2731 1470 2814; x_wconf 76' lang='lat' dir='ltr'>bomini</span> <span class='ocrx_word' id='word_1_399' title='bbox 1484 2734 1594 2801; x_wconf 80' lang='lat' dir='ltr'>calum,</span> <span class='ocrx_word' id='word_1_400' title='bbox 1626 2749 1687 2814; x_wconf 81' lang='lat' dir='ltr'>quei</span> <span class='ocrx_word' id='word_1_401' title='bbox 1705 2734 1846 2790; x_wconf 88' lang='lat' dir='ltr'>clausura</span> 
     </span>
     <span class='ocr_line' id='line_1_31' title="bbox 125 2803 1847 2885; baseline 0.001 -26"><span class='ocrx_word' id='word_1_402' title='bbox 125 2805 247 2861; x_wconf 86' lang='lat' dir='ltr'>durarit</span> <span class='ocrx_word' id='word_1_403' title='bbox 270 2806 409 2876; x_wconf 80' lang='lat' dir='ltr'>usquead</span> <span class='ocrx_word' id='word_1_404' title='bbox 430 2804 535 2860; x_wconf 84' lang='lat' dir='ltr'>Filium</span> <span class='ocrx_word' id='word_1_405' title='bbox 551 2804 609 2859; x_wconf 87' lang='lat' dir='ltr'>llei.</span> <span class='ocrx_word' id='word_1_406' title='bbox 639 2804 735 2859; x_wconf 87' lang='lat' dir='ltr'>Verba</span> <span class='ocrx_word' id='word_1_407' title='bbox 754 2803 912 2885; x_wconf 77' lang='lat' dir='ltr'>Ecanpelii.</span> <span class='ocrx_word' id='word_1_408' title='bbox 924 2803 1037 2885; x_wconf 35' lang='lat' dir='ltr'>‚Vasa</span> <span class='ocrx_word' id='word_1_409' title='bbox 1056 2803 1235 2884; x_wconf 79' lang='lat' dir='ltr'>euliortantis</span> <span class='ocrx_word' id='word_1_410' title='bbox 1245 2805 1313 2884; x_wconf 70' lang='lat' dir='ltr'>Ilei.</span> <span class='ocrx_word' id='word_1_411' title='bbox 1338 2803 1419 2869; x_wconf 84' lang='lat' dir='ltr'>Quod</span> <span class='ocrx_word' id='word_1_412' title='bbox 1442 2820 1475 2858; x_wconf 88' lang='lat' dir='ltr'>in</span> <span class='ocrx_word' id='word_1_413' title='bbox 1496 2805 1712 2885; x_wconf 70' lang='lat' dir='ltr'>circumcisione</span> <span class='ocrx_word' id='word_1_414' title='bbox 1725 2805 1847 2862; x_wconf 78' lang='lat' dir='ltr'>Abraluu</span> 
     </span>
     <span class='ocr_line' id='line_1_32' title="bbox 126 2873 1847 2947; baseline 0 -17"><span class='ocrx_word' id='word_1_415' title='bbox 126 2877 290 2932; x_wconf 86' lang='lat' dir='ltr'>membrum</span> <span class='ocrx_word' id='word_1_416' title='bbox 303 2892 403 2944; x_wconf 88' lang='lat' dir='ltr'>unum,</span> <span class='ocrx_word' id='word_1_417' title='bbox 415 2875 448 2929; x_wconf 92' lang='lat' dir='ltr'>in</span> <span class='ocrx_word' id='word_1_418' title='bbox 459 2875 602 2947; x_wconf 86' lang='lat' dir='ltr'>baptismo</span> <span class='ocrx_word' id='word_1_419' title='bbox 615 2878 713 2930; x_wconf 89' lang='lat' dir='ltr'>autem</span> <span class='ocrx_word' id='word_1_420' title='bbox 728 2875 837 2930; x_wconf 75' lang='lat' dir='ltr'>Christi</span> <span class='ocrx_word' id='word_1_421' title='bbox 852 2889 949 2930; x_wconf 82' lang='lat' dir='ltr'>arania</span> <span class='ocrx_word' id='word_1_422' title='bbox 972 2873 1101 2930; x_wconf 87' lang='lat' dir='ltr'>membra</span> <span class='ocrx_word' id='word_1_423' title='bbox 1115 2875 1369 2931; x_wconf 88' lang='lat' dir='ltr'>circumciduntur.</span> <span class='ocrx_word' id='word_1_424' title='bbox 1392 2874 1487 2930; x_wconf 87' lang='lat' dir='ltr'>Verba</span> <span class='ocrx_word' id='word_1_425' title='bbox 1499 2874 1662 2942; x_wconf 85' lang='lat' dir='ltr'>Eeanpelii.</span> <span class='ocrx_word' id='word_1_426' title='bbox 1678 2875 1755 2942; x_wconf 83' lang='lat' dir='ltr'>Quod</span> <span class='ocrx_word' id='word_1_427' title='bbox 1767 2877 1847 2932; x_wconf 85' lang='lat' dir='ltr'>omni</span> 
     </span>
     <span class='ocr_line' id='line_1_33' title="bbox 128 2943 1847 3028; baseline 0.001 -27"><span class='ocrx_word' id='word_1_428' title='bbox 128 2952 257 3019; x_wconf 89' lang='lat' dir='ltr'>tempore</span> <span class='ocrx_word' id='word_1_429' title='bbox 270 2951 298 3000; x_wconf 90' lang='lat' dir='ltr'>et</span> <span class='ocrx_word' id='word_1_430' title='bbox 308 2947 386 3001; x_wconf 91' lang='lat' dir='ltr'>omni</span> <span class='ocrx_word' id='word_1_431' title='bbox 399 2950 480 3002; x_wconf 77' lang='lat' dir='ltr'>etate</span> <span class='ocrx_word' id='word_1_432' title='bbox 495 2963 608 3027; x_wconf 79' lang='lat' dir='ltr'>omnem</span> <span class='ocrx_word' id='word_1_433' title='bbox 619 2961 728 3026; x_wconf 77' lang='lat' dir='ltr'>senum,</span> <span class='ocrx_word' id='word_1_434' title='bbox 741 2944 852 3001; x_wconf 89' lang='lat' dir='ltr'>scilicet</span> <span class='ocrx_word' id='word_1_435' title='bbox 866 2945 1029 3025; x_wconf 79' lang='lat' dir='ltr'>masculum</span> <span class='ocrx_word' id='word_1_436' title='bbox 1042 2948 1069 3000; x_wconf 89' lang='lat' dir='ltr'>et</span> <span class='ocrx_word' id='word_1_437' title='bbox 1081 2945 1221 3026; x_wconf 67' lang='lat' dir='ltr'>seminam</span> <span class='ocrx_word' id='word_1_438' title='bbox 1239 2945 1271 3000; x_wconf 87' lang='lat' dir='ltr'>i&#39;n</span> <span class='ocrx_word' id='word_1_439' title='bbox 1283 2943 1427 3018; x_wconf 87' lang='lat' dir='ltr'>baptismo</span> <span class='ocrx_word' id='word_1_440' title='bbox 1445 2945 1495 3017; x_wconf 87' lang='lat' dir='ltr'>pie</span> <span class='ocrx_word' id='word_1_441' title='bbox 1525 2947 1602 3000; x_wconf 87' lang='lat' dir='ltr'>Deus</span> <span class='ocrx_word' id='word_1_442' title='bbox 1619 2945 1749 3028; x_wconf 82' lang='lat' dir='ltr'>suscipit.</span> <span class='ocrx_word' id='word_1_443' title='bbox 1769 2947 1847 3014; x_wconf 82' lang='lat' dir='ltr'>Quod</span> 
     </span>
     <span class='ocr_line' id='line_1_34' title="bbox 127 3015 1846 3088; baseline 0 -16"><span class='ocrx_word' id='word_1_444' title='bbox 127 3025 187 3073; x_wconf 87' lang='lat' dir='ltr'>tres</span> <span class='ocrx_word' id='word_1_445' title='bbox 199 3019 231 3072; x_wconf 88' lang='lat' dir='ltr'>in</span> <span class='ocrx_word' id='word_1_446' title='bbox 243 3018 348 3073; x_wconf 83' lang='lat' dir='ltr'>bonore</span> <span class='ocrx_word' id='word_1_447' title='bbox 371 3020 478 3071; x_wconf 81' lang='lat' dir='ltr'>sancta</span> <span class='ocrx_word' id='word_1_448' title='bbox 494 3017 649 3072; x_wconf 78' lang='lat' dir='ltr'>Trinitatis</span> <span class='ocrx_word' id='word_1_449' title='bbox 672 3018 774 3071; x_wconf 84' lang='lat' dir='ltr'>adesse</span> <span class='ocrx_word' id='word_1_450' title='bbox 787 3016 889 3070; x_wconf 88' lang='lat' dir='ltr'>debent</span> <span class='ocrx_word' id='word_1_451' title='bbox 902 3015 1087 3087; x_wconf 80' lang='lat' dir='ltr'>baptizando,</span> <span class='ocrx_word' id='word_1_452' title='bbox 1114 3015 1246 3071; x_wconf 80' lang='lat' dir='ltr'>videlicet</span> <span class='ocrx_word' id='word_1_453' title='bbox 1267 3016 1404 3072; x_wconf 84' lang='lat' dir='ltr'>sacerdus</span> <span class='ocrx_word' id='word_1_454' title='bbox 1428 3023 1455 3070; x_wconf 90' lang='lat' dir='ltr'>et</span> <span class='ocrx_word' id='word_1_455' title='bbox 1468 3016 1525 3071; x_wconf 91' lang='lat' dir='ltr'>duo</span> <span class='ocrx_word' id='word_1_456' title='bbox 1539 3016 1590 3088; x_wconf 86' lang='lat' dir='ltr'>qui</span> <span class='ocrx_word' id='word_1_457' title='bbox 1614 3033 1666 3087; x_wconf 90' lang='lat' dir='ltr'>pro</span> <span class='ocrx_word' id='word_1_458' title='bbox 1694 3017 1745 3074; x_wconf 88' lang='lat' dir='ltr'>illo</span> <span class='ocrx_word' id='word_1_459' title='bbox 1757 3017 1846 3086; x_wconf 70' lang='lat' dir='ltr'>fidem</span> 
     </span>
     <span class='ocr_line' id='line_1_35' title="bbox 125 3085 1846 3159; baseline 0 -17"><span class='ocrx_word' id='word_1_460' title='bbox 125 3090 298 3159; x_wconf 81' lang='lat' dir='ltr'>spondeant,</span> <span class='ocrx_word' id='word_1_461' title='bbox 313 3092 342 3155; x_wconf 78' lang='lat' dir='ltr'>et</span> <span class='ocrx_word' id='word_1_462' title='bbox 354 3087 405 3143; x_wconf 87' lang='lat' dir='ltr'>isti</span> <span class='ocrx_word' id='word_1_463' title='bbox 418 3087 511 3142; x_wconf 80' lang='lat' dir='ltr'>sideru</span> <span class='ocrx_word' id='word_1_464' title='bbox 525 3087 670 3158; x_wconf 81' lang='lat' dir='ltr'>baptizato</span> <span class='ocrx_word' id='word_1_465' title='bbox 685 3085 801 3142; x_wconf 72' lang='lat' dir='ltr'>causati</span> <span class='ocrx_word' id='word_1_466' title='bbox 811 3086 915 3158; x_wconf 89' lang='lat' dir='ltr'>copula</span> <span class='ocrx_word' id='word_1_467' title='bbox 929 3102 987 3141; x_wconf 88' lang='lat' dir='ltr'>non</span> <span class='ocrx_word' id='word_1_468' title='bbox 1000 3085 1247 3141; x_wconf 86' lang='lat' dir='ltr'>commisceantur.</span> <span class='ocrx_word' id='word_1_469' title='bbox 1265 3085 1453 3158; x_wconf 78' lang='lat' dir='ltr'>Comparatio</span> <span class='ocrx_word' id='word_1_470' title='bbox 1467 3087 1502 3141; x_wconf 83' lang='lat' dir='ltr'>ile</span> <span class='ocrx_word' id='word_1_471' title='bbox 1516 3086 1640 3157; x_wconf 87' lang='lat' dir='ltr'>infante.</span> <span class='ocrx_word' id='word_1_472' title='bbox 1658 3088 1736 3154; x_wconf 82' lang='lat' dir='ltr'>Quod</span> <span class='ocrx_word' id='word_1_473' title='bbox 1749 3087 1846 3143; x_wconf 91' lang='lat' dir='ltr'>omnia</span> 
     </span>
     <span class='ocr_line' id='line_1_36' title="bbox 124 3157 1846 3231; baseline 0.001 -18"><span class='ocrx_word' id='word_1_474' title='bbox 124 3158 294 3231; x_wconf 87' lang='lat' dir='ltr'>peccatain</span> <span class='ocrx_word' id='word_1_475' title='bbox 309 3158 451 3231; x_wconf 88' lang='lat' dir='ltr'>baptismo</span> <span class='ocrx_word' id='word_1_476' title='bbox 465 3159 662 3214; x_wconf 71' lang='lat' dir='ltr'>remittuntur.</span> <span class='ocrx_word' id='word_1_477' title='bbox 678 3158 757 3226; x_wconf 72' lang='lat' dir='ltr'>Quod</span> <span class='ocrx_word' id='word_1_478' title='bbox 772 3157 906 3228; x_wconf 83' lang='lat' dir='ltr'>quamuis</span> <span class='ocrx_word' id='word_1_479' title='bbox 929 3157 1065 3212; x_wconf 67' lang='lat' dir='ltr'>sacmdm</span> <span class='ocrx_word' id='word_1_480' title='bbox 1076 3162 1212 3229; x_wconf 88' lang='lat' dir='ltr'>peccator</span> <span class='ocrx_word' id='word_1_481' title='bbox 1224 3158 1274 3226; x_wconf 84' lang='lat' dir='ltr'>sit,</span> <span class='ocrx_word' id='word_1_482' title='bbox 1287 3163 1387 3213; x_wconf 86' lang='lat' dir='ltr'>tamen</span> <span class='ocrx_word' id='word_1_483' title='bbox 1411 3157 1690 3226; x_wconf 65' lang='lat' dir='ltr'>orfidumbaptismi</span> <span class='ocrx_word' id='word_1_484' title='bbox 1713 3163 1785 3214; x_wconf 83' lang='lat' dir='ltr'>usus</span> <span class='ocrx_word' id='word_1_485' title='bbox 1808 3159 1846 3214; x_wconf 91' lang='lat' dir='ltr'>ab</span> 
     </span>
     <span class='ocr_line' id='line_1_37' title="bbox 125 3227 1847 3300; baseline 0.001 -15"><span class='ocrx_word' id='word_1_486' title='bbox 125 3246 160 3285; x_wconf 90' lang='lat' dir='ltr'>eo</span> <span class='ocrx_word' id='word_1_487' title='bbox 173 3230 307 3300; x_wconf 75' lang='lat' dir='ltr'>sucipit.</span> <span class='ocrx_word' id='word_1_488' title='bbox 323 3227 492 3284; x_wconf 86' lang='lat' dir='ltr'>Similitudo</span> <span class='ocrx_word' id='word_1_489' title='bbox 505 3229 542 3286; x_wconf 80' lang='lat' dir='ltr'>ue</span> <span class='ocrx_word' id='word_1_490' title='bbox 569 3228 665 3285; x_wconf 89' lang='lat' dir='ltr'>divite.</span> <span class='ocrx_word' id='word_1_491' title='bbox 680 3230 718 3283; x_wconf 84' lang='lat' dir='ltr'>Iri</span> <span class='ocrx_word' id='word_1_492' title='bbox 731 3227 902 3284; x_wconf 85' lang='lat' dir='ltr'>necessitate</span> <span class='ocrx_word' id='word_1_493' title='bbox 916 3227 943 3283; x_wconf 88' lang='lat' dir='ltr'>si</span> <span class='ocrx_word' id='word_1_494' title='bbox 964 3227 1103 3284; x_wconf 74' lang='lat' dir='ltr'>meritos</span> <span class='ocrx_word' id='word_1_495' title='bbox 1123 3245 1181 3285; x_wconf 88' lang='lat' dir='ltr'>non</span> <span class='ocrx_word' id='word_1_496' title='bbox 1200 3228 1290 3298; x_wconf 86' lang='lat' dir='ltr'>adest,</span> <span class='ocrx_word' id='word_1_497' title='bbox 1303 3227 1471 3285; x_wconf 88' lang='lat' dir='ltr'>conceditur</span> <span class='ocrx_word' id='word_1_498' title='bbox 1483 3228 1600 3285; x_wconf 83' lang='lat' dir='ltr'>cuilibet</span> <span class='ocrx_word' id='word_1_499' title='bbox 1628 3227 1710 3300; x_wconf 70' lang='lat' dir='ltr'>fideli</span> <span class='ocrx_word' id='word_1_500' title='bbox 1736 3229 1847 3287; x_wconf 83' lang='lat' dir='ltr'>bomini</span> 
     </span>
     <span class='ocr_line' id='line_1_38' title="bbox 127 3298 667 3373; baseline -0.007 -15"><span class='ocrx_word' id='word_1_501' title='bbox 127 3300 278 3373; x_wconf 79' lang='lat' dir='ltr'>baptizare</span> <span class='ocrx_word' id='word_1_502' title='bbox 289 3300 508 3370; x_wconf 83' lang='lat' dir='ltr'>seruataforma</span> <span class='ocrx_word' id='word_1_503' title='bbox 522 3298 667 3372; x_wconf 85' lang='lat' dir='ltr'>baptismi.</span> 
     </span>
    </p>

    <p class='ocr_par' dir='ltr' id='par_1_6' title="bbox 89 3485 1846 5420">
     <span class='ocr_line' id='line_1_39' title="bbox 124 3485 1844 3562; baseline -0.002 -17"><span class='ocrx_word' id='word_1_504' title='bbox 124 3491 195 3545; x_wconf 84' lang='lat' dir='ltr'>Post</span> <span class='ocrx_word' id='word_1_505' title='bbox 208 3489 270 3544; x_wconf 77' lang='lat' dir='ltr'>laec</span> <span class='ocrx_word' id='word_1_506' title='bbox 284 3488 342 3545; x_wconf 87' lang='lat' dir='ltr'>ridi</span> <span class='ocrx_word' id='word_1_507' title='bbox 358 3488 440 3561; x_wconf 86' lang='lat' dir='ltr'>quasi</span> <span class='ocrx_word' id='word_1_508' title='bbox 461 3487 632 3545; x_wconf 86' lang='lat' dir='ltr'>muliebrem</span> <span class='ocrx_word' id='word_1_509' title='bbox 647 3487 806 3562; x_wconf 74' lang='lat' dir='ltr'>imaginem</span> <span class='ocrx_word' id='word_1_510' title='bbox 820 3504 941 3560; x_wconf 87' lang='lat' dir='ltr'>procera</span> <span class='ocrx_word' id='word_1_511' title='bbox 958 3487 979 3542; x_wconf 88' lang='lat' dir='ltr'><strong>B</strong></span> <span class='ocrx_word' id='word_1_512' title='bbox 994 3487 1078 3561; x_wconf 87' lang='lat' dir='ltr'>quasi</span> <span class='ocrx_word' id='word_1_513' title='bbox 1101 3487 1192 3560; x_wconf 86' lang='lat' dir='ltr'>pisces</span> <span class='ocrx_word' id='word_1_514' title='bbox 1206 3486 1237 3542; x_wconf 90' lang='lat' dir='ltr'>in</span> <span class='ocrx_word' id='word_1_515' title='bbox 1253 3502 1327 3559; x_wconf 87' lang='lat' dir='ltr'>aqna</span> <span class='ocrx_word' id='word_1_516' title='bbox 1355 3491 1489 3558; x_wconf 88' lang='lat' dir='ltr'>repentes</span> <span class='ocrx_word' id='word_1_517' title='bbox 1503 3491 1532 3542; x_wconf 90' lang='lat' dir='ltr'>et</span> <span class='ocrx_word' id='word_1_518' title='bbox 1560 3491 1690 3543; x_wconf 81' lang='lat' dir='ltr'>ventrem</span> <span class='ocrx_word' id='word_1_519' title='bbox 1709 3485 1844 3558; x_wconf 82' lang='lat' dir='ltr'>imaginis</span> 
     </span>
     <span class='ocr_line' id='line_1_40' title="bbox 90 3575 1846 3650; baseline 0 -17"><span class='ocrx_word' id='word_1_520' title='bbox 90 3578 293 3650; x_wconf 87' lang='lat' dir='ltr'>magnitudine</span> <span class='ocrx_word' id='word_1_521' title='bbox 321 3577 412 3632; x_wconf 90' lang='lat' dir='ltr'>instar</span> <span class='ocrx_word' id='word_1_522' title='bbox 439 3593 552 3649; x_wconf 75' lang='lat' dir='ltr'>magne</span> <span class='ocrx_word' id='word_1_523' title='bbox 576 3577 698 3632; x_wconf 81' lang='lat' dir='ltr'>civitatis</span> <span class='ocrx_word' id='word_1_524' title='bbox 719 3576 876 3633; x_wconf 85' lang='lat' dir='ltr'>habentem</span> <span class='ocrx_word' id='word_1_525' title='bbox 891 3593 941 3631; x_wconf 88' lang='lat' dir='ltr'>ca·</span> <span class='ocrx_word' id='word_1_526' title='bbox 998 3577 1027 3632; x_wconf 93' lang='lat' dir='ltr'>in</span> <span class='ocrx_word' id='word_1_527' title='bbox 1056 3577 1244 3634; x_wconf 79' lang='lat' dir='ltr'>foraminibus</span> <span class='ocrx_word' id='word_1_528' title='bbox 1272 3577 1389 3650; x_wconf 85' lang='lat' dir='ltr'>(quibus</span> <span class='ocrx_word' id='word_1_529' title='bbox 1419 3575 1530 3648; x_wconf 90' lang='lat' dir='ltr'>ingredi</span> <span class='ocrx_word' id='word_1_530' title='bbox 1557 3577 1717 3633; x_wconf 83' lang='lat' dir='ltr'>volentibus</span> <span class='ocrx_word' id='word_1_531' title='bbox 1745 3581 1846 3648; x_wconf 87' lang='lat' dir='ltr'>aperta</span> 
     </span>
     <span class='ocr_line' id='line_1_41' title="bbox 90 3664 1843 3738; baseline -0.001 -17"><span class='ocrx_word' id='word_1_532' title='bbox 90 3673 145 3738; x_wconf 90' lang='lat' dir='ltr'>put</span> <span class='ocrx_word' id='word_1_533' title='bbox 159 3667 233 3722; x_wconf 92' lang='lat' dir='ltr'>miro</span> <span class='ocrx_word' id='word_1_534' title='bbox 263 3671 364 3723; x_wconf 86' lang='lat' dir='ltr'>ornatu</span> <span class='ocrx_word' id='word_1_535' title='bbox 379 3671 558 3734; x_wconf 87' lang='lat' dir='ltr'>coronatum,</span> <span class='ocrx_word' id='word_1_536' title='bbox 587 3665 747 3722; x_wconf 85' lang='lat' dir='ltr'>etbracliia</span> <span class='ocrx_word' id='word_1_537' title='bbox 775 3666 810 3722; x_wconf 91' lang='lat' dir='ltr'>de</span> <span class='ocrx_word' id='word_1_538' title='bbox 836 3664 942 3738; x_wconf 86' lang='lat' dir='ltr'>quibus</span> <span class='ocrx_word' id='word_1_539' title='bbox 995 3665 1123 3737; x_wconf 78' lang='lat' dir='ltr'>patebat)</span> <span class='ocrx_word' id='word_1_540' title='bbox 1152 3665 1301 3720; x_wconf 89' lang='lat' dir='ltr'>intrantes.</span> <span class='ocrx_word' id='word_1_541' title='bbox 1331 3667 1367 3720; x_wconf 85' lang='lat' dir='ltr'>ttt</span> <span class='ocrx_word' id='word_1_542' title='bbox 1381 3665 1430 3720; x_wconf 88' lang='lat' dir='ltr'>illa</span> <span class='ocrx_word' id='word_1_543' title='bbox 1445 3664 1588 3736; x_wconf 79' lang='lat' dir='ltr'>Ingemuit</span> <span class='ocrx_word' id='word_1_544' title='bbox 1609 3681 1723 3720; x_wconf 90' lang='lat' dir='ltr'>sursum</span> <span class='ocrx_word' id='word_1_545' title='bbox 1737 3669 1843 3721; x_wconf 66' lang='lat' dir='ltr'>sossi»</span> 
     </span>
     <span class='ocr_line' id='line_1_42' title="bbox 90 3753 1844 3828; baseline -0.001 -18"><span class='ocrx_word' id='word_1_546' title='bbox 90 3756 231 3828; x_wconf 88' lang='lat' dir='ltr'>splendor</span> <span class='ocrx_word' id='word_1_547' title='bbox 256 3756 336 3810; x_wconf 81' lang='lat' dir='ltr'>uelat</span> <span class='ocrx_word' id='word_1_548' title='bbox 360 3754 482 3810; x_wconf 80' lang='lat' dir='ltr'>manime</span> <span class='ocrx_word' id='word_1_549' title='bbox 511 3754 732 3826; x_wconf 88' lang='lat' dir='ltr'>propendebant</span> <span class='ocrx_word' id='word_1_550' title='bbox 760 3769 777 3808; x_wconf 90' lang='lat' dir='ltr'>a</span> <span class='ocrx_word' id='word_1_551' title='bbox 802 3755 875 3809; x_wconf 82' lang='lat' dir='ltr'>coelo</span> <span class='ocrx_word' id='word_1_552' title='bbox 904 3753 941 3808; x_wconf 92' lang='lat' dir='ltr'>ad</span> <span class='ocrx_word' id='word_1_553' title='bbox 994 3755 1111 3809; x_wconf 88' lang='lat' dir='ltr'>trahens</span> <span class='ocrx_word' id='word_1_554' title='bbox 1128 3754 1280 3825; x_wconf 86' lang='lat' dir='ltr'>quietare</span> <span class='ocrx_word' id='word_1_555' title='bbox 1300 3753 1520 3825; x_wconf 88' lang='lat' dir='ltr'>ejnsexierunt‚</span> <span class='ocrx_word' id='word_1_556' title='bbox 1536 3753 1600 3826; x_wconf 85' lang='lat' dir='ltr'>Ipsa</span> <span class='ocrx_word' id='word_1_557' title='bbox 1613 3759 1711 3810; x_wconf 89' lang='lat' dir='ltr'>tamen</span> <span class='ocrx_word' id='word_1_558' title='bbox 1728 3754 1844 3824; x_wconf 87' lang='lat' dir='ltr'>integra</span> 
     </span>
     <span class='ocr_line' id='line_1_43' title="bbox 90 3842 1843 3916; baseline -0.001 -17"><span class='ocrx_word' id='word_1_559' title='bbox 90 3849 201 3900; x_wconf 85' lang='lat' dir='ltr'>terram</span> <span class='ocrx_word' id='word_1_560' title='bbox 221 3860 312 3915; x_wconf 82' lang='lat' dir='ltr'>nsqiie</span> <span class='ocrx_word' id='word_1_561' title='bbox 322 3843 448 3900; x_wconf 90' lang='lat' dir='ltr'>radians.</span> <span class='ocrx_word' id='word_1_562' title='bbox 465 3844 569 3900; x_wconf 79' lang='lat' dir='ltr'>Ventm</span> <span class='ocrx_word' id='word_1_563' title='bbox 583 3848 680 3898; x_wconf 79' lang='lat' dir='ltr'>autem</span> <span class='ocrx_word' id='word_1_564' title='bbox 700 3843 763 3916; x_wconf 89' lang='lat' dir='ltr'>ejus</span> <span class='ocrx_word' id='word_1_565' title='bbox 777 3842 808 3899; x_wconf 92' lang='lat' dir='ltr'>in</span> <span class='ocrx_word' id='word_1_566' title='bbox 821 3843 941 3898; x_wconf 88' lang='lat' dir='ltr'>modum</span> <span class='ocrx_word' id='word_1_567' title='bbox 994 3848 1193 3913; x_wconf 86' lang='lat' dir='ltr'>permanente.</span> <span class='ocrx_word' id='word_1_568' title='bbox 1211 3843 1244 3898; x_wconf 89' lang='lat' dir='ltr'>Et</span> <span class='ocrx_word' id='word_1_569' title='bbox 1271 3858 1334 3898; x_wconf 91' lang='lat' dir='ltr'>ecce</span> <span class='ocrx_word' id='word_1_570' title='bbox 1350 3842 1400 3898; x_wconf 93' lang='lat' dir='ltr'>illa</span> <span class='ocrx_word' id='word_1_571' title='bbox 1415 3859 1515 3898; x_wconf 90' lang='lat' dir='ltr'>serena</span> <span class='ocrx_word' id='word_1_572' title='bbox 1528 3842 1577 3897; x_wconf 88' lang='lat' dir='ltr'>lux</span> <span class='ocrx_word' id='word_1_573' title='bbox 1592 3847 1620 3898; x_wconf 89' lang='lat' dir='ltr'>et</span> <span class='ocrx_word' id='word_1_574' title='bbox 1641 3842 1671 3898; x_wconf 89' lang='lat' dir='ltr'>in</span> <span class='ocrx_word' id='word_1_575' title='bbox 1695 3842 1757 3914; x_wconf 87' lang='lat' dir='ltr'>ipss</span> <span class='ocrx_word' id='word_1_576' title='bbox 1778 3858 1843 3913; x_wconf 89' lang='lat' dir='ltr'>spe·</span> 
     </span>
     <span class='ocr_line' id='line_1_44' title="bbox 90 3929 1844 4003; baseline -0.001 -16"><span class='ocrx_word' id='word_1_577' title='bbox 90 3934 161 3988; x_wconf 85' lang='lat' dir='ltr'>retis</span> <span class='ocrx_word' id='word_1_578' title='bbox 175 3931 267 3986; x_wconf 89' lang='lat' dir='ltr'>multa</span> <span class='ocrx_word' id='word_1_579' title='bbox 281 3931 424 3986; x_wconf 84' lang='lat' dir='ltr'>toramine</span> <span class='ocrx_word' id='word_1_580' title='bbox 436 3930 581 3998; x_wconf 86' lang='lat' dir='ltr'>habentis,</span> <span class='ocrx_word' id='word_1_581' title='bbox 595 3946 649 4002; x_wconf 90' lang='lat' dir='ltr'>per</span> <span class='ocrx_word' id='word_1_582' title='bbox 666 3947 731 4001; x_wconf 85' lang='lat' dir='ltr'>quie</span> <span class='ocrx_word' id='word_1_583' title='bbox 746 3929 872 4003; x_wconf 88' lang='lat' dir='ltr'>plurima</span> <span class='ocrx_word' id='word_1_584' title='bbox 886 3931 940 3984; x_wconf 86' lang='lat' dir='ltr'>lio·</span> <span class='ocrx_word' id='word_1_585' title='bbox 994 3932 1052 3986; x_wconf 88' lang='lat' dir='ltr'>cies</span> <span class='ocrx_word' id='word_1_586' title='bbox 1067 3931 1194 3987; x_wconf 84' lang='lat' dir='ltr'>homInis</span> <span class='ocrx_word' id='word_1_587' title='bbox 1208 3936 1279 3998; x_wconf 90' lang='lat' dir='ltr'>tota,</span> <span class='ocrx_word' id='word_1_588' title='bbox 1294 3931 1432 3987; x_wconf 86' lang='lat' dir='ltr'>rutilante</span> <span class='ocrx_word' id='word_1_589' title='bbox 1447 3931 1514 4003; x_wconf 89' lang='lat' dir='ltr'>igne</span> <span class='ocrx_word' id='word_1_590' title='bbox 1529 3930 1663 4003; x_wconf 87' lang='lat' dir='ltr'>llagrans,</span> <span class='ocrx_word' id='word_1_591' title='bbox 1685 3930 1844 3986; x_wconf 89' lang='lat' dir='ltr'>secundum</span> 
     </span>
     <span class='ocr_line' id='line_1_45' title="bbox 90 4019 1843 4094; baseline -0.001 -18"><span class='ocrx_word' id='word_1_592' title='bbox 90 4021 205 4077; x_wconf 91' lang='lat' dir='ltr'>minam</span> <span class='ocrx_word' id='word_1_593' title='bbox 232 4020 387 4076; x_wconf 90' lang='lat' dir='ltr'>multitudo</span> <span class='ocrx_word' id='word_1_594' title='bbox 414 4020 506 4088; x_wconf 85' lang='lat' dir='ltr'>subit;</span> <span class='ocrx_word' id='word_1_595' title='bbox 531 4035 615 4074; x_wconf 89' lang='lat' dir='ltr'>crura</span> <span class='ocrx_word' id='word_1_596' title='bbox 641 4034 708 4074; x_wconf 86' lang='lat' dir='ltr'>vero</span> <span class='ocrx_word' id='word_1_597' title='bbox 722 4024 751 4075; x_wconf 92' lang='lat' dir='ltr'>et</span> <span class='ocrx_word' id='word_1_598' title='bbox 771 4019 859 4090; x_wconf 86' lang='lat' dir='ltr'>pedes</span> <span class='ocrx_word' id='word_1_599' title='bbox 882 4034 941 4074; x_wconf 91' lang='lat' dir='ltr'>nou</span> <span class='ocrx_word' id='word_1_600' title='bbox 994 4020 1134 4076; x_wconf 79' lang='lat' dir='ltr'>visionem</span> <span class='ocrx_word' id='word_1_601' title='bbox 1154 4037 1242 4093; x_wconf 84' lang='lat' dir='ltr'>quam</span> <span class='ocrx_word' id='word_1_602' title='bbox 1256 4021 1336 4094; x_wconf 90' lang='lat' dir='ltr'>prius</span> <span class='ocrx_word' id='word_1_603' title='bbox 1350 4020 1478 4076; x_wconf 85' lang='lat' dir='ltr'>videram</span> <span class='ocrx_word' id='word_1_604' title='bbox 1493 4020 1599 4076; x_wconf 89' lang='lat' dir='ltr'>iterum</span> <span class='ocrx_word' id='word_1_605' title='bbox 1613 4020 1685 4076; x_wconf 90' lang='lat' dir='ltr'>mihi</span> <span class='ocrx_word' id='word_1_606' title='bbox 1698 4019 1843 4092; x_wconf 88' lang='lat' dir='ltr'>apparuit,</span> 
     </span>
     <span class='ocr_line' id='line_1_46' title="bbox 90 4106 1844 4182; baseline -0.001 -16"><span class='ocrx_word' id='word_1_607' title='bbox 90 4110 226 4178; x_wconf 85' lang='lat' dir='ltr'>habebat,</span> <span class='ocrx_word' id='word_1_608' title='bbox 243 4108 292 4164; x_wconf 88' lang='lat' dir='ltr'>sed</span> <span class='ocrx_word' id='word_1_609' title='bbox 309 4113 422 4165; x_wconf 87' lang='lat' dir='ltr'>tantum</span> <span class='ocrx_word' id='word_1_610' title='bbox 436 4124 524 4180; x_wconf 88' lang='lat' dir='ltr'>super</span> <span class='ocrx_word' id='word_1_611' title='bbox 548 4113 680 4164; x_wconf 82' lang='lat' dir='ltr'>ventrem</span> <span class='ocrx_word' id='word_1_612' title='bbox 701 4123 786 4162; x_wconf 90' lang='lat' dir='ltr'>snum</span> <span class='ocrx_word' id='word_1_613' title='bbox 811 4115 876 4163; x_wconf 89' lang='lat' dir='ltr'>aute</span> <span class='ocrx_word' id='word_1_614' title='bbox 898 4106 940 4161; x_wconf 90' lang='lat' dir='ltr'>al-</span> <span class='ocrx_word' id='word_1_615' title='bbox 994 4113 1024 4164; x_wconf 88' lang='lat' dir='ltr'>et</span> <span class='ocrx_word' id='word_1_616' title='bbox 1045 4109 1167 4182; x_wconf 89' lang='lat' dir='ltr'>singulis</span> <span class='ocrx_word' id='word_1_617' title='bbox 1191 4126 1292 4166; x_wconf 88' lang='lat' dir='ltr'>eoram</span> <span class='ocrx_word' id='word_1_618' title='bbox 1316 4109 1503 4182; x_wconf 89' lang='lat' dir='ltr'>nigerrimam</span> <span class='ocrx_word' id='word_1_619' title='bbox 1518 4114 1614 4166; x_wconf 88' lang='lat' dir='ltr'>cutem</span> <span class='ocrx_word' id='word_1_620' title='bbox 1629 4109 1797 4165; x_wconf 87' lang='lat' dir='ltr'>abstrahens</span> <span class='ocrx_word' id='word_1_621' title='bbox 1815 4114 1844 4165; x_wconf 86' lang='lat' dir='ltr'>et</span> 
     </span>
     <span class='ocr_line' id='line_1_47' title="bbox 91 4194 1844 4271; baseline -0.001 -18"><span class='ocrx_word' id='word_1_622' title='bbox 91 4203 152 4254; x_wconf 84' lang='lat' dir='ltr'>tare</span> <span class='ocrx_word' id='word_1_623' title='bbox 167 4198 245 4270; x_wconf 86' lang='lat' dir='ltr'>qnod</span> <span class='ocrx_word' id='word_1_624' title='bbox 259 4202 302 4252; x_wconf 88' lang='lat' dir='ltr'>est</span> <span class='ocrx_word' id='word_1_625' title='bbox 315 4203 381 4252; x_wconf 90' lang='lat' dir='ltr'>ante</span> <span class='ocrx_word' id='word_1_626' title='bbox 395 4197 495 4252; x_wconf 90' lang='lat' dir='ltr'>oculos</span> <span class='ocrx_word' id='word_1_627' title='bbox 512 4198 561 4252; x_wconf 86' lang='lat' dir='ltr'>llei</span> <span class='ocrx_word' id='word_1_628' title='bbox 575 4197 668 4252; x_wconf 85' lang='lat' dir='ltr'>stabat</span> <span class='ocrx_word' id='word_1_629' title='bbox 688 4197 783 4267; x_wconf 90' lang='lat' dir='ltr'>ipsum</span> <span class='ocrx_word' id='word_1_630' title='bbox 808 4194 941 4266; x_wconf 86' lang='lat' dir='ltr'>expansis</span> <span class='ocrx_word' id='word_1_631' title='bbox 995 4197 1168 4253; x_wconf 80' lang='lat' dir='ltr'>extrariam</span> <span class='ocrx_word' id='word_1_632' title='bbox 1195 4203 1274 4254; x_wconf 89' lang='lat' dir='ltr'>cutes</span> <span class='ocrx_word' id='word_1_633' title='bbox 1300 4198 1364 4253; x_wconf 89' lang='lat' dir='ltr'>illas</span> <span class='ocrx_word' id='word_1_634' title='bbox 1392 4198 1546 4270; x_wconf 85' lang='lat' dir='ltr'>projiciens</span> <span class='ocrx_word' id='word_1_635' title='bbox 1573 4198 1700 4271; x_wconf 87' lang='lat' dir='ltr'>singulos</span> <span class='ocrx_word' id='word_1_636' title='bbox 1726 4199 1844 4255; x_wconf 89' lang='lat' dir='ltr'>illoram</span> 
     </span>
     <span class='ocr_line' id='line_1_48' title="bbox 91 4284 1844 4357; baseline 0.001 -17"><span class='ocrx_word' id='word_1_637' title='bbox 91 4287 226 4341; x_wconf 83' lang='lat' dir='ltr'>manilius</span> <span class='ocrx_word' id='word_1_638' title='bbox 250 4284 453 4357; x_wconf 85' lang='lat' dir='ltr'>circumplexa,</span> <span class='ocrx_word' id='word_1_639' title='bbox 469 4285 559 4340; x_wconf 90' lang='lat' dir='ltr'>oculis</span> <span class='ocrx_word' id='word_1_640' title='bbox 575 4290 672 4341; x_wconf 86' lang='lat' dir='ltr'>autem</span> <span class='ocrx_word' id='word_1_641' title='bbox 702 4285 761 4340; x_wconf 89' lang='lat' dir='ltr'>suis</span> <span class='ocrx_word' id='word_1_642' title='bbox 787 4299 840 4355; x_wconf 88' lang='lat' dir='ltr'>per</span> <span class='ocrx_word' id='word_1_643' title='bbox 855 4299 941 4339; x_wconf 87' lang='lat' dir='ltr'>omne</span> <span class='ocrx_word' id='word_1_644' title='bbox 995 4285 1197 4342; x_wconf 87' lang='lat' dir='ltr'>candidissima</span> <span class='ocrx_word' id='word_1_645' title='bbox 1215 4291 1292 4342; x_wconf 83' lang='lat' dir='ltr'>veste</span> <span class='ocrx_word' id='word_1_646' title='bbox 1307 4285 1413 4354; x_wconf 91' lang='lat' dir='ltr'>induit,</span> <span class='ocrx_word' id='word_1_647' title='bbox 1433 4303 1466 4342; x_wconf 90' lang='lat' dir='ltr'>ac</span> <span class='ocrx_word' id='word_1_648' title='bbox 1489 4287 1530 4341; x_wconf 91' lang='lat' dir='ltr'>eis</span> <span class='ocrx_word' id='word_1_649' title='bbox 1543 4287 1730 4342; x_wconf 87' lang='lat' dir='ltr'>clarissimam</span> <span class='ocrx_word' id='word_1_650' title='bbox 1750 4288 1844 4343; x_wconf 90' lang='lat' dir='ltr'>lacem</span> 
     </span>
     <span class='ocr_line' id='line_1_49' title="bbox 89 4372 1843 4446; baseline 0.001 -17"><span class='ocrx_word' id='word_1_651' title='bbox 89 4374 196 4430; x_wconf 83' lang='lat' dir='ltr'>coeium</span> <span class='ocrx_word' id='word_1_652' title='bbox 209 4373 373 4429; x_wconf 74' lang='lat' dir='ltr'>mitissime</span> <span class='ocrx_word' id='word_1_653' title='bbox 404 4373 580 4429; x_wconf 86' lang='lat' dir='ltr'>intendebat.</span> <span class='ocrx_word' id='word_1_654' title='bbox 601 4375 638 4428; x_wconf 75' lang='lat' dir='ltr'>At</span> <span class='ocrx_word' id='word_1_655' title='bbox 662 4373 743 4429; x_wconf 92' lang='lat' dir='ltr'>nulla</span> <span class='ocrx_word' id='word_1_656' title='bbox 769 4372 940 4427; x_wconf 79' lang='lat' dir='ltr'>vestimenta</span> <span class='ocrx_word' id='word_1_657' title='bbox 995 4375 1118 4446; x_wconf 88' lang='lat' dir='ltr'>aperuit,</span> <span class='ocrx_word' id='word_1_658' title='bbox 1146 4375 1267 4446; x_wconf 86' lang='lat' dir='ltr'>singulis</span> <span class='ocrx_word' id='word_1_659' title='bbox 1293 4391 1394 4430; x_wconf 90' lang='lat' dir='ltr'>eorum</span> <span class='ocrx_word' id='word_1_660' title='bbox 1423 4375 1533 4431; x_wconf 87' lang='lat' dir='ltr'>dicens:</span> <span class='ocrx_word' id='word_1_661' title='bbox 1564 4377 1640 4431; x_wconf 87' lang='lat' dir='ltr'>Exue</span> <span class='ocrx_word' id='word_1_662' title='bbox 1672 4381 1843 4432; x_wconf 77' lang='lat' dir='ltr'>vetustatem</span> 
     </span>
     <span class='ocr_line' id='line_1_50' title="bbox 91 4459 1844 4534; baseline 0.003 -17"><span class='ocrx_word' id='word_1_663' title='bbox 91 4464 155 4534; x_wconf 88' lang='lat' dir='ltr'>ejus</span> <span class='ocrx_word' id='word_1_664' title='bbox 177 4462 527 4532; x_wconf 87' lang='lat' dir='ltr'>considerare·potcram,</span> <span class='ocrx_word' id='word_1_665' title='bbox 558 4462 614 4516; x_wconf 88' lang='lat' dir='ltr'>nisi</span> <span class='ocrx_word' id='word_1_666' title='bbox 633 4461 710 4533; x_wconf 92' lang='lat' dir='ltr'>qnod</span> <span class='ocrx_word' id='word_1_667' title='bbox 733 4466 792 4516; x_wconf 88' lang='lat' dir='ltr'>tota</span> <span class='ocrx_word' id='word_1_668' title='bbox 819 4459 941 4516; x_wconf 84' lang='lat' dir='ltr'>lucidis·</span> <span class='ocrx_word' id='word_1_669' title='bbox 994 4461 1155 4533; x_wconf 86' lang='lat' dir='ltr'>injustitlae,</span> <span class='ocrx_word' id='word_1_670' title='bbox 1179 4467 1208 4518; x_wconf 91' lang='lat' dir='ltr'>et</span> <span class='ocrx_word' id='word_1_671' title='bbox 1234 4463 1322 4519; x_wconf 89' lang='lat' dir='ltr'>indue</span> <span class='ocrx_word' id='word_1_672' title='bbox 1336 4463 1491 4518; x_wconf 81' lang='lat' dir='ltr'>novitatem</span> <span class='ocrx_word' id='word_1_673' title='bbox 1517 4463 1684 4533; x_wconf 86' lang='lat' dir='ltr'>sanctitatis,</span> <span class='ocrx_word' id='word_1_674' title='bbox 1717 4469 1844 4523; x_wconf 79' lang='lat' dir='ltr'>reserata</span> 
     </span>
     <span class='ocr_line' id='line_1_51' title="bbox 91 4549 1842 4624; baseline 0.002 -18"><span class='ocrx_word' id='word_1_675' title='bbox 91 4553 165 4606; x_wconf 88' lang='lat' dir='ltr'>sima</span> <span class='ocrx_word' id='word_1_676' title='bbox 195 4550 323 4606; x_wconf 88' lang='lat' dir='ltr'>claritate</span> <span class='ocrx_word' id='word_1_677' title='bbox 338 4549 461 4621; x_wconf 82' lang='lat' dir='ltr'>fulgens,</span> <span class='ocrx_word' id='word_1_678' title='bbox 477 4551 569 4605; x_wconf 92' lang='lat' dir='ltr'>multo</span> <span class='ocrx_word' id='word_1_679' title='bbox 589 4549 743 4620; x_wconf 88' lang='lat' dir='ltr'>splendore</span> <span class='ocrx_word' id='word_1_680' title='bbox 768 4550 941 4605; x_wconf 84' lang='lat' dir='ltr'>clrcamtusa</span> <span class='ocrx_word' id='word_1_681' title='bbox 994 4555 1038 4605; x_wconf 88' lang='lat' dir='ltr'>est</span> <span class='ocrx_word' id='word_1_682' title='bbox 1049 4549 1127 4604; x_wconf 88' lang='lat' dir='ltr'>enini</span> <span class='ocrx_word' id='word_1_683' title='bbox 1142 4549 1195 4604; x_wconf 88' lang='lat' dir='ltr'>tibi</span> <span class='ocrx_word' id='word_1_684' title='bbox 1208 4550 1299 4620; x_wconf 78' lang='lat' dir='ltr'>ianua</span> <span class='ocrx_word' id='word_1_685' title='bbox 1313 4549 1486 4605; x_wconf 78' lang='lat' dir='ltr'>hereditatis</span> <span class='ocrx_word' id='word_1_686' title='bbox 1502 4553 1570 4605; x_wconf 83' lang='lat' dir='ltr'>tuse.</span> <span class='ocrx_word' id='word_1_687' title='bbox 1596 4549 1751 4606; x_wconf 87' lang='lat' dir='ltr'>Considera</span> <span class='ocrx_word' id='word_1_688' title='bbox 1772 4568 1842 4624; x_wconf 90' lang='lat' dir='ltr'>ergo</span> 
     </span>
     <span class='ocr_line' id='line_1_52' title="bbox 91 4637 1841 4710; baseline 0.002 -17"><span class='ocrx_word' id='word_1_689' title='bbox 91 4638 195 4708; x_wconf 86' lang='lat' dir='ltr'>iuerat,</span> <span class='ocrx_word' id='word_1_690' title='bbox 223 4639 254 4693; x_wconf 93' lang='lat' dir='ltr'>in</span> <span class='ocrx_word' id='word_1_691' title='bbox 270 4643 382 4710; x_wconf 88' lang='lat' dir='ltr'>pectore</span> <span class='ocrx_word' id='word_1_692' title='bbox 410 4639 472 4710; x_wconf 89' lang='lat' dir='ltr'>ejus</span> <span class='ocrx_word' id='word_1_693' title='bbox 499 4639 578 4693; x_wconf 82' lang='lat' dir='ltr'>velut</span> <span class='ocrx_word' id='word_1_694' title='bbox 604 4638 811 4694; x_wconf 87' lang='lat' dir='ltr'>aiirorarubao</span> <span class='ocrx_word' id='word_1_695' title='bbox 827 4639 940 4709; x_wconf 84' lang='lat' dir='ltr'>fulgore</span> <span class='ocrx_word' id='word_1_696' title='bbox 995 4637 1142 4710; x_wconf 89' lang='lat' dir='ltr'>quomodo</span> <span class='ocrx_word' id='word_1_697' title='bbox 1171 4637 1272 4692; x_wconf 90' lang='lat' dir='ltr'>doctus</span> <span class='ocrx_word' id='word_1_698' title='bbox 1298 4637 1346 4706; x_wconf 89' lang='lat' dir='ltr'>sis,</span> <span class='ocrx_word' id='word_1_699' title='bbox 1381 4641 1414 4692; x_wconf 91' lang='lat' dir='ltr'>ut</span> <span class='ocrx_word' id='word_1_700' title='bbox 1441 4653 1595 4709; x_wconf 87' lang='lat' dir='ltr'>cognoscas</span> <span class='ocrx_word' id='word_1_701' title='bbox 1621 4644 1732 4710; x_wconf 88' lang='lat' dir='ltr'>patrem</span> <span class='ocrx_word' id='word_1_702' title='bbox 1758 4644 1841 4697; x_wconf 88' lang='lat' dir='ltr'>tuam</span> 
     </span>
     <span class='ocr_line' id='line_1_53' title="bbox 92 4725 1843 4798; baseline 0.002 -16"><span class='ocrx_word' id='word_1_703' title='bbox 92 4727 217 4782; x_wconf 86' lang='lat' dir='ltr'>micante</span> <span class='ocrx_word' id='word_1_704' title='bbox 239 4726 290 4781; x_wconf 89' lang='lat' dir='ltr'>ubi</span> <span class='ocrx_word' id='word_1_705' title='bbox 316 4727 405 4782; x_wconf 89' lang='lat' dir='ltr'>etiam</span> <span class='ocrx_word' id='word_1_706' title='bbox 430 4726 604 4782; x_wconf 90' lang='lat' dir='ltr'>multimodo</span> <span class='ocrx_word' id='word_1_707' title='bbox 631 4742 737 4797; x_wconf 90' lang='lat' dir='ltr'>genere</span> <span class='ocrx_word' id='word_1_708' title='bbox 762 4725 940 4782; x_wconf 89' lang='lat' dir='ltr'>musicorum</span> <span class='ocrx_word' id='word_1_709' title='bbox 995 4741 1083 4797; x_wconf 89' lang='lat' dir='ltr'>quem</span> <span class='ocrx_word' id='word_1_710' title='bbox 1120 4725 1266 4782; x_wconf 83' lang='lat' dir='ltr'>confessus</span> <span class='ocrx_word' id='word_1_711' title='bbox 1295 4743 1334 4782; x_wconf 88' lang='lat' dir='ltr'>es.</span> <span class='ocrx_word' id='word_1_712' title='bbox 1363 4725 1422 4798; x_wconf 89' lang='lat' dir='ltr'>Ego</span> <span class='ocrx_word' id='word_1_713' title='bbox 1452 4727 1564 4798; x_wconf 84' lang='lat' dir='ltr'>suscepi</span> <span class='ocrx_word' id='word_1_714' title='bbox 1587 4732 1614 4782; x_wconf 92' lang='lat' dir='ltr'>te</span> <span class='ocrx_word' id='word_1_715' title='bbox 1641 4733 1671 4783; x_wconf 92' lang='lat' dir='ltr'>et</span> <span class='ocrx_word' id='word_1_716' title='bbox 1706 4732 1739 4784; x_wconf 90' lang='lat' dir='ltr'>tu</span> <span class='ocrx_word' id='word_1_717' title='bbox 1777 4745 1843 4786; x_wconf 89' lang='lat' dir='ltr'>con·</span> 
     </span>
     <span class='ocr_line' id='line_1_54' title="bbox 91 4793 1840 4888; baseline 0.002 -18"><span class='ocrx_word' id='word_1_718' title='bbox 91 4815 192 4870; x_wconf 83' lang='lat' dir='ltr'>audiri</span> <span class='ocrx_word' id='word_1_719' title='bbox 218 4815 257 4870; x_wconf 88' lang='lat' dir='ltr'>de</span> <span class='ocrx_word' id='word_1_720' title='bbox 282 4815 346 4887; x_wconf 89' lang='lat' dir='ltr'>ipsa</span> <span class='ocrx_word' id='word_1_721' title='bbox 370 4817 426 4871; x_wconf 89' lang='lat' dir='ltr'>hoc</span> <span class='ocrx_word' id='word_1_722' title='bbox 453 4815 597 4870; x_wconf 87' lang='lat' dir='ltr'>canticum</span> <span class='ocrx_word' id='word_1_723' title='bbox 619 4815 702 4887; x_wconf 86' lang='lat' dir='ltr'>quasi</span> <span class='ocrx_word' id='word_1_724' title='bbox 730 4831 836 4872; x_wconf 87' lang='lat' dir='ltr'>aurora</span> <span class='ocrx_word' id='word_1_725' title='bbox 861 4815 941 4870; x_wconf 83' lang='lat' dir='ltr'>valde</span> <span class='ocrx_word' id='word_1_726' title='bbox 960 4793 1087 4869; x_wconf 79' lang='lat' dir='ltr'>Gtessus</span> <span class='ocrx_word' id='word_1_727' title='bbox 1114 4830 1145 4870; x_wconf 88' lang='lat' dir='ltr'>es</span> <span class='ocrx_word' id='word_1_728' title='bbox 1173 4831 1229 4870; x_wconf 89' lang='lat' dir='ltr'>me.</span> <span class='ocrx_word' id='word_1_729' title='bbox 1261 4817 1342 4870; x_wconf 86' lang='lat' dir='ltr'>Nunc</span> <span class='ocrx_word' id='word_1_730' title='bbox 1368 4830 1437 4888; x_wconf 91' lang='lat' dir='ltr'>ergo</span> <span class='ocrx_word' id='word_1_731' title='bbox 1464 4815 1574 4887; x_wconf 87' lang='lat' dir='ltr'>respice</span> <span class='ocrx_word' id='word_1_732' title='bbox 1600 4815 1672 4870; x_wconf 90' lang='lat' dir='ltr'>dues</span> <span class='ocrx_word' id='word_1_733' title='bbox 1714 4818 1840 4888; x_wconf 87' lang='lat' dir='ltr'>semitas,</span> 
     </span>
     <span class='ocr_line' id='line_1_55' title="bbox 91 4901 1842 4976; baseline 0.001 -17"><span class='ocrx_word' id='word_1_734' title='bbox 91 4905 214 4959; x_wconf 87' lang='lat' dir='ltr'>rutilans</span> <span class='ocrx_word' id='word_1_735' title='bbox 225 4904 382 4959; x_wconf 76' lang='lat' dir='ltr'>demutari.</span> <span class='ocrx_word' id='word_1_736' title='bbox 398 4905 432 4960; x_wconf 86' lang='lat' dir='ltr'>Et</span> <span class='ocrx_word' id='word_1_737' title='bbox 442 4904 540 4976; x_wconf 86' lang='lat' dir='ltr'>imago</span> <span class='ocrx_word' id='word_1_738' title='bbox 550 4904 599 4959; x_wconf 87' lang='lat' dir='ltr'>illa</span> <span class='ocrx_word' id='word_1_739' title='bbox 610 4903 748 4975; x_wconf 89' lang='lat' dir='ltr'>expandit</span> <span class='ocrx_word' id='word_1_740' title='bbox 757 4904 941 4976; x_wconf 88' lang='lat' dir='ltr'>splendorem</span> <span class='ocrx_word' id='word_1_741' title='bbox 995 4917 1083 4958; x_wconf 89' lang='lat' dir='ltr'>unam</span> <span class='ocrx_word' id='word_1_742' title='bbox 1114 4901 1324 4972; x_wconf 87' lang='lat' dir='ltr'>adorientem,</span> <span class='ocrx_word' id='word_1_743' title='bbox 1354 4906 1384 4957; x_wconf 88' lang='lat' dir='ltr'>et</span> <span class='ocrx_word' id='word_1_744' title='bbox 1407 4903 1527 4958; x_wconf 88' lang='lat' dir='ltr'>alteram</span> <span class='ocrx_word' id='word_1_745' title='bbox 1555 4903 1592 4958; x_wconf 92' lang='lat' dir='ltr'>ad</span> <span class='ocrx_word' id='word_1_746' title='bbox 1611 4903 1787 4976; x_wconf 85' lang='lat' dir='ltr'>aquilonem.</span> <span class='ocrx_word' id='word_1_747' title='bbox 1812 4906 1842 4961; x_wconf 89' lang='lat' dir='ltr'>Si</span> 
     </span>
     <span class='ocr_line' id='line_1_56' title="bbox 90 4991 1842 5066; baseline 0.001 -18"><span class='ocrx_word' id='word_1_748' title='bbox 90 5009 176 5048; x_wconf 88' lang='lat' dir='ltr'>snum</span> <span class='ocrx_word' id='word_1_749' title='bbox 206 4993 285 5049; x_wconf 86' lang='lat' dir='ltr'>velut</span> <span class='ocrx_word' id='word_1_750' title='bbox 311 4994 515 5049; x_wconf 80' lang='lat' dir='ltr'>vestimentum</span> <span class='ocrx_word' id='word_1_751' title='bbox 544 4993 658 5048; x_wconf 89' lang='lat' dir='ltr'>dicens:</span> <span class='ocrx_word' id='word_1_752' title='bbox 675 4995 717 5050; x_wconf 82' lang='lat' dir='ltr'>lle</span> <span class='ocrx_word' id='word_1_753' title='bbox 744 4999 940 5066; x_wconf 87' lang='lat' dir='ltr'>oportetcon-</span> <span class='ocrx_word' id='word_1_754' title='bbox 994 4991 1085 5064; x_wconf 87' lang='lat' dir='ltr'>igitar</span> <span class='ocrx_word' id='word_1_755' title='bbox 1111 4991 1298 5048; x_wconf 84' lang='lat' dir='ltr'>interioribus</span> <span class='ocrx_word' id='word_1_756' title='bbox 1314 4992 1404 5048; x_wconf 91' lang='lat' dir='ltr'>oculis</span> <span class='ocrx_word' id='word_1_757' title='bbox 1427 4991 1484 5046; x_wconf 90' lang='lat' dir='ltr'>luis</span> <span class='ocrx_word' id='word_1_758' title='bbox 1500 4991 1655 5063; x_wconf 91' lang='lat' dir='ltr'>diligenter</span> <span class='ocrx_word' id='word_1_759' title='bbox 1683 4993 1842 5065; x_wconf 86' lang='lat' dir='ltr'>inspexeris</span> 
     </span>
     <span class='ocr_line' id='line_1_57' title="bbox 91 5078 1840 5155; baseline 0.001 -17"><span class='ocrx_word' id='word_1_760' title='bbox 91 5083 188 5154; x_wconf 92' lang='lat' dir='ltr'>cipere</span> <span class='ocrx_word' id='word_1_761' title='bbox 210 5086 240 5136; x_wconf 91' lang='lat' dir='ltr'>et</span> <span class='ocrx_word' id='word_1_762' title='bbox 253 5097 366 5153; x_wconf 88' lang='lat' dir='ltr'>parere.</span> <span class='ocrx_word' id='word_1_763' title='bbox 382 5083 416 5136; x_wconf 88' lang='lat' dir='ltr'>Et</span> <span class='ocrx_word' id='word_1_764' title='bbox 429 5097 494 5136; x_wconf 84' lang='lat' dir='ltr'>mox</span> <span class='ocrx_word' id='word_1_765' title='bbox 523 5081 646 5137; x_wconf 88' lang='lat' dir='ltr'>occurrit</span> <span class='ocrx_word' id='word_1_766' title='bbox 659 5082 686 5138; x_wconf 91' lang='lat' dir='ltr'>ei</span> <span class='ocrx_word' id='word_1_767' title='bbox 702 5092 734 5137; x_wconf 90' lang='lat' dir='ltr'>nt</span> <span class='ocrx_word' id='word_1_768' title='bbox 746 5083 844 5155; x_wconf 89' lang='lat' dir='ltr'>lulgur</span> <span class='ocrx_word' id='word_1_769' title='bbox 863 5081 938 5138; x_wconf 90' lang='lat' dir='ltr'>mul·</span> <span class='ocrx_word' id='word_1_770' title='bbox 994 5097 1041 5136; x_wconf 90' lang='lat' dir='ltr'>me</span> <span class='ocrx_word' id='word_1_771' title='bbox 1056 5085 1088 5136; x_wconf 90' lang='lat' dir='ltr'>nt</span> <span class='ocrx_word' id='word_1_772' title='bbox 1102 5080 1134 5135; x_wconf 91' lang='lat' dir='ltr'>in</span> <span class='ocrx_word' id='word_1_773' title='bbox 1147 5078 1203 5135; x_wconf 88' lang='lat' dir='ltr'>fide</span> <span class='ocrx_word' id='word_1_774' title='bbox 1224 5079 1326 5136; x_wconf 87' lang='lat' dir='ltr'>doetus</span> <span class='ocrx_word' id='word_1_775' title='bbox 1353 5097 1393 5149; x_wconf 91' lang='lat' dir='ltr'>es,</span> <span class='ocrx_word' id='word_1_776' title='bbox 1409 5080 1561 5152; x_wconf 89' lang='lat' dir='ltr'>suscipiam</span> <span class='ocrx_word' id='word_1_777' title='bbox 1575 5085 1603 5136; x_wconf 89' lang='lat' dir='ltr'>te</span> <span class='ocrx_word' id='word_1_778' title='bbox 1618 5081 1648 5136; x_wconf 92' lang='lat' dir='ltr'>in</span> <span class='ocrx_word' id='word_1_779' title='bbox 1662 5097 1752 5153; x_wconf 89' lang='lat' dir='ltr'>regno</span> <span class='ocrx_word' id='word_1_780' title='bbox 1764 5099 1840 5139; x_wconf 90' lang='lat' dir='ltr'>meo.</span> 
     </span>
     <span class='ocr_line' id='line_1_58' title="bbox 90 5169 1841 5245; baseline 0.002 -19"><span class='ocrx_word' id='word_1_781' title='bbox 90 5171 184 5226; x_wconf 88' lang='lat' dir='ltr'>titudo</span> <span class='ocrx_word' id='word_1_782' title='bbox 207 5169 379 5242; x_wconf 85' lang='lat' dir='ltr'>angelorum</span> <span class='ocrx_word' id='word_1_783' title='bbox 404 5169 510 5242; x_wconf 88' lang='lat' dir='ltr'>gradus</span> <span class='ocrx_word' id='word_1_784' title='bbox 526 5172 555 5224; x_wconf 89' lang='lat' dir='ltr'>et</span> <span class='ocrx_word' id='word_1_785' title='bbox 573 5169 655 5225; x_wconf 88' lang='lat' dir='ltr'>sedes</span> <span class='ocrx_word' id='word_1_786' title='bbox 679 5171 711 5225; x_wconf 91' lang='lat' dir='ltr'>in</span> <span class='ocrx_word' id='word_1_787' title='bbox 725 5187 760 5224; x_wconf 91' lang='lat' dir='ltr'>ea</span> <span class='ocrx_word' id='word_1_788' title='bbox 775 5170 941 5227; x_wconf 88' lang='lat' dir='ltr'>hominibus</span> <span class='ocrx_word' id='word_1_789' title='bbox 994 5169 1075 5224; x_wconf 89' lang='lat' dir='ltr'>Etsi</span> <span class='ocrx_word' id='word_1_790' title='bbox 1104 5185 1150 5224; x_wconf 93' lang='lat' dir='ltr'>me</span> <span class='ocrx_word' id='word_1_791' title='bbox 1175 5169 1298 5241; x_wconf 82' lang='lat' dir='ltr'>perlecto</span> <span class='ocrx_word' id='word_1_792' title='bbox 1329 5169 1473 5238; x_wconf 85' lang='lat' dir='ltr'>dilexeris,</span> <span class='ocrx_word' id='word_1_793' title='bbox 1510 5169 1613 5226; x_wconf 87' lang='lat' dir='ltr'>taciem</span> <span class='ocrx_word' id='word_1_794' title='bbox 1649 5171 1841 5245; x_wconf 87' lang='lat' dir='ltr'>quodcunque</span> 
     </span>
     <span class='ocr_line' id='line_1_59' title="bbox 90 5256 1841 5331; baseline 0.001 -15"><span class='ocrx_word' id='word_1_795' title='bbox 90 5258 270 5327; x_wconf 86' lang='lat' dir='ltr'>iacientium,</span> <span class='ocrx_word' id='word_1_796' title='bbox 295 5274 349 5331; x_wconf 89' lang='lat' dir='ltr'>per</span> <span class='ocrx_word' id='word_1_797' title='bbox 374 5275 447 5331; x_wconf 84' lang='lat' dir='ltr'>quos</span> <span class='ocrx_word' id='word_1_798' title='bbox 471 5259 534 5331; x_wconf 89' lang='lat' dir='ltr'>ipsa</span> <span class='ocrx_word' id='word_1_799' title='bbox 549 5257 646 5330; x_wconf 90' lang='lat' dir='ltr'>imago</span> <span class='ocrx_word' id='word_1_800' title='bbox 667 5258 842 5315; x_wconf 82' lang='lat' dir='ltr'>absolvenda</span> <span class='ocrx_word' id='word_1_801' title='bbox 867 5263 938 5314; x_wconf 89' lang='lat' dir='ltr'>erat.</span> <span class='ocrx_word' id='word_1_802' title='bbox 992 5257 1121 5331; x_wconf 87' lang='lat' dir='ltr'>petieris.</span> <span class='ocrx_word' id='word_1_803' title='bbox 1149 5257 1179 5313; x_wconf 84' lang='lat' dir='ltr'>si</span> <span class='ocrx_word' id='word_1_804' title='bbox 1201 5265 1297 5314; x_wconf 85' lang='lat' dir='ltr'>autem</span> <span class='ocrx_word' id='word_1_805' title='bbox 1322 5273 1369 5312; x_wconf 89' lang='lat' dir='ltr'>me</span> <span class='ocrx_word' id='word_1_806' title='bbox 1394 5256 1568 5331; x_wconf 88' lang='lat' dir='ltr'>despexeris,</span> <span class='ocrx_word' id='word_1_807' title='bbox 1593 5264 1622 5315; x_wconf 90' lang='lat' dir='ltr'>te</span> <span class='ocrx_word' id='word_1_808' title='bbox 1646 5278 1662 5318; x_wconf 87' lang='lat' dir='ltr'>a</span> <span class='ocrx_word' id='word_1_809' title='bbox 1692 5277 1740 5318; x_wconf 90' lang='lat' dir='ltr'>me</span> <span class='ocrx_word' id='word_1_810' title='bbox 1760 5277 1841 5320; x_wconf 65' lang='lat' dir='ltr'>aren</span> 
     </span>
     <span class='ocr_line' id='line_1_60' title="bbox 90 5345 1840 5420; baseline 0 -14"><span class='ocrx_word' id='word_1_811' title='bbox 90 5349 201 5406; x_wconf 88' lang='lat' dir='ltr'>lleinde</span> <span class='ocrx_word' id='word_1_812' title='bbox 223 5347 284 5405; x_wconf 82' lang='lat' dir='ltr'>ridi</span> <span class='ocrx_word' id='word_1_813' title='bbox 309 5346 410 5420; x_wconf 84' lang='lat' dir='ltr'>nigros</span> <span class='ocrx_word' id='word_1_814' title='bbox 427 5345 553 5404; x_wconf 87' lang='lat' dir='ltr'>inientes</span> <span class='ocrx_word' id='word_1_815' title='bbox 572 5347 654 5419; x_wconf 75' lang='lat' dir='ltr'>iuxta</span> <span class='ocrx_word' id='word_1_816' title='bbox 680 5351 788 5405; x_wconf 87' lang='lat' dir='ltr'>terrain</span> <span class='ocrx_word' id='word_1_817' title='bbox 815 5346 846 5404; x_wconf 93' lang='lat' dir='ltr'>in</span> <span class='ocrx_word' id='word_1_818' title='bbox 874 5362 940 5406; x_wconf 86' lang='lat' dir='ltr'>sere</span> <span class='ocrx_word' id='word_1_819' title='bbox 993 5352 1058 5404; x_wconf 87' lang='lat' dir='ltr'>teus</span> <span class='ocrx_word' id='word_1_820' title='bbox 1082 5352 1112 5404; x_wconf 86' lang='lat' dir='ltr'>et</span> <span class='ocrx_word' id='word_1_821' title='bbox 1134 5351 1210 5406; x_wconf 88' lang='lat' dir='ltr'>retro</span> <span class='ocrx_word' id='word_1_822' title='bbox 1224 5347 1390 5420; x_wconf 87' lang='lat' dir='ltr'>respiciens,</span> <span class='ocrx_word' id='word_1_823' title='bbox 1405 5363 1458 5404; x_wconf 90' lang='lat' dir='ltr'>nec</span> <span class='ocrx_word' id='word_1_824' title='bbox 1477 5363 1524 5404; x_wconf 90' lang='lat' dir='ltr'>me</span> <span class='ocrx_word' id='word_1_825' title='bbox 1552 5348 1624 5405; x_wconf 88' lang='lat' dir='ltr'>scire</span> <span class='ocrx_word' id='word_1_826' title='bbox 1648 5352 1698 5406; x_wconf 89' lang='lat' dir='ltr'>aut</span> <span class='ocrx_word' id='word_1_827' title='bbox 1734 5348 1840 5408; x_wconf 91' lang='lat' dir='ltr'>intelli·</span> 
     </span>
    </p>
   </div>
   <div class='ocr_carea' id='block_1_5' title="bbox 0 0 1996 6034">
    <p class='ocr_par' dir='ltr' id='par_1_7' title="bbox 0 0 1996 6034">
     <span class='ocr_line' id='line_1_61' title="bbox 0 0 1996 6034; baseline 0 1"><span class='ocrx_word' id='word_1_828' title='bbox 0 0 1996 6034; x_wconf 95' lang='lat' dir='ltr'> </span> 
     </span>
    </p>
   </div>
  </div>
 </body>
</html>
