3984 6034
131 233 182 288 {58

130 474 197 513 vero
212 456 321 512 lumine
333 455 385 512 tibi
400 456 462 511 haec
476 454 658 523 scribentem,
676 455 753 525 andi,
769 461 800 512 ut
814 457 896 513 nobis
911 470 977 512 om-

130 546 214 600 nibus
229 544 259 599 in
280 544 448 600 necessitate
472 543 581 615 positis,
602 543 653 616 qui
678 545 711 600 ed
739 549 767 600 te
795 543 976 618 confugiunt,

130 633 267 688 auxilinm
284 632 426 705 porrigas,
441 636 584 704 quatenus
598 637 715 704 propter
741 633 878 704 gaudium
906 632 977 689 illud

130 721 209 792 quod
220 721 262 776 eis
277 719 429 791 impendis,
445 719 475 774 io
491 719 627 791 gaudium
650 726 825 776 aeternorum
841 721 978 777 taberna-

129 807 451 879 culorumsusoipiaris,
480 812 509 862 et
535 807 567 862 in
594 811 702 863 aterne
730 809 919 876 beatitudine,
942 809 977 865 od

130 912 217 967 «qnam
233 899 306 953 liene
321 900 348 952 te
363 895 478 963 creavit,
495 895 525 951 in
540 898 682 950 aternum
694 895 780 951 vivas.

426 1000 592 1057 EPISTOLA
608 1001 678 1056 Vlll.

132 1122 313 1163 erubescente
342 1123 376 1162 tu
403 1122 581 1163 CiliilS'ssANUH
618 1123 849 1164 aouuurtxteltsetl
883 1124 977 1164 sacnt-

476 1194 634 1234 EPISCOPUU.

131 1283 222 1351 Quod,
234 1283 472 1356 juueoequodnm
494 1280 564 1338 olim
586 1283 839 1349 escornmenicoto,
861 1285 912 1340 sed
923 1284 977 1340 du·

165 1354 233 1408 dein
246 1355 385 1422 absoluto,
404 1355 437 1410 in
451 1353 611 1410 coemeterio
624 1355 730 1409 montis
743 1357 773 1410 S.
796 1355 918 1428 Ruperti
930 1372 978 1410 se·

165 1424 255 1495 pullo,
273 1424 442 1480 mundatum
458 1441 477 1480 a
531 1425 625 1481 elatis
643 1425 821 1497 Mopunlinis
837 1424 980 1498 acceperit

166 1498 198 1549 ut
211 1511 315 1567 corpus
320 1495 437 1564 juberet
454 1511 490 1549 eu
511 1495 616 1562 umeri,
631 1495 677 1550 nel
699 1496 854 1551 abstineret
868 1513 887 1552 a
903 1494 979 1551 divi-

165 1565 212 1621 m's
226 1565 259 1622 io
272 1565 395 1622 ecclesio
405 1581 460 1621 eun
470 1565 648 1623 celebrandis
659 1568 715 1637 (is)
729 1565 873 1638 pontificis
896 1583 978 1639 opem

165 1635 304 1710 implerot

165 1741 302 1799 Omitiss.
319 1743 403 1798 Pater
428 1746 457 1797 et
471 1741 600 1810 domine,
627 1741 677 1814 qui
694 1741 723 1798 in
746 1742 807 1798 vice
820 1745 889 1799 iesu
903 1744 981 1802 Clari·

130 1829 167 1885 sti
180 1845 268 1902 super
282 1846 348 1886 oves
364 1830 494 1887 Ecclesiae
516 1837 615 1902 pastor
629 1831 801 1886 constitutus
814 1847 852 1897 es,
867 1847 980 1889 summo

132 1919 190 1974 lieo
206 1923 234 1974 st
253 1923 379 1990 paterne
402 1918 503 1990 pietati
525 1923 584 1973 tuse
609 1917 717 1990 gratias
742 1918 889 1975 humiliter
918 1935 980 1992 agv-

131 2021 205 2074 mus,
222 2023 274 2079 pro
290 2023 324 2064 eo
341 2005 418 2078 quod
433 2006 542 2061 litteras
570 2006 748 2077 paupertatis
767 2011 870 2064 nostres
893 2006 979 2064 mise·

132 2093 284 2150 ricorditer
308 2093 467 2166 suscepisti,
495 2098 524 2148 et
547 2095 626 2165 quod
652 2110 705 2167 pro
731 2096 813 2151 nobis
837 2096 981 2152 tribulatis

132 2187 161 2238 et
180 2182 350 2255 angustiatis
363 2182 394 2237 in
417 2181 616 2238 misericordia
636 2187 685 2238 tue
712 2183 824 2239 litteras
846 2186 884 2240 ad
906 2200 980 2256 prce·

132 2270 205 2326 letos
230 2278 343 2326 nostros
372 2270 548 2342 lloguntiam
578 2271 692 2328 mittere
722 2272 858 2345 dignatus
886 2290 926 2342 es,
952 2279 982 2330 et

132 2359 219 2414 otiam
248 2375 300 2432 pru
324 2359 456 2416 dulcibus
481 2359 575 2416 uerbis
603 2361 695 2416 solitae
722 2361 883 2417 clementiae
912 2367 979 2430 ture,

132 2448 238 2520 quibus
265 2449 481 2520 perdominum
510 2448 685 2504 liormsnum
713 2449 839 2506 ecclesias
863 2451 981 2507 Sancto-

132 2550 198 2591 rum
212 2539 417 2607 Apostolorum
442 2539 472 2594 in
498 2538 617 2596 Colonia
631 2538 783 2606 decenum,
798 2539 983 2595 ita-consola·

135 2629 170 2680 te
185 2613 215 2681 et
228 2625 380 2682 laetificatae
402 2642 511 2694 sumus,
536 2628 611 2700 qnod
636 2627 668 2682 in
683 2627 774 2682 'omni
795 2629 981 2684 tribulatione

132 2714 308 2786 elangustia
334 2720 440 2780 nostra,
471 2715 545 2769 sicut
573 2714 641 2770 filies
666 2716 703 2770 ad
728 2722 756 2770 te
776 2715 912 2772 dilectum
928 2717 980 2771 Pe-

133 2809 206 2856 trem
221 2817 329 2857 securae
351 2803 541 2873 confugimus.
569 2802 658 2870 Unde,
683 2803 758 2858 bone
778 2803 906 2872 domine,
929 2819 981 2860 uos

134 2889 250 2945 l'amnles
266 2895 324 2944 tuas
339 2906 404 2962 quae
430 2890 563 2946 sedemus
587 2891 617 2945 in
648 2890 764 2946 tristitia
788 2891 981 2947 tribulationis

134 2983 163 3032 et
176 2979 325 3050 eugratiae,
346 2979 376 3034 in
392 2978 497 3049 spiritu
514 2978 685 3034 humilitatis
699 2978 821 3049 pedibus
841 2979 897 3035 tuis
913 2995 981 3050 pro·

133 3067 247 3134 volutas,
272 3083 387 3121 cansam
403 3065 594 3122 intolerabilis
622 3065 730 3121 doloris
747 3067 839 3122 nostri
854 3068 884 3122 iu
910 3084 983 3140 pure
1033 3110 1163 3181 jussione
1184 3109 1348 3164 constitum
1367 3122 1476 3163 sumus.
1499 3106 1577 3160 Unde
1597 3107 1628 3160 m
1653 3104 1763 3160 visione
1778 3105 1884 3159 animm

133 3154 253 3210 veritate
280 3154 504 3226 lacrymabiliter
535 3153 588 3209 tibi
616 3154 771 3225 aperimus,
796 3171 829 3210 ea
865 3155 981 3223 ilduoia,

133 3243 209 3314 quod
231 3241 316 3313 ignea
345 3242 564 3312 charitasque
593 3242 668 3298 lieus
694 3243 983 3312 esti-lonn.1v),tibi
1040 3289 1045 3300 .

134 3329 265 3402 inspiret,
276 3336 380 3385 utcnm
395 3333 516 3400 paterna
530 3330 637 3400 pietate
646 3330 861 3386 lamentabilem
871 3348 982 3400 vocem,

133 3433 221 3490 quam
239 3417 269 3471 in
284 3416 469 3472 tribulatione
485 3423 583 3473 nostre
598 3416 711 3473 ulllictes
727 3419 762 3472 ad
777 3424 805 3474 te
820 3420 979 3488 clamamus,

135 3504 358 3562 misericorditer
397 3505 528 3560 exaudiri
563 3506 701 3577 digneris.
731 3507 753 3563 0
777 3507 856 3562 mitis
888 3510 981 3577 Pater,

134 3610 200 3650 cum
226 3593 338 3664 praelati
366 3595 457 3648 nostri
486 3593 648 3665 linguntini
676 3599 822 3650 mortuum
845 3595 982 3666 juvenem

134 3684 199 3735 ante
215 3684 337 3734 mortem
358 3695 439 3734 suum
465 3679 500 3734 ab
516 3696 593 3734 annu
621 3680 670 3736 diu
684 3679 860 3743 absolutum,
880 3684 909 3735 et
920 3696 982 3735 orn-

135 3767 405 3824 nibnsChristiauas
433 3767 500 3823 lidei
527 3768 711 3823 sacramentis
738 3767 892 3831 munitum,
910 3767 985 3824 sieut

135 3857 221 3912 etiam
238 3862 305 3912 aute
331 3856 362 3911 in
389 3857 494 3910 litteris
523 3856 575 3910 tibi
602 3855 757 3923 insinuavi,
780 3857 855 3926 apud
873 3871 982 3912 nosse-

136 3947 259 4017 pultum‚
276 3962 293 3999 a
310 3945 475 4000 coemeterio
492 3949 589 3998 nostro
614 3943 717 4014 ejicere
742 3960 794 3998 nos
816 3943 981 4014 jussissent,

135 4034 179 4087 vel
193 4050 211 4088 a
225 4031 330 4087 divinis
349 4049 401 4086 nos
420 4048 541 4098 cessere,
575 4047 629 4102 ego
652 4032 688 4086 ad
705 4047 805 4085 verum
826 4031 935 4100 lumen,
951 4038 984 4088 ut

136 4121 223 4188 soleo,
238 4121 431 4191 aspexistis
447 4119 496 4173 illo
519 4120 592 4172 licus
614 4118 684 4174 mibi
706 4119 851 4191 praecepit,
876 4135 911 4175 ne
931 4136 983 4174 un-

136 4224 224 4280 quam
253 4209 416 4262 voluntarso
446 4221 584 4261 consensu
613 4221 678 4259 meo
704 4209 865 4276 eJrceretur,
895 4221 1023 4292 quemn

136 4295 229 4365 ipssa
257 4295 320 4350 sinu
351 4294 481 4350 Ecclesiae
500 4293 530 4348 io
560 4293 682 4366 gloriam
705 4293 867 4349 salvationis
893 4295 983 4367 depu-

137 4383 254 4438 tandum
284 4383 451 4454 susceperit,
478 4383 617 4454 qnoniam
645 4382 763 4452 nigredo
791 4382 889 4454 magui
910 4383 985 4454 peri·

136 4471 194 4526 culi
208 4471 291 4526 nobis
306 4471 373 4527 inde
389 4471 560 4542 proveniret,
576 4487 610 4524 eo
630 4470 707 4542 quod
731 4475 831 4525 contra
851 4471 983 4526 volunta·

137 4564 194 4614 tem
211 4559 274 4631 ejus
293 4559 422 4614 veritatis
450 4565 532 4614 esset.
563 4559 591 4615 Si
618 4559 697 4614 euim
726 4559 984 4617 istetimuromni-

136 4647 262 4719 potentis
291 4647 341 4702 Dei
369 4647 439 4704 mihi
468 4664 525 4702 non
556 4647 721 4716 obstitisset,
759 4647 800 4703 eis
836 4649 1002 4705 humiliter-

136 4733 309 4802 obedissem,
325 4739 353 4790 et
368 4752 570 4808 quemcunque
596 4736 626 4792 in
649 4735 769 4792 numine
793 4751 852 4804 tuo,
869 4739 919 4810 qui
936 4737 985 4794 [io

136 4823 232 4878 minus
249 4829 278 4879 et
307 4825 460 4880 advocatus
484 4828 579 4879 noster
604 4841 645 4890 es,
674 4825 809 4881 eumdem
838 4830 985 4881 mortuum

133 4913 286 4983 jussissent
315 4913 426 4980 ellerre,
466 4912 489 4967 si
516 4917 780 4970 excommunicatus
810 4930 869 4970 non
900 4919 984 4983 esset,

137 5001 307 5056 servandum
339 5002 386 5072 jus
427 5002 566 5066 Ecclesia,
597 5007 678 5074 grata
703 5003 851 5058 voluntate
874 5018 986 5057 conces·

130 5079 247 5144 sissent.

172 5175 243 5230 Cum
261 5177 358 5231 autem
372 5192 423 5248 per
447 5176 564 5249 aliquod
588 5183 702 5250 ternpus
723 5194 782 5234 non
798 5178 859 5233 sine
880 5194 984 5250 magno

136 5260 236 5316 dolore
254 5267 283 5318 et
296 5263 412 5319 tristitia
440 5281 638 5333 cessassemus,
660 5266 691 5319 in
714 5281 782 5321 vera
801 5265 910 5321 visione
925 5266 986 5322 ani·

137 5366 193 5405 mee
208 5365 279 5405 mere
298 5367 440 5409 esummo
458 5354 557 5426 judice
572 5354 664 5426 (cujus
685 5359 831 5426 praecepto
852 5355 985 5411 resistere

873 233 900 289 S.
923 231 1161 290 ultusesuuts
1549 247 1553 256 ’
1829 232 1878 284 tito

130 375 159 424 et
175 369 319 440 magister,
335 375 398 440 post
412 367 555 423 Christum
569 370 774 438 pauperculam
791 343 913 423 turmam
936 367 972 422 de
991 371 1097 423 barasa
1126 385 1183 422 non
1213 353 1415 439 lnil'puudere
1447 368 1623 439 gravissimas
1638 368 1815 424 infirmitatis
1829 385 1876 422 co·

1031 460 1103 524 acta,
1130 457 1166 512 ad
1193 457 1332 531 praelatos
1357 461 1473 513 nostrus
1501 456 1531 512 in
1558 457 1733 528 Mogontiam
1757 456 1835 522 reni,
1850 458 1879 509 et

1031 546 1118 601 verbe
1132 546 1241 619 quaein
1263 563 1331 602 vero
1355 546 1466 602 lumine
1494 546 1631 608 videram,
1657 549 1690 601 ut
1714 545 1776 616 ipse
1806 543 1877 598 mihi

1031 633 1179 705 precepti,
1201 633 1306 705 scripta
1341 633 1553 706 repraesentavi,
1587 637 1730 705 quatenus
1761 630 1793 686 in
1822 630 1878 685 illis

1032 727 1236 796 cognoscerent
1251 739 1315 795 quus
1329 723 1460 778 voluntas
1481 722 1574 778 lieiin
1602 722 1655 777 hac
1682 737 1767 776 causa
1793 723 1875 774 esset.

1032 812 1151 866 Veniam
1165 828 1280 885 quoque
1294 828 1392 867 curem
1411 811 1492 883 ipsis,
1509 811 1559 883 qni
1574 814 1644 866 tnnc
1657 810 1785 878 ederent,
1801 824 1878 863 ama·

1031 900 1072 955 ris
1100 900 1234 972 lacrymis
1255 905 1355 972 petens
1384 899 1420 956 ah
1440 899 1491 968 eis,
1517 899 1652 955 llehiliter
1667 903 1696 954 et
1711 896 1878 970 suppliciter

1032 989 1259 1045 misericordiam
1280 989 1407 1060 quaesivi.
1439 988 1494 1045 Sed
1523 1004 1588 1045 cum
1613 1003 1713 1042 eorum
1740 985 1815 1041 ocuti
1837 985 1878 1038 ita

1032 1077 1212 1149 caligassent,
1242 1082 1273 1132 ut
1293 1078 1374 1133 nullo
1395 1081 1528 1148 respectu
1549 1075 1753 1131 misericordiae
1774 1090 1821 1128 me
1835 1089 1879 1127 re·

1031 1165 1140 1238 spicere
1156 1166 1328 1237 potuissent,
1357 1167 1442 1236 plena
1469 1165 1602 1236 lacrymis
1623 1164 1659 1219 ab
1683 1164 1724 1239 eis
1751 1162 1876 1218 discessi.

1032 1253 1085 1309 Sed
1107 1271 1172 1309 cum
1197 1254 1314 1326 plurimi
1335 1253 1468 1308 homines
1494 1268 1582 1324 super
1607 1269 1660 1307 nos
1684 1251 1878 1306 misericordia

1033 1347 1226 1408 morerentur,
1242 1343 1307 1396 licet
1334 1358 1385 1414 pro
1415 1341 1559 1397 voluntate
1587 1356 1638 1394 sna
1665 1355 1717 1394 nos
1745 1339 1878 1408 adjurare

1033 1446 1090 1485 non
1106 1437 1231 1501 possent,
1254 1430 1347 1486 tidelis
1376 1429 1485 1485 amicus
1510 1444 1602 1497 meus,
1633 1426 1740 1484 scilicet
1768 1425 1879 1481 Coloni-

1033 1519 1108 1575 ensis
1121 1517 1352 1591 archiepiscopus
1376 1518 1409 1572 ed
1430 1519 1509 1589 ipsos
1537 1517 1567 1572 in
1594 1514 1769 1588 llugnntium
1788 1513 1877 1582 venit,

1033 1613 1062 1664 et
1081 1609 1206 1680 quodam
1221 1606 1310 1662 milite
1326 1607 1417 1662 libero
1431 1606 1551 1662 homine
1568 1605 1726 1670 assistente,
1755 1603 1805 1675 qui
1823 1603 1880 1657 sul-

998 1665 1019 1720 Β
1034 1696 1197 1752 linientibus
1210 1696 1329 1751 testibus
1342 1695 1464 1766 probare
1479 1693 1577 1760 voluit,
1601 1692 1677 1764 quod
1693 1692 1754 1763 ipse
1769 1696 1798 1745 et
1808 1707 1880 1762 prm-

1035 1785 1127 1841 diotns
1140 1789 1282 1844 mortuus.
1296 1785 1391 1839 adhuc
1405 1785 1434 1838 in
1449 1798 1570 1853 corpore
1595 1782 1701 1845 vivens,
1725 1795 1790 1834 cum
1806 1779 1879 1850 pari·

957 1920 963 1931 .
1034 1879 1079 1930 ter
1103 1873 1133 1930 in
1158 1873 1258 1929 eodem
1288 1889 1403 1928 excessu
1432 1873 1561 1939 fuissem,
1596 1870 1704 1942 pariter
1737 1868 1821 1923 etiem
1843 1867 1879 1922 ab

1035 1979 1122 2030 enno,
1145 1962 1247 2017 eodem
1269 1962 1342 2029 loco,
1365 1961 1466 2016 eedem
1487 1959 1568 2021 hore,
1594 1958 1630 2013 ab
1656 1957 1757 2012 eodem
1786 1971 1878 2011 secer·

1035 2052 1101 2107 dote
1118 2051 1206 2106 soluti
1225 2053 1330 2116 essent,
1353 2047 1456 2103 eodem
1477 2048 1632 2114 secerdote,
1657 2045 1744 2100 etiarn
1766 2045 1880 2116 quiens

1035 2140 1167 2207 absolvit,
1179 2142 1331 2210 praesente,
1348 2136 1383 2191 eh
1395 2135 1565 2206 eiscognita
1585 2134 1672 2204 hujus
1695 2133 1736 2188 rei
1752 2133 1880 2198 veritate,

1035 2228 1113 2283 idem
1127 2227 1234 2300 proesnl
1248 2226 1283 2281 de
1297 2231 1326 2280 te
1347 2239 1536 2297 praesumens,
1556 2222 1701 2276 licentiam
1717 2221 1881 2277 celebrandi

1036 2317 1141 2384 divina,
1157 2331 1249 2388 usque
1270 2315 1305 2370 ad
1325 2313 1451 2370 reditum
1476 2317 1558 2366 tunm
1580 2326 1678 2365 secure
1702 2316 1730 2365 et
1759 2310 1789 2364 in
1813 2327 1880 2380 pace

1036 2405 1170 2460 obtinuit.
1188 2406 1258 2460 Cum
1273 2407 1381 2464 aretem,
1404 2401 1568 2457 dulcissime
1596 2399 1723 2465 domine,
1746 2398 1881 2455 fiduciam

1037 2494 1191 2549 maximam
1207 2493 1242 2547 de
1258 2495 1306 2546 tue
1325 2489 1521 2546 misericordia
1536 2489 1717 2553 haberemus,
1745 2502 1798 2558 per
1820 2502 1881 2540 eos-

1035 2583 1102 2638 dem
1131 2582 1266 2652 praeletos
1301 2583 1414 2634 nostros
1443 2586 1507 2649 post
1540 2578 1730 2632 reversionem
1758 2591 1840 2629 snam
1866 2592 1881 2627 e

1037 2673 1138 2737 Roma,
1153 2686 1168 2723 e
1185 2669 1292 2740 syuodo
1308 2668 1418 2722 litteras
1444 2673 1508 2722 tuas
1523 2656 1698 2720 'divinornm
1714 2664 1880 2719 interdicto·
1920 2691 1926 2705 ·

1036 2756 1283 2827 riaseccepimus:
1313 2770 1386 2825 ques
1412 2757 1585 2824 utpaternac
1613 2753 1712 2824 pietati
1742 2758 1799 2806 tuos
1817 2767 1883 2805 con-

960 2892 964 2900 .
1037 2847 1106 2914 lide,
1132 2860 1280 2915 nunquam
1324 2841 1457 2909 misisses,
1487 2841 1510 2895 si
1546 2841 1696 2895 veritatem
1729 2840 1815 2909 hujus
1842 2840 1882 2894 rei

1001 2935 1211 3011 cognovisses.
1233 2931 1345 3004 Sicque,
1379 2929 1533 2985 mitissime
1559 2931 1653 2994 Pater,
1679 2929 1708 2985 in
1737 2927 1829 3000 priori
1852 2927 1884 2982 li-

1038 3021 1240 3093 gaturemulto
1255 3018 1356 3090 majori
1378 3019 1477 3074 dolore
1501 3024 1530 3072 et
1550 3017 1664 3072 tristitia
1690 3017 1884 3087 tuimetipsius

1037 3215 1121 3266 mete,
1137 3199 1167 3254 in
1195 3213 1252 3271 qua
1277 3213 1426 3268 nunquam
1457 3211 1502 3250 ose
1518 3196 1615 3267 aliquo
1642 3195 1728 3249 verbo
1751 3195 1883 3258 turbasti,

1034 3286 1290 3359 pussasumcorde
1309 3291 1338 3340 et
1367 3301 1417 3339 ore
1445 3284 1558 3340 dicere:
1576 3284 1674 3339 llelius
1688 3287 1730 3337 est
1758 3282 1827 3338 mihi
1844 3284 1885 3337 in·

1037 3377 1132 3432 cidere
1146 3377 1176 3430 in
1187 3391 1290 3430 manns
1303 3373 1466 3442 hominum,
1490 3389 1576 3445 quem
1596 3371 1796 3444 derelinquere
1810 3387 1883 3441 prn-

1037 3469 1151 3536 ceptum
1167 3464 1218 3519 Dei
1242 3463 1298 3517 mei
1314 3465 1398 3529 (Dan.
1428 3467 1496 3527 1111).
1513 3462 1598 3532 Ergo,
1624 3459 1774 3515 mitissime
1789 3461 1883 3527 Peter,

1037 3555 1155 3610 obsecro
1170 3558 1198 3608 te
1211 3554 1242 3607 in
1253 3566 1351 3608 amore
1364 3551 1489 3622 Spiritus
1512 3549 1613 3615 sancti,
1643 3555 1674 3603 ut
1690 3552 1807 3622 propter
1822 3548 1882 3618 pie·

1037 3647 1126 3699 tatem
1156 3641 1258 3697 eterni
1294 3640 1397 3702 Petris,
1429 3639 1479 3711 qui
1505 3654 1557 3710 pro
1578 3638 1670 3692 salute
1703 3636 1829 3692 hominis
1854 3636 1884 3691 in

1038 3731 1117 3786 suevi
1139 3730 1283 3785 viriditate
1312 3729 1391 3784 misit
1428 3727 1553 3781 Verbum
1588 3742 1672 3780 sunm
1703 3727 1733 3779 in
1759 3725 1884 3795 Virginis

1038 3825 1162 3887 uterum,
1179 3818 1340 3874 dolentium
1359 3823 1388 3872 et
1411 3815 1585 3888 plorantium
1615 3813 1740 3868 tiliarum
1768 3817 1882 3867 tuarum

1037 3909 1177 3979 lacrymas
1192 3906 1338 3977 despicere
1355 3920 1412 3958 non
1430 3904 1510 3969 velis,
1531 3919 1595 3974 qua
1617 3903 1653 3958 ob
1666 3901 1800 3955 timorem
1820 3901 1881 3965 liei,
1956 3927 1960 3932 ·

1037 3996 1238 4051 tribulationes
1265 3998 1295 4048 et
1322 3993 1470 4062 angustias
1495 3991 1582 4060 hujus
1613 3990 1726 4061 injustae
1752 3988 1881 4060 ligaturae

1038 4085 1221 4140 sustinemus.
1254 4082 1378 4152 Spiritus
1399 4086 1514 4134 sanctus
1547 4079 1679 4133 iulnndet
1703 4077 1767 4144 tibi,
1790 4084 1822 4132 ut
1844 4079 1884 4132 ita

1039 4189 1125 4246 snper
1140 4189 1192 4227 uos
1221 4169 1418 4225 misericordia
1441 4168 1592 4235 movearis,
1618 4172 1650 4222 ut
1670 4166 1755 4221 etiam
1775 4171 1805 4220 tu
1822 4173 1886 4236 post

1038 4263 1126 4318 tinem
1141 4262 1205 4315 vite
1221 4263 1277 4313 ture
1292 4275 1345 4329 pro
1374 4258 1429 4312 boe
1450 4253 1672 4312 misericordiam
1688 4255 1883 4327 consequeris.

1348 4362 1515 4417 aristosa
1533 4363 1574 4416 lx.

1038 4469 1186 4511 canisium
1224 4467 1424 4508 sucureersooer
1463 4465 1679 4506 uouumrxsnsrs
1721 4466 1755 4504 sn
1790 4463 1887 4505 assue-

1399 4535 1523 4576 canosa.

1042 4632 1114 4702 Ejus
1123 4627 1278 4690 afflictioni
1290 4627 1479 4699 competitur3
1492 4626 1614 4682 model
1622 4641 1654 4679 se
1670 4623 1805 4706 ilceleeie
1818 4627 1886 4680 Mo·

1070 4699 1404 4776 prmtinaesipnificcsses
1419 4700 1452 4752 et
1464 4696 1491 4751 si
1504 4697 1640 4752 bonorum
1653 4712 1780 4750 utrorum
1791 4697 1888 4752 ceroci

1072 4771 1235 4830 moesone
1250 4770 1287 4824 de
1307 4768 1485 4827 absolutione
1504 4767 1624 4840 presuli
1645 4766 1776 4835 defuncti
1799 4766 1827 4820 ei
1838 4782 1885 4822 os·

1074 4848 1186 4898 tensum
1200 4838 1306 4911 suerit,
1341 4837 1439 4894 divion
1462 4838 1607 4894 sororibus
1644 4837 1750 4892 montis
1767 4839 1798 4891 S.
1827 4839 1888 4892 llu-

1072 4911 1151 4986 perli
1162 4910 1259 4985 officie
1273 4910 1463 4966 celebrentur.
1481 4929 1495 4959 ι

1075 5003 1254 5059 Cunrsrvsuus
1277 5002 1308 5056 li.
1333 5016 1360 5071 g.
1390 4997 1566 5072 lloguntinee
1591 4996 1667 5051 sedis
1695 4995 1886 5067 archiepisco-

1038 5108 1104 5163 pus,
1121 5090 1283 5146 reverendae
1308 5095 1337 5143 et
1358 5088 1389 5143 in
1412 5087 1525 5142 Christo
1548 5085 1661 5140 dilectae
1683 5083 1808 5138 domines
1827 5085 1889 5140 lliu-

1040 5195 1168 5247 neceam,
1183 5186 1213 5233 et
1228 5176 1368 5232 universis
1388 5175 1501 5248 sponsis
1523 5173 1638 5239 Christi,
1663 5187 1728 5226 cum
1753 5171 1814 5243 ipse
1830 5173 1889 5227 lieo

1039 5266 1256 5335 famulantibus,
1279 5265 1315 5320 de
1338 5264 1444 5319 virtute
1460 5263 1490 5319 in
1514 5263 1649 5318 virtutem
1674 5262 1838 5338 escendere,
1861 5268 1889 5316 et

1041 5355 1131 5410 Derim
1145 5354 1266 5410 deorum
1282 5353 1312 5408 in
1326 5352 1395 5408 Sion
1408 5351 1505 5408 videre
1519 5351 1608 5420 (Psnl.
1623 5351 1746 5420 cxxxiii).

172 5489 229 5558 (ib)
253 5489 322 5545 Vide
348 5492 595 5548 commentarium
617 5494 883 5566 supralaudatum,
904 5494 980 5568 gili,
1001 5511 1083 5552 num.
1102 5498 1160 5549 loe.
