3984 6034
160 215 212 268 tllti
884 209 911 264 S.
933 207 1177 265 ultruucltuuls.
1861 213 1916 266 otc

160 341 396 402 delectationibus
419 341 486 396 suis.
516 339 549 396 lli
570 342 665 394 autem
689 337 719 392 iu
738 339 814 393 malo
833 338 1008 410 respondent
1025 343 1127 397 Aoum
1143 337 1229 395 etlam
1248 337 1359 409 justitia
1376 355 1439 396 maa
1454 339 1581 398 minatur
1597 339 1634 397 ad
1656 341 1822 413 aquilonem
1845 359 1919 398 cru-

159 436 252 505 bono;
268 433 317 506 qui
339 431 502 487 nullalenus
518 443 548 482 se
561 426 761 482 abstrahente
781 427 874 499 pravis
895 429 1005 484 actibus
1060 427 1212 484 delissimse
1238 429 1386 501 iniquitati
1414 429 1536 485 Satanae.
1558 431 1651 503 Atque
1677 429 1826 488 immobile
1858 449 1920 487 ma·

159 523 230 597 quin
250 519 421 577 delicientur
440 532 506 572 carm
529 513 765 586 concupiscentiis
788 516 857 584 suis,
874 517 1005 572 nolentes
1060 519 1119 584 net,
1144 517 1212 588 quia
1236 517 1311 572 Deus
1329 533 1381 573 uec
1414 517 1562 573 fallacibus
1586 534 1639 574 nec
1661 518 1830 576 adulatoriis
1850 537 1916 576 ser·

158 611 332 684 respondere
355 604 498 662 vocationi
513 602 590 658 mali.
613 603 784 668 Quomodo?
809 606 900 660 Homo
919 604 1005 660 habet
1060 603 1193 660 monibus
1210 605 1329 661 omuino
1346 605 1455 661 moveri
1474 611 1523 661 aut
1544 605 1651 662 molliri
1675 613 1768 680 potest.
1788 625 1804 662 a
1825 611 1914 664 recti-

158 703 191 757 iu
213 715 242 755 se
257 698 328 755 duas
350 693 524 760 rorationes,
548 690 722 747 desiderium
742 692 874 748 videlieet
895 693 1004 748 fruetus
1062 693 1157 748 tudine
1173 693 1275 765 judicii
1297 695 1341 750 sui
1367 711 1426 750 nou
1449 693 1607 750 emendatis
1628 695 1807 765 criminibus,
1832 698 1915 752 reiut

157 793 186 846 ct
204 782 464 859 concupiscentiam
488 781 623 836 delectus.
647 781 822 847 Quomodo?
849 783 902 837 Per
927 781 1005 836 desi·
1059 781 1235 852 porcellum
1260 781 1436 838 tortitudinis
1460 799 1519 838 snae
1542 799 1559 838 a
1583 785 1641 838 ileo
1662 785 1826 840 constitute
1852 787 1911 857 legi

159 878 270 934 derium
296 875 405 930 tructus
430 875 545 926 vocatur
568 870 603 925 ud
625 870 723 938 ritem,
748 875 777 925 at
798 886 850 944 per
867 869 1004 942 coucupi-
1059 869 1289 944 adoperandum
1311 871 1476 927 bominibus
1497 871 1631 940 inlisum,
1655 873 1777 928 reddens
1801 873 1914 930 scilicet

158 963 294 1021 scentiam
309 961 435 1017 delectus
450 962 567 1012 vocatur
587 957 623 1012 ad
647 962 781 1012 mortem.
806 957 861 1013 Sed
878 957 909 1012 iu
929 957 1005 1012 desi·
1058 959 1214 1031 uuicuique
1241 975 1299 1015 nou
1321 959 1482 1015 observanti
1509 965 1654 1032 precepto
1676 960 1748 1032 legis
1773 961 1914 1017 emeritas

158 1054 239 1110 derio
261 1052 379 1118 tructus,
403 1063 468 1104 cum
492 1047 581 1102 homo
603 1047 747 1102 desiderat
761 1047 868 1102 bouum
892 1045 1006 1118 operari
1059 1061 1168 1131 poenas,
1190 1047 1345 1102 secuudum
1365 1047 1542 1120 malaopera
1559 1048 1648 1120 ipsius
1673 1047 1827 1122 inquibus
1850 1065 1914 1104 sor-

158 1146 197 1201 sic
213 1143 310 1198 dicens
324 1141 355 1196 iu
370 1139 474 1210 seipso,
490 1137 533 1192 lac
553 1137 630 1191 boue
644 1151 730 1207 opera
748 1135 813 1191 :hic
828 1139 870 1189 est
883 1150 1005 1206 respou—
1059 1134 1130 1191 dens
1159 1136 1310 1206 emarcuit,
1344 1150 1508 1208 repugnans
1545 1135 1631 1190 etiam
1669 1135 1915 1192 excellentissima

121 1264 125 1277 ι
158 1249 205 1289 sus
224 1236 324 1287 contra
347 1229 503 1284 malumut
524 1225 630 1280 devitet
653 1223 780 1289 illudet
801 1223 886 1279 iaciat
904 1222 1004 1279 utilem
1056 1221 1229 1280 lortitudine
1251 1240 1311 1293 sua,
1346 1223 1427 1296 quasi
1456 1222 1486 1278 in
1507 1221 1611 1278 virtute
1635 1223 1701 1278 rolli
1731 1224 1776 1280 sui
1795 1225 1914 1280 diabolo

157 1323 299 1388 fructum3
313 1318 343 1374 iu
367 1313 598 1386 concupiscentia
614 1328 682 1367 roro
700 1313 836 1382 delectus,
854 1329 920 1368 cum
940 1328 1005 1368 con·
1059 1317 1088 1369 et
1101 1313 1286 1386 sequentibus
1296 1313 1389 1382 illum,
1401 1329 1430 1367 se
1441 1313 1615 1386 opponendo
1626 1312 1774 1384 injustitiae
1794 1330 1911 1369 eorum,

156 1411 276 1482 cupiscit
307 1413 472 1478 perpetrare
507 1405 626 1468 ιιιιῐιιιιι,
658 1402 697 1456 sic
733 1403 820 1456 etiam
850 1401 1004 1457 adhortans
1095 1405 1142 1458 Est
1162 1418 1277 1474 quoque
1301 1407 1387 1458 tautae
1412 1402 1710 1468 altitudinisaterra,
1739 1407 1846 1475 quanta
1867 1411 1914 1456 est

156 1499 352 1570 semetipsum:
376 1495 430 1549 Fac
445 1509 517 1565 opus
534 1490 729 1547 delectationis
749 1491 894 1547 tumslric
916 1491 1004 1548 etiarn
1059 1491 1179 1549 altitudo
1210 1491 1300 1563 ipsius
1332 1491 1445 1562 auguli;
1467 1490 1603 1563 quonium
1626 1491 1701 1545 neus
1730 1490 1762 1546 in
1795 1508 1915 1546 summa

156 1594 198 1645 est
221 1601 376 1659 responsus
400 1584 534 1639 adsersus
558 1581 678 1646 bouum,
703 1595 769 1635 cum
793 1580 835 1634 illi
862 1596 921 1635 uon
943 1581 1005 1634 vult
1058 1581 1168 1653 justitia
1191 1580 1308 1635 ultionis
1332 1595 1390 1634 sum
1413 1585 1513 1634 cuncta
1536 1583 1648 1634 terrena
1666 1585 1792 1650 superat,
1808 1581 1913 1636 eadem

156 1678 287 1734 resistere
308 1671 454 1746 iniquitali
479 1687 547 1736 sarm,
568 1670 618 1725 sed
634 1671 790 1725 delectatur
803 1669 953 1740 pervenire
968 1667 1003 1723 ad
1024 1645 1043 1697 B
1061 1669 1170 1726 ultione
1184 1669 1270 1740 lulius
1294 1667 1452 1724 altitudinis
1470 1667 1618 1736 existente,
1645 1671 1676 1722 ot
1692 1668 1722 1724 iu
1738 1669 1912 1742 prefigura-

155 1767 312 1835 delectum,
326 1761 486 1835 despiciens
499 1775 545 1815 me
560 1758 591 1813 iu
607 1759 660 1813 boc
683 1774 831 1831 responso,
847 1762 875 1812 et
895 1757 1004 1812 habens
1059 1759 1136 1814 tione
1162 1755 1283 1810 Alrrabae
1309 1761 1337 1811 et
1356 1755 1424 1810 llosi
1450 1771 1503 1828 per
1534 1757 1629 1824 legem
1663 1756 1811 1828 designata
1841 1765 1914 1814 suut

155 1873 201 1913 mo
217 1853 299 1928 qnasi
314 1849 439 1908 ludibrio
455 1849 585 1904 debitum
607 1847 747 1901 honorem
761 1846 832 1901 milri
850 1860 908 1901 non
923 1845 1004 1900 exhi·
1059 1861 1146 1918 opera
1159 1845 1322 1912 hominum,
1342 1845 1411 1916 quia
1428 1843 1558 1900 diuinum
1571 1845 1710 1916 judicium
1728 1851 1771 1900 esi
1787 1845 1814 1902 in
1831 1864 1912 1902 sum.

156 1945 261 2001 beudo.
287 1943 321 1997 Et
343 1939 413 2012 quia
436 1937 538 1992 eremit
557 1951 586 1988 se
601 1935 721 2000 abono,
737 1949 796 1989 uon
819 1933 918 1989 duleus
932 1932 1005 1988 ailli-
1059 1934 1157 1992 mitate
1181 1934 1360 2006 speculativae
1384 1932 1511 1988 scientiae
1535 1937 1564 1988 et
1586 1939 1701 1990 actuum
1722 1935 1910 2007 populorum,

155 2033 249 2104 gendo
272 2047 303 2087 se
326 2035 446 2102 propter
463 2026 597 2080 timorem
619 2037 727 2090 meum,
744 2021 884 2077 convertit
908 2037 939 2076 sc
967 2022 1003 2075 ad
1059 2027 1091 2076 ut
1104 2025 1266 2092 prosternet
1279 2019 1471 2092 ignorantiam
1483 2020 1624 2093 ipsorum,
1642 2037 1707 2078 cum
1723 2024 1911 2080 noluntscire

155 2121 319 2178 illusionem
349 2119 380 2172 iu
404 2112 575 2175 coelestibus.
604 2117 636 2166 ιιι
658 2127 711 2182 per
741 2109 1004 2166 manifestationem
1059 2110 1159 2166 Deum.
1177 2109 1349 2166 Nontamcn
1367 2108 1462 2188 ipsum
1486 2109 1626 2181 angulum
1648 2111 1760 2166 excedit
1779 2113 1911 2168 scdtan·

155 2227 251 2268 meam
268 2208 338 2265 dicit
353 2203 525 2262 Psalmista:
542 2197 743 2256 Porucruntr'n
757 2197 857 2255 colum
869 2214 1003 2264 manum,
1059 2202 1121 2254 tum
1144 2197 1207 2271 pari
1227 2197 1389 2272 inqualitate
1408 2197 1435 2253 ei
1454 2198 1483 2252 iu
1507 2198 1672 2255 summitate
1690 2201 1908 2274 coadaequatur,

154 2303 183 2356 et
197 2297 298 2372 lingua
311 2311 410 2352 eorum
425 2287 559 2348 transicit
571 2288 602 2344 in
618 2292 699 2345 terro
713 2287 810 2358 (Prot.
825 2289 931 2360 uxmu).
945 2288 1003 2345 Hoc
1059 2287 1195 2358 quoniam
1211 2301 1336 2356 superna
1356 2285 1428 2340 ultio
1448 2290 1526 2340 actus
1541 2285 1691 2342 homiuum
1713 2303 1770 2343 uon
1785 2289 1909 2358 excedit,

155 2387 212 2444 tale
238 2389 304 2442 est:
334 2381 414 2442 llulti
445 2380 578 2436 homines
604 2381 671 2432 suut
705 2376 874 2447 insipientes
897 2375 927 2430 iu
954 2391 1003 2430 ra·
1058 2375 1124 2447 plus
1146 2380 1175 2431 ut
1196 2373 1312 2448 grauius
1332 2375 1364 2430 iu
1384 2374 1425 2429 eis
1448 2375 1523 2429 mata
1555 2373 1718 2431 ulciscendo
1743 2392 1830 2448 quam
1851 2379 1912 2432 siut

154 2475 325 2542 tioualitate,
354 2471 483 2528 uolentes
513 2465 674 2538 intelligere
703 2464 945 2521 innumerabilem
966 2465 1002 2519 ti·
1058 2463 1470 2520 meritacorumsotummedo
1492 2479 1576 2534 mque
1597 2468 1624 2519 et
1643 2463 1721 2535 justo
1743 2465 1853 2537 judicio
1878 2467 1910 2520 iu

155 2580 267 2622 morem
296 2560 421 2628 domiui,
455 2563 485 2613 et
514 2555 712 2612 abstrahentes
747 2553 802 2609 sibi
829 2552 898 2626 ipsis
928 2552 1004 2608 bona
1058 2553 1224 2610 excellentia
1243 2552 1364 2624 justitiae
1385 2567 1444 2607 sum
1468 2551 1567 2608 omnia
1585 2557 1661 2608 recte
1685 2553 1856 2625 dijudicans,
1878 2561 1913 2611 ut

159 2651 301 2710 desideria
335 2650 365 2706 iu
388 2647 493 2723 quibus
518 2645 656 2702 deberent
676 2642 810 2699 oubelare
832 2641 867 2698 ad
893 2657 949 2710 mc,
975 2647 1004 2697 et
1057 2641 1204 2699 iterumiu
1219 2641 1322 2713 spiritu
1341 2641 1419 2696 norit
1438 2638 1526 2697 David
1542 2657 1607 2698 cnm
1626 2641 1733 2698 diceret
1747 2659 1755 2698 ε
1770 2644 1911 2718 Cognati,

158 2755 331 2815 cognoscere
345 2753 444 2794 rerum
457 2736 566 2803 Deum;
582 2736 744 2788 recsrsantes
757 2745 905 2785 assensum
926 2745 1003 2800 prae·
1058 2728 1184 2800 Domr'ue,
1203 2727 1274 2802 quia
1286 2728 1406 2800 aequitas
1423 2727 1609 2800 judiciales,
1628 2733 1655 2788 et
1672 2729 1704 2786 iu
1718 2731 1840 2790 obrituto
1858 2737 1913 2789 loa

154 2832 222 2888 berc
236 2830 320 2886 bone
342 2824 479 2892 scientiae,
498 2838 563 2895 qum
587 2835 701 2893 semper
714 2817 826 2875 homiui
847 2817 953 2874 assistit
971 2821 1004 2873 ut
1058 2817 1221 2876 dornitiosli
1233 2834 1277 2875 mr
1299 2817 1394 2890 (Paci.
1411 2817 1498 2890 carri).
1519 2819 1578 2874 lloc
1597 2819 1653 2875 talo
1676 2826 1737 2877 eei:
1761 2823 1814 2876 per
1828 2822 1913 2878 honi.

155 2921 231 2976 bona
245 2934 332 2992 opera
346 2919 482 2989 operetur
495 2913 525 2968 in
545 2912 613 2977 lieo,
633 2909 682 2964 sed
704 2909 872 2980 frequenter
892 2907 1002 2978 emple-
1023 2935 1043 2991 C
1060 2913 1148 2966 tatem
1167 2914 1246 2964 tuam
1268 2905 1299 2963 in
1324 2907 1447 2979 meipso
1467 2908 1599 2980 cognovi,
1615 2909 1745 2980 Domine,
1768 2926 1833 2968 cum
1852 2928 1911 2984 pro

70 2996 74 3004 ¹
155 3013 274 3066 utuntur
294 3003 517 3062 amaritudinem
537 2999 568 3055 iu
595 2997 818 3054 contradictione
839 2995 918 3062 boni,
938 3011 1003 3050 cum
1058 2996 1180 3072 peccatis
1205 2995 1277 3053 meis
1305 3011 1362 3051 uou
1379 2995 1507 3051 occidisti
1525 3011 1582 3064 me,
1602 3013 1660 3053 non
1680 2999 1812 3056 auterens
1835 3001 1912 3057 mihi

154 3115 185 3156 se
216 3097 294 3170 ipsos
317 3091 491 3165 despoliant,
524 3087 670 3159 sibiipsis
702 3086 864 3141 auferentes
895 3087 1004 3142 bonum
1058 3086 1199 3142 inanima
1221 3091 1249 3142 et
1268 3101 1390 3156 corpore
1411 3083 1568 3142 efficaciam
1586 3087 1734 3159 operandi,
1758 3089 1834 3160 quod
1855 3107 1910 3146 nce

156 3187 326 3242 thesaurum
348 3181 468 3236 diversae
495 3173 655 3248 iniquitatis
684 3173 739 3229 sibi
771 3171 1003 3229 mesaurizaudo.
1058 3179 1176 3248 propter
1195 3175 1365 3248 potentiam,
1390 3189 1443 3230 nec
1460 3179 1578 3248 propter
1597 3175 1671 3232 iram
1686 3180 1765 3232 tuam
1785 3177 1910 3250 plusju-

158 3277 191 3330 lit
204 3273 235 3329 in
257 3272 303 3328 bis
323 3273 438 3343 ponunt
452 3267 483 3322 iu
497 3263 658 3322 eoetcstlbus
677 3260 874 3317 circuitionem
899 3260 1005 3316 mantis
1059 3263 1135 3320 dieas
1157 3263 1187 3320 in
1210 3263 1364 3319 scientibus
1388 3267 1437 3318 eut
1452 3261 1654 3336 ignorantibus
1668 3280 1755 3337 quam
1775 3265 1833 3322 sini
1848 3281 1911 3324 me.

156 3381 215 3419 sore
238 3360 467 3436 quasiossuum
489 3355 563 3409 mate
583 3357 727 3424 opertum,
749 3349 936 3423 despicientes
954 3349 1005 3404 illa
1058 3353 1113 3410 rita
1133 3369 1244 3410 eorum.
1269 3355 1378 3408 ιιοιιιιιιι
1402 3352 1481 3408 enim
1510 3369 1612 3426 operor
1639 3353 1775 3410 luctando
1804 3361 1909 3412 comm

156 3455 185 3508 iu
201 3468 231 3508 se
253 3449 323 3522 ipsis
347 3463 399 3520 per
421 3445 529 3500 rabiem
551 3439 794 3508 subsannationis,
814 3438 853 3494 sic
878 3438 1005 3495 dicentes
1059 3457 1114 3498 me.
1133 3442 1240 3498 malum
1269 3457 1336 3496 rero
1356 3439 1496 3512 laciopcr
1519 3441 1778 3512 concupiscentiam
1800 3444 1907 3499 carnis,

155 3543 186 3597 iu
214 3539 299 3596 corde
327 3551 396 3592 suo:
422 3535 487 3589 llaec
515 3547 603 3605 opera
631 3528 784 3585 uoluntatis
809 3531 914 3585 uostrm
943 3531 1003 3582 tam
1059 3532 1092 3586 Et
1112 3529 1178 3587 ideo
1201 3531 1251 3586 das
1267 3529 1342 3585 bono
1358 3529 1518 3586 mercedem
1542 3529 1823 3602 etmalojudieium‚
1845 3548 1907 3588 nan

154 3632 273 3686 licenter
300 3627 393 3682 iacere
415 3637 565 3695 possumus
591 3634 678 3692 quam
699 3617 749 3674 illa
773 3632 839 3689 quae
869 3616 1004 3672 dicuutur
1058 3624 1154 3676 tamen
1172 3619 1255 3675 aliter
1268 3618 1400 3690 judicans
1415 3633 1501 3691 quam
1518 3619 1594 3690 quod
1617 3635 1733 3690 oequom
1746 3625 1774 3676 et
1792 3620 1906 3692 justum

156 3715 294 3783 coelestia,
309 3729 375 3786 quse
389 3709 501 3782 antiqui
512 3707 605 3781 (nobis
620 3705 830 3777 ignorantibus)
846 3703 1002 3761 secuudum
1058 3713 1109 3764 est.
1133 3707 1302 3774 Quomodo‘.l
1323 3707 1352 3763 Si
1370 3707 1462 3763 acrius
1482 3705 1603 3763 instares
1621 3723 1707 3780 quam
1731 3715 1798 3764 suut
1817 3725 1908 3782 opera

154 3806 230 3878 quod
246 3804 288 3861 ais
301 3799 410 3875 placuit
430 3798 627 3854 instituerunt.
652 3798 744 3868 Atque
758 3793 808 3849 tali
827 3795 911 3850 modo
934 3793 1002 3848 sub·
1057 3797 1209 3852 bominum
1232 3795 1262 3852 iu
1291 3800 1406 3870 peraeta
1438 3795 1563 3866 actione,
1590 3813 1648 3851 nou
1675 3803 1751 3852 esset
1783 3798 1908 3870 requires

154 3897 279 3952 saunant
298 3893 385 3947 rerba
402 3893 432 3945 et
453 3885 647 3942 institutiones
668 3881 854 3956 antiquorum
871 3884 1001 3949 Petrum,
1054 3883 1165 3957 judicii.
1180 3885 1209 3940 Si
1228 3899 1295 3940 raro
1318 3883 1413 3956 tepide
1435 3884 1595 3956 negligeres
1617 3885 1655 3940 ita
1675 3891 1706 3942 ut
1720 3903 1778 3942 non
1795 3903 1907 3958 pravo.

155 4001 220 4056 quae
243 3997 295 4055 per
320 3980 436 4036 coeleste
457 3992 529 4048 opus
558 3974 590 4029 iu
618 3989 665 4029 me
690 3974 791 4046 positae
820 3975 896 4026 sunt.
923 3971 1001 4027 ttnde
1057 3973 1181 4030 oaresad
1199 3973 1407 4046 poenitcutiam,
1425 3978 1453 4028 et
1475 3973 1551 4046 quod
1574 3979 1723 4030 nouesset
1749 3975 1907 4048 exquisitio

78 4111 83 4123 ι
154 4071 240 4129 etiam
258 4071 289 4126 iu
315 4073 401 4141 gustu
431 4064 513 4137 pravi
544 4063 640 4133 operis
667 4062 744 4117 relrrt
772 4059 924 4131 intingue
950 4075 1002 4114 sua
1056 4064 1085 4119 in
1109 4063 1282 4135 purgatione
1304 4061 1477 4134 iniquitatis,
1507 4067 1574 4118 tuuc
1594 4067 1625 4118 tu
1642 4062 1737 4134 justos
1761 4063 1834 4120 Deus
1857 4065 1909 4122 de·

155 4162 338 4216 commovent
354 4173 384 4211 se
403 4151 641 4210 ettrauseuntiu
663 4149 783 4206 audacia
806 4146 1002 4220 possibilitatis
1056 4151 1154 4206 linires
1182 4155 1209 4204 et
1232 4149 1397 4206 confoveres
1426 4149 1608 4223 injustitiam.
1641 4153 1714 4208 mors
1735 4153 1813 4209 enim
1843 4161 1907 4210 emp

155 4267 214 4306 sum
230 4265 259 4304 se
278 4247 355 4320 ipsos
371 4243 431 4301 :ila
442 4241 519 4316 quod
534 4239 719 4313 pertinaciter
733 4235 891 4308 adimplent
902 4235 1001 4290 rotun·
1019 4231 1041 4287 ll
1056 4239 1201 4313 quondam
1231 4239 1443 4296 amarissimum
1474 4240 1617 4312 judicium
1643 4241 1671 4296 iu
1696 4247 1786 4298 morte
1808 4243 1878 4299 bdae
1899 4263 1906 4300 :

154 4343 318 4404 totessuas,
340 4331 468 4389 uolentes
489 4327 595 4385 habere
617 4324 852 4383 constrictionem
875 4321 1003 4395 corporis
1056 4345 1133 4385 nuno
1153 4334 1249 4385 autem
1273 4329 1383 4384 reddita
1406 4328 1541 4402 gratiaiu
1560 4330 1737 4404 paenitentia,
1767 4347 1907 4388 reuocans

155 4428 200 4484 sui
219 4431 318 4483 contra
332 4422 410 4488 sitia,
433 4419 482 4475 sed
497 4419 605 4490 absque
627 4414 726 4471 labore
749 4413 793 4468 sui
816 4411 936 4484 spiritus
948 4427 1002 4467 ro·
1056 4418 1202 4474 hominem
1230 4417 1265 4473 ad
1296 4417 1394 4484 vitam,
1424 4418 1500 4490 quod
1537 4418 1715 4491 impossibile
1744 4425 1820 4477 esset
1841 4420 1908 4478 sieri

157 4516 288 4570 lntautur
311 4511 341 4566 in
360 4505 508 4565 desideriis
538 4503 632 4560 caruis
658 4519 717 4558 suae
740 4501 822 4575 quasi
855 4500 887 4556 iu
915 4506 1000 4567 terra,
1054 4522 1108 4577 per
1131 4507 1232 4574 ullum,
1256 4504 1312 4561 uisi
1336 4521 1388 4578 per·
1412 4511 1440 4562 te
1462 4507 1562 4564 baum.
1589 4509 1623 4562 Et
1646 4507 1700 4564 boc
1720 4513 1763 4564 est
1781 4509 1908 4580 justissi-

154 4619 219 4676 ‘llloe
235 4607 277 4657 0³²
292 4597 432 4655 diflb⁰ll⁰⁸
445 4593 583 4652 ⁸⁸d00210·
1057 4611 1136 4650 mum
1155 4599 1184 4650 et
1205 4593 1402 4667 aequissimum
1421 4595 1561 4666 judicium
1586 4601 1678 4664 tuum,
1697 4599 1831 4670 purgatio
1853 4599 1908 4652 501.

188 4693 223 4748 Ει
237 4689 314 4763 quod
333 4687 414 4742 vides
435 4683 603 4758 praedictum
625 4684 711 4753 caput
733 4676 872 4733 mirabilis
892 4677 1000 4745 terrum,
1056 4683 1167 4740 lieetad
1181 4683 1268 4739 rilem
1285 4697 1349 4738 cum
1369 4683 1470 4755 gratia,
1488 4683 1625 4754 quoniam
1643 4684 1799 4758 uuicuique
1823 4689 1906 4758 operi

42 4764 45 4772 ¹
154 4786 210 4842 hoc
226 4790 269 4840 cst
288 4782 365 4855 quod
389 4781 418 4836 in
441 4779 502 4835 zelo
523 4775 638 4835 Domini
660 4779 726 4831 suut
754 4773 897 4831 mirabilia
913 4778 942 4828 et
955 4773 1003 4828 ad·
1054 4771 1086 4828 in
1110 4777 1186 4828 recta
1213 4786 1348 4826 mensura
1377 4771 1534 4828 metientur
1557 4771 1667 4844 judicia
1692 4778 1752 4829 tna.
1779 4775 1849 4830 llum
1874 4775 1906 4830 in

156 4873 287 4930 mirande
307 4869 418 4944 judicia
440 4868 500 4937 liei,
520 4882 616 4939 quaa
634 4863 715 4921 nullo
738 4863 856 4920 bomine
877 4861 1002 4934 peccatis
1055 4859 1175 4916 ueritate
1209 4863 1276 4915 snut
1310 4861 1407 4916 omnia
1436 4877 1501 4934 quea
1530 4859 1608 4934 lacis,
1630 4859 1670 4915 ita
1693 4863 1769 4934 quod
1793 4864 1905 4920 nullom

153 4967 272 5033 gravato
293 4959 503 5031 sciripossunt.
525 4955 606 5021 Quod
621 4970 687 5009 vcro
713 4950 806 5008 eidem
826 4951 932 5024 angulo
955 4967 1001 5006 ca·
1055 4947 1235 5005 nimietatem
1261 4963 1374 5004 exerces
1398 4965 1484 5022 supra
1508 4949 1627 5006 modum
1652 4949 1809 5020 fallaciter;
1836 4953 1906 5024 quia

156 5049 244 5106 terius
277 5046 465 5104 immobiliter
486 5061 503 5100 a
522 5044 595 5099 collo
618 5042 785 5115 impositum
808 5044 862 5108 est,
885 5039 940 5095 hoc
959 5043 1003 5095 est
1054 5037 1141 5093 fallax
1163 5035 1299 5112 estquod
1319 5037 1383 5109 plus
1407 5039 1438 5094 in
1462 5037 1565 5107 nimio,
1587 5039 1631 5094 rel
1654 5039 1748 5095 minus
1767 5041 1796 5096 in
1815 5057 1905 5113 parvo

157 5137 233 5212 quod
257 5138 336 5194 zelus
357 5151 438 5192 maus
460 5134 595 5189 adsersus
616 5130 773 5198 diabolum,
796 5133 829 5185 ut
850 5127 880 5183 iu
907 5127 1001 5182 Veteri
1056 5141 1142 5198 quam
1155 5124 1233 5198 quod
1252 5125 1363 5196 justum
1386 5129 1437 5181 est.
1454 5125 1509 5183 Sed
1528 5131 1626 5182 tamen
1641 5127 1735 5198 parcis
1753 5126 1782 5182 iu
1804 5127 1902 5182 multis

154 5229 336 5283 l'estemento
356 5239 410 5296 per
431 5220 575 5279 Abrabam
600 5225 630 5277 et
650 5220 757 5276 llosem
779 5221 926 5273 ostensum
947 5219 1000 5287 est,
1055 5212 1289 5270 miserationibus
1319 5213 1456 5284 potentiue
1480 5219 1546 5284 tuas,
1565 5230 1624 5271 uou
1648 5215 1782 5271 occidens
1810 5215 1903 5271 ullum

154 5317 186 5372 iu
219 5312 394 5388 speculativa
423 5310 542 5366 scientia
573 5312 603 5364 et
633 5308 762 5363 haimone
795 5303 1001 5361 exercitatione
1055 5317 1108 5374 per
1124 5299 1344 5373 possibilitatem
1369 5301 1532 5358 clarissimae
1558 5303 1671 5359 virtutis
1693 5309 1767 5360 tuae:
1789 5304 1905 5360 horde-

155 5403 280 5460 exterius
301 5407 422 5476 apparet
444 5399 477 5456 in
498 5395 608 5453 risione
630 5395 816 5470 populorum,
840 5398 871 5449 ut
898 5408 945 5449 rue
968 5391 1003 5447 ti·
1055 5395 1159 5464 putans
1181 5388 1210 5446 in
1233 5393 1261 5446 tc
1285 5391 1346 5463 ipso
1374 5391 1450 5464 quod
1480 5391 1572 5464 parcis
1606 5408 1657 5466 per
1686 5393 1903 5466 poeniteutiam

156 5497 261 5560 meant,
276 5491 359 5549 ocrrlo
375 5487 409 5545 ad
425 5486 540 5546 orarium
560 5489 698 5544 terror-uu
715 5499 811 5542 meum
833 5481 1000 5550 sentientes,
1055 5479 1177 5552 ideoque
1187 5477 1222 5534 de
1242 5477 1440 5536 misericordia
1452 5485 1500 5536 tua
1517 5479 1665 5538 humiliavi
1683 5499 1738 5547 mo,
1754 5483 1824 5535 dous
1840 5483 1903 5554 glo.
