3984 6034
153 246 201 294 dil
825 193 830 202 ·
882 240 913 294 S.
939 239 1173 296 llllbrfletltbls
1850 245 1905 294 aaa

149 371 258 428 debuit.
275 371 382 429 Idcirco
403 375 434 427 tu
461 371 597 442 quibua
627 374 855 444 praesumptuose
878 376 908 426 et
929 387 998 428 cru·
1016 377 1039 429 Α
1054 377 1083 428 ta
1096 373 1190 428 elevas
1212 372 1248 427 ed
1268 371 1319 428 illa
1335 372 1445 427 excelsa
1465 385 1532 444 qum
1549 387 1606 427 uon
1624 376 1705 444 potes
1723 373 1840 440 intueri,
1869 377 1912 427 ert

148 461 252 515 deliter
265 476 317 534 per
340 459 516 516 occisionem
534 459 614 527 tacis,
644 460 758 516 beatam
774 459 999 531 intelligentiam
1053 476 1141 532 super
1156 459 1287 516 animum
1315 465 1414 527 tunm3
1442 475 1527 532 quem
1550 460 1666 540 'injuste
1698 460 1784 534 erigis
1803 467 1910 518 conus

148 550 253 621 regalis
267 549 426 622 prophetia
440 549 472 604 in
486 555 514 605 te
531 549 680 615 interficis,
696 549 764 620 quia
778 549 875 604 aalma
890 554 940 604 tua
953 549 999 604 de·
1052 567 1110 615 me,
1126 550 1198 605 illod
1214 550 1322 604 malum
1347 549 1493 604 conculcet
1516 553 1544 604 te
1563 549 1592 604 in
1617 549 1785 621 depressum
1805 552 1906 606 locum

148 639 230 693 beret
244 637 395 710 providere
410 639 465 692 sibi
483 653 588 709 puram
612 637 770 706 scientiam,
798 637 920 692 fideliter
943 637 998 692 sci·
1052 639 1088 692 de
1106 654 1163 710 quo
1179 642 1208 693 ta
1229 638 1324 693 levare
1343 653 1402 692 non
1426 636 1531 708 possis,
1552 637 1583 692 in
1609 642 1717 693 rectam
1736 655 1908 694 mensuram

89 759 92 764 -
147 727 251 781 licetin
267 727 317 781 illa
333 725 516 798 simplicitate
540 741 604 797 quse
622 725 806 794 conveniens,
831 729 861 780 et
881 726 997 781 credere
1051 725 1256 798 propositionis
1271 725 1353 792 fidoi,
1379 725 1429 796 qui
1451 730 1530 780 recta
1559 725 1679 797 vestigia
1704 726 1746 782 ire
1768 726 1901 796 uoluisti,

148 816 289 871 iulleum.
315 817 394 871 Tunc
411 814 542 888 praecipit
562 816 637 869 Deus
653 815 714 871 zelo
735 814 897 887 purissimae
910 815 995 886 justi·
1051 815 1099 870 sed
1115 815 1303 870 insensatae
1326 829 1465 884 maguum
1489 812 1613 870 schisma
1638 813 1804 885 quaesivisti.
1827 815 1905 871 Nam

147 905 352 976 timeumque
368 920 425 958 noo
449 903 535 958 babet
556 902 646 958 ullam
667 903 810 958 maculam
824 901 994 974 iniquitatis,
1051 919 1083 957 os
1106 906 1188 958 tuum
1210 900 1247 956 sit
1267 900 1399 956 relictum
1424 919 1440 956 a
1463 900 1558 956 verbis
1573 900 1739 971 sapientioe3
1759 903 1901 974 quoniam

147 1008 251 1047 vocans
271 1007 403 1063 comper
417 992 607 1046 rectissimam
630 989 771 1046 unitatem
784 990 887 1061 judicii
916 990 996 1061 judi·
1050 992 1179 1047 locutum
1201 995 1243 1045 est
1271 993 1370 1045 contra
1397 990 1519 1045 salutem
1544 994 1634 1056 tuam,
1663 1005 1727 1044 com
1759 991 1904 1046 fallaciter

146 1081 257 1136 ciorum
271 1095 402 1148 suorum,
418 1080 458 1135 sic
473 1080 588 1135 dicens:
605 1079 719 1134 festina
732 1084 762 1134 et
771 1079 902 1151 opprime
912 1079 995 1135 illum
1050 1083 1192 1136 scrutatus
1207 1095 1236 1134 es
1251 1083 1389 1134 secretam
1405 1082 1434 1134 et
1458 1077 1778 1149 incomprehensibilem
1795 1078 1903 1134 divini·

146 1170 181 1222 de
203 1169 280 1224 bona
300 1167 419 1224 scientia
444 1183 496 1223 sua
520 1183 608 1239 quam
628 1166 787 1222 habuitne
810 1167 938 1238 quiescat
964 1168 995 1222 in
1049 1171 1147 1236 tamin,
1168 1178 1347 1239 praesumens
1369 1167 1441 1222 scire
1457 1182 1522 1238 quae
1541 1182 1600 1222 non
1615 1171 1683 1221 sunt
1708 1166 1832 1235 scienda,
1855 1173 1901 1222 te-

147 1259 205 1312 olla
232 1257 368 1313 felicitate
396 1256 442 1312 sui
469 1272 585 1324 seusus;
615 1255 752 1328 quoniam
778 1257 893 1312 nullum
929 1256 996 1312 fecit
1049 1271 1128 1312 mere
1143 1255 1241 1312 diceus
1258 1255 1289 1311 in
1305 1260 1333 1310 te
1354 1254 1417 1328 ipso
1438 1255 1507 1327 quid
1523 1256 1598 1310 Deus
1613 1255 1650 1310 sit
1666 1253 1821 1322 benessio,
1843 1271 1903 1326 per

145 1347 218 1402 mihi
240 1345 371 1419 requiem
386 1346 418 1400 in
437 1345 522 1401 corde
539 1361 614 1400 meo.
634 1347 667 1400 lit
681 1344 721 1400 sic
751 1344 837 1417 plaga
856 1345 910 1400 zeli
941 1347 994 1402 lto
1049 1344 1241 1402 temeritatem
1279 1343 1363 1399 istam
1403 1343 1535 1400 occidens
1569 1343 1738 1399 interiorem
1772 1344 1899 1398 salutem

145 1433 216 1489 mini
231 1434 356 1505 percutit
368 1434 453 1489 illum
469 1448 476 1488 :
493 1433 534 1488 ita
548 1433 626 1507 quod
640 1433 719 1489 nulla
734 1433 889 1488 scintillula
905 1433 992 1489 ullius
1047 1436 1138 1500 tuam,
1167 1447 1234 1487 cum
1261 1434 1342 1487 cante
1370 1429 1401 1485 in
1425 1431 1516 1488 Deum
1544 1431 1661 1488 credere
1693 1431 1824 1501 noluisti,
1848 1433 1903 1486 sed

146 1521 221 1577 oculi
243 1520 297 1594 ipsi
320 1521 503 1593 permanebit
532 1521 569 1577 ad
592 1520 756 1587 ridendum,
779 1521 865 1577 idest
885 1537 992 1594 cogno·
1047 1525 1075 1575 te
1095 1520 1218 1591 superbe
1237 1523 1420 1574 cortracum
1444 1517 1569 1574 erexisti.
1601 1519 1654 1584 Qui
1681 1523 1779 1574 autem
1798 1523 1901 1574 acutas

144 1608 281 1664 scendum
315 1611 417 1664 Deum.
447 1609 526 1664 Unde
553 1614 583 1665 et
609 1609 732 1666 moritur
752 1609 876 1680 justitiae
898 1609 992 1665 vitalis
1047 1623 1131 1663 aures
1155 1605 1302 1662 interioris
1329 1606 1490 1662 intellectus
1521 1606 1632 1662 hebet:
1656 1607 1703 1663 bic
1725 1607 1755 1663 iu
1782 1608 1901 1662 ardenti

144 1694 359 1766 consolationis,
378 1712 409 1751 se
424 1695 520 1768 ipsum
535 1711 593 1752 oon
612 1697 709 1752 valens
730 1713 840 1769 regere.
855 1697 934 1752 Tunc
953 1697 993 1752 di·
1013 1671 1145 1752 Bamore
1171 1694 1279 1767 speculi
1298 1693 1366 1762 mei,
1388 1695 1424 1750 ad
1449 1694 1536 1750 rerba
1552 1694 1613 1750 brac
1631 1695 1747 1752 anhelet
1769 1700 1798 1751 et
1815 1693 1850 1750 ola
1868 1695 1900 1750 in

144 1784 182 1838 cit
193 1783 228 1839 ad
244 1799 311 1839 eum
327 1785 402 1840 Deus
419 1799 426 1838 :
441 1784 699 1856 sanguinolentum
715 1784 793 1840 oefes
809 1789 901 1853 tuum,
931 1800 990 1856 quo
1045 1781 1379 1840 conscientiaanimisui
1399 1782 1568 1839 conscribat.

802 2057 953 2131 VISIO
994 2056 1224 2130 OCTAVA.

139 2217 313 2271 Seusamora.
330 2243 364 2252 —
387 2211 478 2268 Verba
501 2209 685 2268 numilitatis.
713 2207 803 2267 Verba
817 2208 982 2265 charitatis.
1010 2207 1100 2266 Verba
1123 2207 1245 2263 timoris.
1273 2205 1363 2264 Verba
1389 2205 1560 2262 obedientie.
1583 2207 1673 2264 Verbo
1686 2207 1768 2278 fidei.
1796 2211 1895 2268 Verba

178 2285 253 2358 spei.
293 2283 387 2339 Verba
417 2281 571 2338 castitatis.
613 2281 703 2337 Verba
736 2280 838 2352 gratiae
869 2279 923 2334 Dei
940 2281 981 2336 od
998 2277 1223 2334 admonitionem
1248 2277 1409 2334 neminum.
1438 2278 1517 2348 Quod
1540 2279 1707 2334 immanitas
1733 2280 1898 2337 saluatoris

176 2354 400 2412 ecclesiasticam
413 2353 627 2421 edificationem
648 2355 824 2419 untertana,
835 2354 959 2423 apparet
971 2350 1004 2405 in
1013 2350 1077 2419 fide
1093 2350 1264 2432 populorum
1281 2348 1407 2416 fideliter
1422 2348 1612 2421 operantium.
1633 2350 1710 2416 Quod
1729 2351 1897 2408 srnctitndo

175 2442 248 2482 ceree
258 2423 471 2480 incantationis
480 2422 612 2479 inmanis
622 2423 764 2478 mentibus
774 2423 953 2489 obumbrata,
965 2421 1002 2476 ab
1010 2419 1195 2476 interioribus
1200 2419 1258 2492 fide
1270 2423 1298 2473 et
1308 2435 1394 2490 opere
1402 2421 1589 2490 cognoscitur,
1613 2419 1800 2476 exterioribus
1806 2423 1897 2490 fania

176 2500 205 2553 et
216 2513 284 2552 uoce
296 2493 513 2561 manifestatur.
526 2493 667 2562 Quadrati
680 2497 740 2549 flea
750 2492 896 2565 cognitum
909 2495 953 2547 est
964 2494 1032 2564 quot
1046 2497 1074 2546 et
1092 2491 1193 2562 quoles
1199 2490 1305 2558 futuri
1321 2489 1380 2544 sint
1403 2493 1435 2544 ut
1459 2490 1625 2561 pectinatur
1647 2507 1751 2573 corpur
1774 2491 1894 2549 Christi.

177 2567 258 2638 Qreod
269 2567 370 2622 omnia
384 2581 470 2636 opera
482 2563 630 2619 incarnati
643 2563 715 2618 Filii
728 2564 782 2619 Dei
793 2565 820 2619 et
830 2561 960 2618 collectio
981 2559 1160 2618 Ecclesiaste
1177 2559 1447 2632 quatuorpartibua
1474 2561 1585 2628 mnndi,
1613 2565 1681 2616 sunt
1694 2579 1726 2616 sn
1747 2563 1898 2620 voluntate

179 2638 288 2695 Patris.
307 2635 386 2702 Quod
408 2635 440 2690 in
463 2635 574 2692 Christo
595 2651 694 2690 omnes
714 2633 835 2690 uirtutes
860 2635 944 2688 muto
964 2631 1059 2687 studio
1074 2631 1199 2702 pleniter
1220 2635 1377 2702 operantur
1399 2635 1427 2684 et
1441 2630 1472 2684 in
1494 2631 1557 2712 ipso
1579 2636 1677 2703 operte
1700 2632 1896 2702 manifestatae

178 2710 255 2763 sant.
279 2706 356 2773 Quod
376 2711 487 2778 septem
510 2707 759 2776 uirtutes,septem
778 2705 854 2760 dorca
863 2702 992 2774 Spiritus
1013 2701 1110 2758 sancti
1130 2700 1306 2772 significant.
1329 2701 1420 2758 Verbo
1446 2704 1529 2757 lracae
1556 2701 1592 2757 de
1624 2701 1723 2758 cadem
1741 2718 1786 2759 re.
1800 2705 1897 2761 Verbo
1970 2717 1971 2728 *

175 2777 336 2834 Solomonis
358 2776 538 2833 Mcanrdem
557 2793 629 2831 rem.
647 2780 685 2830 lle
706 2778 786 2831 statu
808 2778 836 2829 et
850 2774 951 2830 babitu
973 2772 1175 2844 praedictarum
1196 2771 1334 2827 virtutum
1347 2774 1374 2827 et
1391 2770 1462 2843 qnid
1480 2770 1631 2844 significet.
1654 2774 1696 2828 De
1711 2774 1893 2832 bumilitate.

175 2847 374 2906 Decbaritate.
391 2848 433 2902 De
444 2847 546 2903 timore
558 2846 679 2902 Domini.
706 2848 749 2900 De
761 2844 931 2901 obedienta.
945 2844 990 2900 De
1007 2843 1074 2915 lide.
1092 2844 1135 2898 De
1157 2859 1217 2914 spe.
1243 2846 1280 2898 lle
1301 2841 1445 2898 castitate.
1473 2842 1623 2916 Deyratia
1650 2843 1704 2900 Dei
1714 2847 1743 2900 et
1755 2849 1837 2902 statu
1863 2851 1895 2902 et

176 2919 276 2974 nabitu
285 2920 349 2990 ejus
362 2921 390 2973 et
403 2918 472 2990 quid
481 2917 630 2990 significet.

177 3125 325 3182 Etdeiude
344 3126 375 3180 in
397 3125 481 3198 plaga
505 3122 666 3179 meridiana
684 3122 715 3178 in
733 3122 854 3194 proetato
873 3121 987 3193 lapideo
1007 3120 1260 3192 Cdiligentieeime
1303 3121 1529 3178 considerabam.
1563 3123 1639 3178 Talis
1668 3123 1758 3194 igitur
1787 3125 1892 3181 simili-

139 3229 223 3269 muro
240 3212 428 3269 demonstrati
451 3210 567 3266 aedilicii
590 3211 665 3266 ultra
688 3209 857 3282 predictam
874 3209 985 3265 coluru-
1014 3208 1127 3280 ¹tudo!
1143 3209 1174 3264 in
1208 3209 1250 3264 eis
1280 3214 1351 3279 eret,
1386 3225 1485 3266 omues
1524 3214 1557 3264 ut
1591 3209 1654 3265 alise
1676 3211 1795 3268 uirtutes
1824 3229 1892 3285 qum

139 3316 207 3356 nam
228 3316 303 3356 recia
325 3299 481 3362 Trinitatis,
504 3298 611 3354 iterum
633 3297 694 3353 ridi
717 3298 800 3370 quasi
821 3298 986 3353 columnam
1040 3303 1318 3371 supramemorata
1347 3303 1425 3364 sunt,
1454 3298 1542 3354 veluti
1580 3299 1706 3355 restibus
1743 3303 1891 3358 anserice

139 3404 275 3460 maguam
293 3392 323 3443 ct
334 3387 534 3444 obumbratam
549 3387 626 3442 intra
641 3390 670 3441 et
681 3391 762 3442 extra
771 3386 926 3442 edificium
937 3402 987 3458 ap·
1040 3384 1242 3442 induebantur.
1270 3385 1324 3444 Sed
1359 3392 1388 3442 et
1409 3401 1511 3442 omnes
1539 3386 1611 3442 albis
1638 3386 1765 3444 crinibus
1782 3395 1891 3446 retecto

81 3507 88 3514 ·
138 3482 299 3549 parentem,
332 3491 398 3545 qua
423 3475 531 3530 scilicet
566 3474 639 3530 abui
665 3479 814 3531 meolam
850 3474 987 3530 umbrosa
1040 3477 1142 3550 capite,
1159 3482 1188 3532 ct
1202 3478 1308 3550 absque
1323 3476 1431 3533 amictu
1443 3477 1598 3548 palliorum
1613 3478 1793 3548 incedebant,
1816 3496 1891 3551 prae-

137 3565 282 3637 apparuit,
302 3567 337 3620 ut
357 3579 411 3619 neo
437 3562 678 3634 magnitudinem,
717 3578 770 3618 neo
803 3562 984 3618 altitudinem
1039 3569 1084 3621 tar
1109 3565 1233 3636 primam
1263 3581 1343 3620 more
1370 3565 1497 3622 femineo
1518 3566 1550 3620 in
1571 3567 1663 3638 eapite
1685 3568 1820 3638 relatum,
1845 3574 1890 3624 at·
1970 3587 1971 3620 l

137 3655 201 3724 ejus
220 3667 392 3723 cognoscere
410 3652 545 3708 valerem.
577 3652 610 3706 lit
636 3650 712 3706 inter
730 3651 895 3706 columnam
911 3649 985 3706 hanc
1040 3668 1096 3724 que
1129 3653 1213 3724 quasi
1241 3653 1338 3708 casula
1373 3658 1514 3725 tanquam
1551 3654 1702 3724 crystallus
1739 3654 1891 3727 perlucida
1970 3701 1971 3710 ,

137 3747 224 3814 atque
253 3741 417 3796 columnam
447 3756 522 3796 verm
551 3739 699 3796 Trinitatis
718 3743 780 3795 erat
805 3739 985 3811 interruptus
1039 3741 1179 3809 indutam,
1198 3747 1227 3796 et
1249 3745 1355 3812 praeter
1380 3742 1536 3798 secundum
1571 3743 1671 3814 nigros
1692 3743 1811 3816 capillos
1835 3745 1891 3799 ha-

135 3832 215 3886 locus
228 3829 417 3902 longitudinis
431 3829 522 3884 trium
542 3829 717 3896 cubitorum,
739 3843 903 3900 vacuusque
922 3828 984 3884 abs·
1037 3828 1164 3896 beatem,
1186 3833 1272 3901 atquc
1303 3835 1409 3901 praeter
1439 3830 1553 3885 tertiam
1573 3847 1638 3902 quse
1660 3831 1808 3888 dissimilis
1830 3833 1888 3887 hu-

136 3934 193 3991 que
224 3934 319 3988 muro,
338 3922 370 3973 ot
393 3918 526 3989 superius
554 3923 701 3973 ostensum
726 3923 779 3986 est,
795 3917 984 3982 fundamento
1038 3932 1132 3972 meum
1159 3916 1261 3972 forma
1283 3917 1443 3974 videbatur.
1466 3918 1563 3974 Prima
1587 3933 1703 3990 quoque
1727 3927 1756 3975 et
1784 3926 1889 3992 quarta
1970 3979 1971 3982 ,

135 4007 177 4062 ibi
199 4011 312 4062 mutum
336 4004 437 4078 posito.
463 4006 616 4076 lfaecergo
639 4005 777 4060 umbrosa
798 4006 984 4061 columbeio
1038 4011 1123 4078 atque
1160 4007 1272 4078 quinta,
1294 4006 1378 4062 *albis
1406 4005 1512 4062 tunicis
1543 4006 1748 4064 vestiebantur.
1779 4009 1888 4066 Omnes

135 4094 191 4149 hoc
206 4094 269 4166 ipso
281 4093 404 4150 aedificio
418 4094 448 4147 io
470 4092 519 4148 illo
533 4093 594 4147 loco
619 4092 722 4160 stabat,
746 4093 796 4149 arbi
804 4093 934 4177 desuper
953 4093 983 4148 iu
1038 4094 1213 4150 etiam'alba
1240 4093 1433 4151 calceamenta
1463 4095 1618 4164 habebant,
1651 4101 1771 4168 exceptu
1800 4099 1888 4152 tertis

135 4182 298 4239 caelestibus
323 4179 466 4252 mysteriis
489 4197 585 4235 coram
607 4181 665 4236 lleo
688 4181 772 4239 illurn
796 4188 984 4254 magnumst
1036 4182 1194 4240 secundum
1211 4183 1337 4254 speciem
1360 4182 1485 4240 hominis
1506 4200 1565 4239 non
1593 4191 1762 4257 apparente,
1784 4189 1816 4241 ut
1842 4185 1887 4241 di·

134 4270 306 4343 quadratum
318 4268 545 4341 lucidissimique
559 4268 691 4325 candoris
704 4269 886 4342 splendorem
901 4270 983 4340 prius
1036 4276 1113 4327 ctum
1143 4276 1195 4340 cst,
1226 4277 1390 4344 etexcepte
1416 4277 1605 4345 quartaque
1632 4273 1804 4345 crystallinis
1830 4276 1889 4329 cal-
1970 4321 1971 4342 ,

134 4360 272 4427 videram,
289 4357 340 4431 qui
359 4361 501 4412 secretum
522 4357 640 4430 superni
662 4358 805 4413 (nestoris
829 4358 982 4430 designans
1036 4361 1191 4415 ceameotis
1208 4357 1282 4416 miro
1315 4361 1401 4416 modo
1422 4360 1585 4417 lucentibus
1609 4361 1797 4417 calceabatur.
1819 4363 1888 4418 llaec

133 4449 165 4503 in
179 4447 305 4503 maximo
322 4447 467 4519 mysterio}
478 4446 552 4501 mihi
576 4445 775 4502 manifestatos
800 4451 853 4515 est,
875 4447 905 4502 in
924 4463 982 4518 quo
1037 4449 1178 4504 antemio
1193 4448 1299 4504 eisfuit
1314 4447 1526 4505 dissimilitudo.
1970 4437 1971 4442 ¹

133 4536 304 4592 etiamalius
322 4535 459 4606 splendor
482 4535 560 4590 velut
579 4549 686 4589 aurora
715 4535 746 4589 in
759 4551 790 4590 se
813 4549 926 4591 sermm
952 4535 982 4590 io
1072 4536 1169 4592 Prima
1197 4537 1295 4608 imago
1330 4537 1463 4608 portabat
1487 4551 1625 4593 coronam
1648 4553 1766 4593 auream
1795 4539 1885 4611 capiti

131 4626 191 4681 alto
205 4639 359 4696 purpureae
374 4623 615 4678 lucisclaritatem
632 4622 740 4678 habens
763 4623 905 4694 fulgebat;
930 4639 982 4695 per
1036 4641 1087 4681 suo
1122 4623 1296 4696 impositam,
1325 4630 1383 4680 tres
1405 4639 1502 4679 ramos
1532 4625 1618 4680 altius
1653 4629 1795 4681 exstantes
1828 4626 1887 4680 lra-

132 4729 219 4787 quem
238 4712 311 4768 milri
325 4712 357 4766 in
373 4711 494 4782 mystica
514 4711 679 4766 ostensione
698 4711 869 4782 mysterium
890 4713 983 4767 iucar-
1033 4713 1162 4781 beatem,
1191 4718 1277 4785 etque
1309 4712 1524 4785 pretiosissimis
1558 4713 1701 4784 lapidibus
1733 4714 1885 4772 viridiset

130 4800 580 4858 natifiliilleidemoustratom
603 4800 758 4856 fueratis
778 4800 979 4856 columuaau·
1033 4801 1117 4858 rubei
1141 4801 1245 4856 coloris
1274 4805 1303 4856 et
1321 4800 1394 4870 albis
1419 4800 1513 4856 bacam
1545 4800 1635 4856 molta
1659 4801 1818 4872 fulgentem
1838 4820 1886 4857 or-

130 4889 300 4945 temistaab
320 4890 379 4946 imo
399 4904 492 4961 usque
515 4888 550 4944 ad
569 4903 715 4943 summum
731 4888 793 4960 ejus
807 4887 837 4943 in
860 4887 979 4944 modum
1034 4896 1114 4946 natu.
1137 4890 1169 4946 lu
1193 4893 1308 4960 pectore
1340 4905 1407 4944 vero
1430 4905 1482 4944 suo
1497 4889 1620 4945 habebat
1635 4891 1783 4962 speculum
1810 4891 1884 4946 luci·

129 4978 211 5034 scalae
232 4993 365 5033 ascensus
392 4981 463 5042 erat,
494 4975 545 5032 ubi
572 4993 673 5032 omues
698 4975 818 5031 virtutes
842 4975 894 5030 liei
913 4976 978 5032 des·
1033 4977 1195 5044 dissimum,
1215 4977 1246 5032 in
1274 4993 1332 5049 quo
1357 4976 1431 5031 mira
1460 4976 1590 5032 claritate
1619 4976 1717 5048 imago
1740 4977 1883 5033 incarnati

130 5067 283 5123 candentes
297 5073 326 5123 et
340 5066 525 5122 ascendentes
539 5070 673 5121 oneratas
690 5064 835 5136 lapidibus
849 5063 885 5120 ad
906 5079 979 5136 opos
1033 5065 1097 5121 Filii
1119 5065 1168 5120 Dei
1191 5065 1357 5136 apparebat.
1381 5065 1414 5121 Et
1428 5064 1490 5119 ait:
1513 5065 1571 5136 ligo
1590 5079 1653 5120 sum
1671 5065 1806 5122 columna
1823 5065 1880 5121 hn-

129 5171 214 5211 suum
230 5156 272 5210 ire
290 5155 434 5223 ridebam,
468 5154 612 5210 intentum
637 5153 766 5209 studium
795 5153 873 5208 idem
905 5169 978 5225 opos
1032 5153 1145 5209 milium
1167 5152 1320 5220 mentium,
1343 5157 1372 5208 et
1395 5153 1572 5208 interfectrix
1598 5153 1792 5226 'superborum
1815 5169 1878 5210 cor·

129 5242 298 5316 perficiendi
326 5243 473 5300 habentes.
499 5243 534 5298 lit
552 5241 647 5298 audiri
678 5241 805 5297 lucidum
828 5241 910 5297 illum
926 5243 977 5314 qui
1031 5242 1123 5298 dium.
1148 5242 1180 5296 ln
1202 5241 1323 5297 minimo
1351 5241 1445 5313 incepi
1472 5245 1501 5296 et
1516 5240 1552 5298 ad
1572 5239 1813 5299 arduacoelorum
1833 5259 1880 5299 as-

128 5331 247 5388 sedebat
271 5333 303 5388 in
329 5333 438 5388 throno
460 5331 625 5386 dicentem:
655 5329 705 5386 lsti
729 5329 877 5385 tortissimi
905 5345 975 5402 ope·
1030 5330 1128 5400 cendi3
1155 5329 1267 5386 Lucifer
1291 5331 1381 5386 erexit
1399 5345 1430 5385 se
1456 5345 1570 5386 sumum
1601 5345 1689 5402 super
1714 5346 1755 5400 se,
1773 5335 1803 5388 et
1818 5349 1880 5388 cor·

128 5421 197 5475 rarii
225 5418 275 5478 liei
307 5425 383 5476 suut.
419 5419 474 5476 Sed
506 5418 584 5474 iuter
609 5417 975 5491 basvirtutes,prec1pue
1029 5419 1089 5474 ruit
1100 5419 1154 5474 sub
1182 5433 1212 5474 se
1226 5418 1382 5476 ideonum.
1408 5419 1542 5492 Quisquis
1557 5434 1604 5475 me
1618 5420 1679 5475 vult
1692 5418 1802 5476 imitari
1830 5421 1877 5476 fi·

126 5515 237 5581 septem
260 5507 409 5573 eidebam3
435 5522 560 5579 quanam
578 5506 666 5562 etiam
678 5504 787 5562 termae
800 5511 830 5562 et
857 5506 973 5562 babitus
1028 5507 1083 5563 lius
1107 5523 1189 5563 meus
1202 5522 1263 5562 esse
1278 5507 1450 5576 desiderans,
1478 5509 1502 5565 si
1517 5523 1564 5564 me
1579 5512 1702 5565 matrem
1732 5507 1794 5564 sitit
1815 5525 1878 5565 ern·
