3984 6034
141 232 192 281 nst·
867 227 895 275 s.
918 215 1155 280 tilltlthttllshts'

140 356 376 421 circumdederat,
403 356 435 407 nl
457 367 599 424 nusquam
620 352 675 407 nisi
702 357 768 408 aule
793 369 809 406 a
833 352 923 424 capite
941 353 981 406 ri·
1001 356 1023 408 A
1040 353 1255 425 testateipsius;
1274 358 1306 408 ut
1321 369 1354 407 eo
1374 353 1497 425 amplius
1520 354 1608 409 Derim
1632 351 1778 426 intelligat
1793 359 1822 410 el
1837 355 1889 410 di-

140 446 283 503 delicelet
305 445 440 500 deorsum
463 457 553 514 nsque
578 441 614 498 ed
635 441 723 514 pedes
746 441 808 515 ejas
834 440 926 514 ipsam
941 441 986 496 in·
1041 441 1122 513 ligat,
1138 457 1169 498 ac
1190 445 1326 514 operetur
1345 441 1376 498 in
1398 457 1431 497 eo
1453 459 1525 515 opus
1539 441 1665 498 scientiae
1688 458 1745 498 suae
1758 451 1826 499 cum
1840 443 1891 500 iu·

139 535 249 609 spicere
264 547 388 606 possem.
413 531 531 587 Brachia
546 535 642 586 aulem
657 534 686 585 et
703 546 806 585 manus
827 535 912 602 atque
933 545 987 603 pe-
1040 529 1166 593 tellectu.
1204 546 1261 603 qao
1297 529 1358 600 ipse
1375 530 1475 586 timeat
1500 534 1529 586 et
1553 536 1630 586 amet
1642 532 1887 602 omnipotentem,

139 627 189 683 des
201 624 293 697 ipsius
319 621 391 677 mihi
407 619 444 675 ad
460 619 613 674 videndum
635 618 798 675 obumbrati
818 624 909 675 erant.
931 619 988 675 Sed
1040 620 1091 694 qui
1106 619 1162 692 ipsi
1173 619 1320 692 deputavit
1343 635 1481 692 magnum
1502 620 1641 676 honorem
1661 620 1805 677 servitutis
1821 623 1889 694 plu-

138 713 275 788 splendor
298 711 375 767 idem
401 709 452 782 qui
481 725 544 764 eam
573 707 810 774 circumdederat,
833 707 988 764 oculisun·
1040 709 1179 764 rimarum
1201 714 1406 764 creaturarum.
1433 708 1513 764 Unde
1534 712 1561 764 et
1586 709 1624 764 ob
1650 709 1702 764 has
1727 725 1827 766 calmas
1843 712 1891 766 ei-

140 806 228 878 diqne
258 803 361 875 plenos
384 803 455 868 crat,
485 805 622 872 totusque
650 799 860 873 riscus,atque
889 800 986 856 hauet
1039 797 1405 869 lundithomo,hocqaotl
1429 795 1534 868 ipsein
1553 798 1699 854 intellectu
1715 815 1767 854 suo
1794 799 1891 854 scien·

138 893 204 947 illac
234 906 264 944 se
298 888 471 956 diliundcns,
501 892 533 942 ut
555 887 647 942 nubes
683 888 816 944 diilluere
839 888 922 952 solet,
947 888 986 943 ita
1039 889 1084 941 ter
1113 885 1343 956 comprehendit:
1374 885 1576 942 discretionem
1609 885 1639 942 in
1663 886 1813 953 creaturis,
1844 888 1891 942 ita

138 986 172 1038 nt
191 995 270 1036 nunc
304 977 438 1033 latiorem
467 991 545 1032 nunc
573 982 670 1032 antem
704 976 932 1032 constrictiorem
956 993 985 1030 se
1039 973 1115 1045 quod
1130 974 1209 1029 novit
1234 987 1299 1045 que
1322 973 1380 1028 sint
1404 973 1540 1029 amabiles
1556 978 1585 1028 et
1608 973 1738 1043 odibiles,
1769 978 1797 1028 et
1820 990 1889 1047 quse

138 1070 280 1126 redderet.
303 1067 338 1122 lit
354 1065 455 1120 eudem
474 1065 571 1136 imago
590 1080 658 1121 roca
681 1080 786 1135 magna
809 1065 941 1120 clamavit
955 1065 986 1121 in
1040 1061 1124 1117 utiles
1137 1066 1224 1134 atque
1244 1061 1372 1130 inutiles,
1387 1065 1416 1117 et
1436 1061 1512 1134 quod
1528 1060 1615 1117 etiam
1629 1067 1694 1134 post
1707 1063 1769 1118 brec
1782 1062 1813 1118 iu
1828 1062 1890 1117 fide

137 1157 290 1224 mundum,
305 1155 403 1211 dicens
421 1153 607 1210 hominibus:
623 1153 720 1209 Gratia
743 1153 795 1209 liei
813 1169 887 1223 sum,
904 1153 986 1209 lilioli
1039 1167 1096 1223 que
1109 1151 1171 1224 ipse
1186 1151 1277 1206 Deum
1296 1150 1431 1222 intelligit
1458 1150 1668 1206 concluduntur
1684 1150 1780 1206 omnia
1795 1167 1891 1222 opera

136 1245 215 1303 mci:
234 1244 299 1300 ideo
321 1242 417 1298 audite
441 1248 470 1297 et
489 1240 642 1312 intelligite
661 1255 718 1307 me,
734 1240 802 1312 quia
816 1240 874 1297 illis
887 1240 924 1296 do
943 1241 986 1298 lu·
1038 1237 1147 1312 ipsius;
1162 1239 1201 1295 ita
1217 1239 1295 1313 quod
1311 1244 1339 1294 et
1364 1240 1420 1296 lieo
1438 1244 1468 1295 et
1481 1239 1592 1312 angelis
1607 1240 1669 1312 ejus
1688 1241 1813 1312 placent,
1831 1240 1888 1294 ali·

137 1349 203 1391 meu
230 1331 346 1398 animae,
371 1330 421 1403 qni
448 1344 494 1385 me
522 1327 689 1400 intelligunt
715 1330 746 1383 in
770 1327 984 1397 admonitione;
1038 1328 1155 1400 quando
1175 1328 1261 1384 etiam
1284 1332 1371 1400 tango
1394 1327 1540 1384 hominum
1562 1329 1593 1384 in
1608 1329 1704 1384 animo
1732 1328 1833 1400 ipsius,
1856 1335 1891 1384 et

136 1439 210 1498 quos
223 1422 312 1478 etiam
334 1418 365 1476 in
393 1419 493 1475 cadem
521 1418 699 1474 beatitudine
715 1418 862 1485 contineo,
879 1434 916 1473 ne
938 1434 983 1474 re·
1037 1431 1143 1472 moneo
1159 1433 1225 1472 eum
1238 1421 1270 1472 ut
1286 1415 1405 1488 incipiat
1426 1415 1538 1489 operari
1555 1416 1696 1489 justiliam
1716 1422 1745 1472 et
1757 1416 1888 1473 devitarc

136 1513 284 1566 vertantur
299 1509 336 1563 ad
358 1507 551 1581 iniquitatem.
575 1507 608 1562 lit
634 1507 771 1579 quoniam
787 1507 843 1580 ipsi
865 1523 911 1562 me
925 1523 984 1563 non
1039 1505 1160 1574 malum;
1180 1504 1228 1560 sed
1244 1505 1483 1577 dedignaturme,
1505 1507 1534 1560 et
1554 1511 1637 1577 putat
1656 1505 1732 1578 quod
1748 1505 1889 1577 possibile

135 1601 334 1672 despexerunt,
349 1596 385 1652 ab
412 1596 468 1651 hoc
489 1594 577 1650 etiam
601 1596 665 1650 volo
695 1611 744 1650 eos
773 1600 892 1667 tangere
917 1609 982 1650 mea
1037 1591 1091 1648 sihi
1120 1594 1157 1648 sit
1185 1592 1326 1666 quidquid
1348 1593 1441 1650 tacere
1460 1593 1560 1662 voluit,
1588 1611 1620 1650 ac
1638 1593 1773 1666 vspatium
1791 1595 1888 1666 poeui-

136 1685 340 1753 udmouilionc,
366 1688 508 1755 quatenus
532 1682 673 1755 incipiant
700 1683 777 1738 bona
799 1683 923 1756 operari,
953 1687 982 1738 et
1001 1647 1117 1738 Btendi
1132 1682 1188 1738 sihi
1202 1681 1256 1755 ipsi
1281 1683 1430 1738 constituit
1444 1683 1579 1754 usquead
1595 1689 1708 1755 tempus
1725 1682 1795 1739 illud
1813 1681 1886 1738 dum

135 1791 182 1830 sne
202 1773 259 1830 illis
280 1772 344 1829 dico
370 1771 421 1843 qni
451 1771 664 1845 mereqniruut
687 1771 719 1827 in
742 1770 928 1844 simplicitate
954 1777 982 1826 et
1035 1770 1216 1842 corpuseJns
1239 1770 1269 1826 in
1294 1769 1476 1842 simplicitate
1501 1771 1613 1842 lrigidae
1631 1770 1723 1826 aetatis
1748 1769 1888 1826 sibicoa-

133 1862 227 1918 cordis
245 1860 380 1934 puritate.
398 1861 431 1916 Et
443 1860 513 1916 dum
528 1859 627 1914 tribuo
652 1860 824 1931 margaritus
843 1859 914 1916 boui
934 1859 981 1915 ad·
1036 1859 1150 1927 sentiat,
1168 1863 1197 1914 et
1210 1858 1279 1914 duur
1299 1858 1385 1914 etiam
1401 1863 1522 1930 propter
1539 1863 1716 1914 senectutem
1731 1857 1786 1914 sibi
1803 1859 1888 1915 lasti·

135 1966 255 2006 maneae
285 1954 314 2005 et
338 1948 491 2003 exhortans
517 1947 685 2027 bominem3
710 1948 751 2004 ita
780 1947 887 2004 scilicet
911 1950 981 2004 dum
1035 1946 1273 2019 diositamplius
1299 1959 1426 2020 peecare.
1450 1949 1528 2002 Tunc
1547 1947 1653 2003 ilemm
1680 1948 1821 2003 admoneo
1843 1952 1887 2002 al-

134 2038 296 2096 iatcllectus
311 2036 437 2093 hominis
447 2036 578 2108 tangitur
590 2051 644 2106 per
656 2051 703 2091 me
720 2052 785 2092 sam
813 2036 840 2093 ei
853 2035 979 2101 initium,
1035 2052 1091 2108 que
1106 2036 1208 2092 hortor
1222 2051 1288 2092 eum
1303 2036 1337 2091 ad
1353 2035 1474 2103 bonnm,
1487 2041 1515 2090 et
1530 2041 1562 2090 ut
1574 2036 1670 2091 animo
1691 2052 1742 2091 suo
1757 2037 1884 2092 resistat.

134 2129 189 2184 hac
203 2131 247 2181 est
260 2125 329 2181 dam
345 2139 446 2180 sensus
459 2119 587 2179 honiinis
602 2122 739 2195 intelligit
752 2124 981 2180 admonitionem
1035 2124 1090 2190 Qui
1125 2125 1194 2180 dum
1208 2140 1253 2180 me
1283 2124 1418 2197 negligit:
1435 2140 1511 2195 saepe
1526 2141 1579 2196 per
1593 2126 1697 2179 multas
1721 2124 1884 2180 adversita-

133 2230 228 2272 meam
249 2214 359 2280 auditu,
384 2212 424 2268 ita
444 2213 522 2285 quod
545 2213 632 2268 etiam
654 2212 731 2268 idem
748 2229 847 2268 sensus
868 2213 982 2268 ducitur
1035 2219 1077 2268 tes
1093 2215 1123 2268 ut
1136 2211 1168 2268 in
1191 2211 1298 2268 divitiis
1322 2218 1349 2268 et
1370 2213 1481 2268 caeteris
1499 2213 1544 2268 his
1567 2213 1709 2268 similibus
1723 2229 1789 2286 qliae
1805 2215 1884 2284 pati-

133 2305 170 2360 ad
184 2316 356 2360 consensum
373 2305 464 2356 tactus
488 2300 545 2356 mei
572 2300 602 2355 ia
626 2293 724 2356 aniirro
745 2317 809 2369 sno,
832 2306 902 2357 tunc
917 2317 980 2356 arim
1034 2305 1091 2368 tur,
1112 2301 1147 2356 ad
1163 2301 1218 2356 hoe
1234 2299 1412 2372 perducitur,
1427 2301 1505 2372 quand
1526 2317 1592 2355 eum
1620 2299 1700 2372 quasi
1715 2300 1838 2358 invitum
1855 2307 1886 2356 et

133 2392 164 2446 in
179 2391 242 2463 ipso
256 2390 373 2444 initiam
386 2389 455 2445 boui
469 2389 547 2461 quod
564 2403 632 2443 eum
646 2393 763 2458 oportet
780 2388 918 2459 incipere,
934 2405 981 2445 me
1034 2389 1168 2444 adsersus
1197 2405 1227 2442 se
1248 2389 1345 2460 ipsum
1367 2394 1480 2461 oportet
1502 2388 1596 2444 iacere
1614 2389 1733 2456 honum,
1749 2393 1779 2444 et
1803 2390 1885 2461 quod

134 2480 175 2535 sic
190 2479 232 2534 illi
254 2477 404 2550 adjutrice.
422 2478 501 2532 Tunc
514 2482 542 2532 et
556 2476 596 2533 ibi
618 2477 780 2532 colluctatio
802 2482 866 2545 est3
885 2483 916 2533 at
935 2479 981 2534 vel
1035 2492 1101 2532 curu
1117 2477 1146 2532 in
1161 2482 1220 2533 tam
1235 2483 1400 2549 exasperato
1427 2478 1524 2550 animo
1542 2493 1601 2534 nou
1622 2478 1744 2533 multum
1760 2477 1885 2535 delectat

133 2566 386 2640 perficiatnrquod
402 2566 439 2623 do
453 2567 581 2623 velnon.
598 2567 768 2632 Quomodo?
789 2567 846 2623 lloc
862 2567 902 2622 sic
917 2568 981 2624 volo
1034 2581 1067 2620 ea
1093 2563 1250 2636 adimplere
1271 2581 1337 2638 qliae
1365 2567 1445 2637 prius
1470 2569 1658 2638 proposuerat
1685 2566 1823 2638 perficere
1852 2567 1883 2623 in

133 2655 276 2728 intelligi;
301 2656 370 2728 qnia
390 2655 460 2711 dum
480 2655 630 2712 hominem
652 2656 794 2712 admoneo
823 2655 873 2711 tali
893 2655 980 2712 modo
1033 2669 1170 2728 prospero
1196 2659 1342 2726 tempore;
1367 2655 1397 2708 in
1424 2671 1482 2726 qno
1501 2653 1527 2710 ei
1555 2653 1791 2710 ridebatarnibil
1812 2671 1883 2711 con-

1834 229 1889 278 stilti

134 2745 211 2818 quod
231 2744 331 2815 incipit
354 2760 469 2816 gemere
497 2761 529 2799 ac
556 2747 625 2799 llere
645 2750 761 2817 peccata
784 2759 845 2814 sna,
866 2749 935 2800 tuac
956 2747 980 2801 si
1034 2743 1155 2799 traciam
1169 2741 1224 2813 ipsi
1242 2757 1326 2813 posse
1343 2743 1452 2810 obesse,
1479 2743 1636 2799 secuudum
1661 2744 1739 2816 qrrod
1766 2743 1827 2814 ipse
1851 2744 1884 2800 iu

132 2834 266 2892 uoluntas
288 2833 365 2889 illius
396 2833 551 2906 acquiescit
579 2833 768 2889 admonitioni
801 2849 860 2905 qua
897 2834 980 2890 illum
1034 2847 1064 2886 se
1080 2831 1143 2902 ipso
1157 2831 1340 2887 ordinaverat
1355 2833 1435 2887 tanto
1456 2836 1587 2902 ternpore
1603 2832 1653 2888 illa
1670 2847 1756 2904 agere
1775 2837 1808 2887 ut
1826 2832 1883 2888 sihi

133 2924 281 2992 admonui,
296 2922 434 2995 quoniam
455 2921 540 2978 homo
556 2923 585 2976 iu
605 2938 692 2977 sensu
704 2938 755 2977 suo
779 2923 876 2977 taliter
891 2923 979 2980 sentit
999 2920 1195 2992 Cplacuissat.
1214 2919 1264 2998 llic
1290 2920 1378 2975 homo
1394 2921 1419 2975 si
1442 2920 1528 2976 dubie
1555 2921 1711 2992 susceperit
1726 2935 1782 2989 me,
1815 2922 1884 2978 nolo

132 3012 321 3068 mutationem
336 3009 426 3066 animi
441 3008 496 3076 sui,
511 3010 636 3081 qualiter
653 3009 751 3064 octrlos
767 3025 833 3064 suos
854 3007 930 3063 levat
942 3008 977 3063 ad
1034 3013 1128 3063 tamen
1156 3023 1222 3062 eum
1251 3007 1428 3081 relinquere;
1445 3009 1523 3081 quia,
1548 3009 1679 3081 quemvis
1692 3009 1733 3065 sie
1749 3025 1882 3082 suscepe-

131 3099 296 3167 videudam,
314 3102 343 3153 et
359 3113 441 3154 aures
467 3096 502 3151 ad
517 3096 703 3163 audiendam,
718 3100 747 3151 et
760 3111 793 3151 os
811 3096 847 3152 ad
862 3096 980 3168 loquen·
1032 3095 1072 3150 rit
1087 3111 1142 3163 me,
1154 3099 1249 3151 teman
1264 3111 1322 3150 non
1337 3095 1456 3150 omnino
1471 3096 1599 3167 despexit
1614 3111 1670 3151 me.
1689 3095 1768 3153 liade
1783 3103 1813 3152 et
1824 3113 1882 3169 ego

132 3188 212 3255 dum,
228 3193 257 3243 et
272 3203 374 3242 munus
388 3186 423 3240 ad
437 3184 627 3256 palpandum,
639 3189 668 3239 et
682 3185 769 3256 pedes
784 3185 819 3240 ad
830 3183 979 3240 ambulan-
1032 3198 1093 3239 non
1116 3183 1242 3239 laborari
1265 3184 1370 3240 trustra
1384 3184 1416 3240 ia
1441 3183 1614 3255 ipsa'loedio
1636 3185 1714 3240 euim
1735 3185 1808 3241 mihi
1822 3201 1883 3240 non

131 3276 202 3332 dum
218 3274 378 3331 secundum
407 3272 583 3329 desiderium
605 3271 675 3328 illud
703 3276 735 3327 ut
752 3272 808 3328 sibi
831 3270 863 3328 iu
882 3272 978 3328 animo
1033 3277 1075 3327 est
1098 3276 1217 3344 tangere
1245 3274 1373 3328 ulcerosa
1390 3273 1510 3328 uulnera
1530 3289 1595 3345 quae
1618 3273 1794 3330 circumdata
1812 3279 1883 3330 sunt

131 3367 192 3432 est;
207 3364 232 3418 si
244 3365 312 3418 tanc
327 3361 461 3416 voluntas
474 3360 600 3432 suscepit
628 3360 855 3417 admonitionem
872 3375 976 3418 meam.
1032 3359 1306 3416 circumrodentium
1331 3360 1474 3416 vermium
1490 3361 1519 3416 iu
1540 3361 1778 3417 innumerositate
1792 3362 1881 3418 ritio-

131 3466 197 3508 mox
216 3451 278 3523 ipsa
300 3450 393 3505 eleuat
415 3465 445 3504 se
459 3453 489 3505 et
511 3447 649 3521 deprimit
671 3463 704 3503 ac
718 3454 834 3521 superat
850 3464 975 3515 sensnm,
1032 3463 1107 3514 ram,
1125 3453 1153 3503 et
1165 3448 1255 3504 latore
1270 3447 1338 3504 mali
1357 3447 1482 3505 rumoris
1496 3453 1524 3504 et
1546 3447 1684 3521 infamiae,
1700 3455 1728 3506 ct
1742 3450 1883 3522 languora

129 3540 171 3597 ita
187 3537 264 3611 quod
294 3552 393 3593 seusus
415 3537 498 3593 discit
520 3537 618 3608 ignota
644 3537 676 3592 in
691 3551 744 3593 sua
758 3537 975 3593 consuetudine.
1031 3537 1195 3592 inveteratae
1230 3535 1390 3610 iniquitatis
1417 3541 1614 3608 peccatorum
1645 3553 1699 3594 nec
1721 3539 1880 3612 despiciam

130 3625 305 3693 Quomodo?
326 3626 390 3698 lpse
414 3631 507 3682 mutat
526 3640 567 3693 se,
592 3625 732 3697 quoniam
759 3641 826 3682 eum
863 3630 976 3698 oportet
1030 3625 1101 3697 quin
1125 3624 1229 3682 leniter
1251 3625 1300 3680 illa
1327 3629 1521 3682 contractem:
1539 3642 1572 3681 eo
1596 3631 1727 3698 tempore
1747 3628 1880 3684 dumin-

129 3715 261 3788 quisquis
284 3715 404 3771 invitum
425 3713 508 3787 sequi
533 3715 708 3771 voluntatem
726 3729 893 3786 qaasnper
909 3729 976 3771 eum
1032 3714 1106 3786 cipio
1131 3715 1280 3770 extrahere
1315 3714 1430 3769 edacem
1457 3714 1576 3770 livorem
1605 3717 1734 3784 malitias,
1762 3716 1883 3772 horest

129 3809 183 3860 est.
199 3805 264 3877 lpse
278 3801 357 3859 euim
380 3802 527 3874 subjectus
542 3807 586 3859 est
606 3802 649 3859 illi
671 3802 702 3858 in
717 3802 851 3872 servitio;
865 3804 935 3876 quia
949 3804 976 3859 ei
1030 3818 1096 3858 cum
1108 3803 1223 3858 intueor
1236 3807 1265 3858 et
1287 3807 1374 3874 tango
1390 3801 1439 3858 ille
1457 3803 1577 3859 vulnera
1602 3804 1708 3860 blando
1722 3805 1815 3860 calore
1838 3805 1883 3860 in-

128 3893 249 3949 interior
262 3896 316 3960 cst,
343 3907 466 3964 eamque
484 3896 622 3964 sequetur
650 3891 711 3949 sive
728 3892 798 3947 uelit
814 3891 873 3948 sire
891 3893 974 3948 nolit.
1030 3889 1192 3960 spirationis
1206 3887 1329 3960 Spiritus
1353 3889 1453 3945 sancti.
1473 3889 1528 3945 Sed
1545 3905 1621 3962 saepe
1632 3907 1697 3947 cum
1710 3891 1882 3964 hujusmodi

21 3978 27 3986 ’
127 3981 200 4036 Nam
224 3995 279 4051 ego
303 3979 340 4034 do
355 3978 465 4034 bonnm
487 3979 518 4034 iu
540 3977 632 4047 initio,
647 3984 677 4034 et
698 3978 832 4034 calefacio
852 3979 924 4034 illud
945 3978 975 4032 in
1030 3978 1112 4034 dolor
1142 3977 1230 4033 uetari
1251 3977 1379 4034 lomento
1405 3978 1590 4048 inveteratur,
1618 3978 1659 4034 ita
1684 3980 1761 4052 quod
1780 3995 1882 4051 pecca-

128 4070 224 4123 mente
239 4066 393 4138 tribuoque
408 4081 481 4137 opus
496 4066 636 4137 voluntati
654 4066 690 4124 ad
714 4065 931 4140 perficiendum,
947 4073 975 4121 at
1030 4071 1091 4122 tum
1106 4065 1207 4138 incipit
1221 4067 1313 4122 calere
1327 4066 1430 4122 ardens
1448 4065 1479 4124 in
1493 4067 1590 4123 animo
1610 4068 1749 4137 hominis,
1768 4073 1879 4126 etcum

126 4155 180 4210 hoc
209 4153 284 4210 lucio
310 4154 516 4222 admonitione,
550 4154 749 4211 exhortatione
772 4162 857 4228 atque
878 4157 973 4211 calore
993 4153 1116 4251 Detiam
1144 4155 1186 4210 sic
1207 4155 1343 4211 oriuntur
1365 4155 1395 4212 in
1415 4155 1515 4212 datore
1537 4157 1658 4212 rrrlnara
1683 4163 1877 4228 peccatorum,

126 4241 194 4299 dani
218 4240 414 4314 inspirationis
434 4241 557 4313 Spiritus
579 4243 679 4299 suncti.
700 4243 728 4299 Si
751 4249 846 4299 autem
876 4244 975 4298 voluu-
1029 4243 1069 4299 ita
1083 4243 1161 4316 quod
1177 4249 1262 4300 erant
1277 4243 1308 4300 iu
1326 4245 1507 4318 coagalatum
1522 4261 1593 4318 opus
1617 4245 1704 4318 hujus
1719 4247 1878 4304 immundi·

126 4336 170 4385 tas
191 4329 237 4386 his
257 4329 341 4385 donis
361 4334 514 4401 repugnat,
538 4334 607 4386 tanc
628 4331 663 4386 ad
687 4331 810 4387 nihilum
824 4331 974 4387 deducun-

125 4424 173 4474 tur
195 4418 257 4474 haec
280 4434 345 4491 quie
366 4418 536 4474 memoravi.
562 4419 643 4475 Unde
666 4421 698 4474 in
721 4420 821 4475 codem
842 4424 974 4490 tempore

125 4507 196 4564 dum
210 4509 298 4564 homo
315 4511 412 4581 potest
431 4506 561 4579 recipere
577 4507 608 4562 in
628 4506 761 4563 incendio
785 4507 928 4562 donorum
942 4506 973 4562 in

125 4595 215 4668 siguis
233 4595 374 4668 praeconii
394 4595 472 4667 qaod
502 4595 538 4651 de
562 4609 608 4650 me
631 4594 738 4663 oritur;
758 4598 827 4649 lunc
852 4594 887 4649 ad
902 4594 972 4650 illud

125 4689 268 4757 properet,
293 4701 326 4740 ac
347 4685 434 4740 ctiam
455 4683 540 4739 citius
562 4682 661 4738 veniat
676 4684 810 4739 voluntas
828 4683 858 4737 iu
881 4682 973 4750 bouis,

125 4778 153 4829 et
181 4773 311 4846 perliciat
334 4788 406 4845 opus
429 4772 484 4827 hoc
506 4773 536 4828 iu
559 4770 698 4827 claritate.
729 4772 801 4827 llam
824 4770 972 4827 scientiam

123 4862 238 4916 boniet
261 4861 330 4918 mali
352 4861 390 4918 ab
403 4861 459 4916 hoc
483 4860 570 4915 habet
590 4861 678 4915 homo
699 4864 732 4915 ut
751 4858 859 4930 ipsein
882 4858 974 4914 omni·

123 4949 176 5005 bns
204 4949 340 5023 operibus
371 4948 430 5004 suis
460 4949 551 5005 ileum
581 4953 661 5004 tanto
689 4948 792 5003 melius
820 4946 972 5017 intelligat,

123 5038 276 5094 devitando
304 5039 414 5094 malam
448 5041 478 5092 et
503 5037 651 5108 operando
677 5035 804 5102 bonum;
830 5035 899 5107 quia
930 5034 984 5090 sic*

123 5127 215 5182 Deum
227 5126 297 5182 colit
317 5142 383 5181 cum
398 5126 513 5191 timore,
538 5139 605 5180 eum
630 5124 806 5196 amplectens
829 5123 859 5179 in
874 5122 972 5196 perle-

122 5219 167 5270 cta
180 5214 328 5270 charitate.
349 5211 526 5280 Quomodo?
554 5213 721 5269 itascilicet
743 5212 768 5267 si
782 5212 877 5283 aperit
900 5211 971 5266 inte-

122 5305 213 5359 riores
226 5303 323 5360 oculos
343 5303 461 5375 spiritns
475 5303 510 5358 ad
532 5301 653 5370 honum,
669 5307 697 5358 et
717 5301 741 5356 si
766 5306 852 5372 negat
873 5305 901 5356 et
920 5299 972 5356 ab·

120 5391 183 5461 jicit
194 5391 225 5447 in
238 5392 371 5448 exteriori
386 5392 504 5448 homine
522 5392 632 5447 matrim
651 5390 729 5463 quod
749 5389 843 5446 tacere
864 5389 969 5461 potuit.

122 5478 323 5536 ldcircoatiam
343 5479 470 5553 subjecta
492 5485 535 5536 est
554 5483 668 5535 terrena
691 5483 821 5534 creatura
845 5479 899 5534 aab
915 5493 968 5550 po·

1028 4331 1076 4387 tim
1099 4332 1181 4403 quasi
1210 4331 1312 4404 globus
1327 4338 1356 4389 et
1386 4349 1502 4389 acervus
1530 4349 1560 4389 se
1576 4333 1690 4406 erigens
1715 4335 1750 4392 de
1770 4352 1877 4407 magua

1028 4420 1111 4475 sorde
1133 4423 1275 4478 vermium
1288 4426 1317 4477 et
1338 4422 1544 4479 fomentatione
1560 4421 1680 4480 involuti
1700 4424 1753 4482 luti
1768 4425 1803 4480 de
1818 4441 1877 4497 quo

1028 4514 1185 4565 nascuntur
1218 4510 1365 4566 mortifere
1401 4527 1511 4567 venena
1542 4511 1735 4584 scorpionum,
1762 4529 1878 4586 serpen-

1026 4603 1100 4666 tum,
1124 4613 1260 4655 ranarum
1288 4604 1316 4654 et
1342 4599 1464 4655 aliorum
1490 4599 1629 4656 similium
1659 4617 1873 4660 venenosorum

1027 4686 1180 4758 vermium,
1195 4693 1301 4743 etcum
1317 4687 1403 4744 etiam
1422 4692 1490 4744 tuuc
1512 4687 1552 4744 ita
1567 4687 1739 4746 indurantur
1756 4695 1787 4746 ut
1801 4692 1877 4763 lapis

1026 4772 1056 4829 iu
1080 4774 1166 4831 talem
1191 4774 1299 4832 scilicet
1325 4775 1463 4832 duritiem
1478 4793 1565 4849 quam
1587 4777 1687 4834 nullus
1705 4779 1813 4850 cogitat
1827 4781 1872 4835 el-

1026 4859 1164 4934 lringere,
1177 4878 1253 4936 ,qna
1274 4868 1342 4920 stant
1362 4865 1558 4936 importabilia
1583 4881 1672 4923 onera
1688 4869 1827 4924 scelemnr
1844 4869 1874 4924 iu

1026 4948 1262 5007 iliishominibus
1286 4950 1334 5024 qui
1363 4953 1475 5024 gravati
1505 4958 1572 5010 sunt
1598 4953 1778 5025 gravioribus
1805 4971 1874 5012 oue·

1026 5037 1124 5107 ribns;
1159 5039 1229 5112 quid
1261 5045 1331 5096 tnnc
1355 5041 1392 5097 ad
1423 5040 1508 5097 nect
1534 5042 1614 5096 Tunc
1640 5058 1710 5100 sane
1740 5042 1875 5099 homiues

1024 5131 1143 5198 propter
1158 5127 1357 5184 infidelitatem
1384 5144 1467 5185 suam
1492 5144 1550 5184 nou
1578 5135 1699 5201 possunt
1719 5131 1875 5198 confidere,

1025 5217 1058 5268 ut
1070 5214 1208 5286 possibile
1221 5217 1259 5271 sit
1273 5216 1341 5272 huic
1366 5215 1477 5273 bomini
1492 5233 1523 5273 se
1545 5217 1581 5274 ad
1598 5219 1689 5274 Deam
1704 5224 1872 5276 convertere

1024 5301 1060 5359 de
1074 5317 1126 5358 sua
1138 5303 1306 5377 iniquitate3
1328 5309 1480 5378 propterea
1506 5307 1575 5379 quia
1593 5305 1692 5363 vident
1708 5323 1774 5364 earm
1789 5311 1872 5381 quasi

1024 5405 1189 5446 eseamesse
1212 5391 1329 5450 diaboli.
1348 5393 1405 5464 Ego
1425 5398 1523 5450 tamen
1538 5393 1605 5450 nolo
1623 5394 1706 5452 illum
1723 5395 1871 5452 hominem

1024 5477 1165 5549 deserere,
1193 5479 1241 5535 sed
1271 5479 1366 5536 medio
1395 5481 1537 5553 adiutorio
1558 5486 1585 5538 et
1609 5485 1710 5557 pratia
1725 5484 1788 5541 sola
1809 5501 1871 5542 essu
