3984 6034
110 233 162 289 au
789 197 1203 282 crismam-ausum.
1813 219 1866 298 aaa

111 366 190 420 Deus
203 363 234 418 in
249 361 398 418 lronrineur
425 358 504 414 misit
518 358 602 429 (Gau.
630 361 674 424 u),
699 357 758 412 lieo
780 356 959 412 renuntiant.
978 353 1153 410 Aanbelare
1176 353 1289 418 dabant,
1317 369 1353 407 irc
1381 367 1398 406 a
1423 349 1479 407 lide
1501 351 1729 422 exstinguantur,
1750 355 1831 406 etna
1850 367 1866 405 a

111 454 173 508 linc
201 453 279 507 enim
306 450 394 506 modo
423 454 541 522 propter
568 445 702 502 bominea
720 443 856 499 officiales
884 448 963 512 sunt,
1020 441 1083 498 luce
1098 447 1278 514 separentur,
1299 447 1329 497 et
1354 457 1390 496 ne
1418 441 1458 496 sic
1477 441 1604 512 aquiloni
1621 439 1865 512 appropinquent,

109 542 183 613 quia
206 544 324 613 propter
350 554 441 610 opera
459 553 562 594 eorum
577 535 762 606 colliguntct
786 534 962 598 discernunt,
1018 535 1051 586 ut
1065 537 1156 586 morte
1171 535 1278 586 eterna
1294 529 1476 586 sulloceutur.
1490 528 1566 584 istud
1583 529 1690 600 quippe
1705 533 1756 584 eat.
1785 528 1867 600 quasi

110 637 142 685 et
157 635 278 702 propter
302 645 392 700 opera
406 627 568 692 hominum,
583 639 648 696 quac
664 639 716 694 per
742 622 881 693 Spiritum
895 637 962 694 ope·
1018 619 1184 676 incircuitu
1202 621 1293 687 sedis;
1322 617 1580 690 quemamodum,
1611 623 1709 672 auster
1740 621 1768 672 el
1792 617 1866 672 ucci-

108 723 221 784 rautur‚
236 718 292 791 ipsi
312 717 399 772 eliam
414 715 543 788 spiritus,
560 719 700 768 vocantur
723 717 752 766 et
765 711 871 782 augam,
886 727 964 783 quo·
1019 709 1091 766 dens
1108 710 1198 770 Deum
1214 707 1385 776 ostendunt;
1416 708 1464 762 sad
1479 707 1575 779 aquilo
1597 709 1674 762 totus
1689 706 1724 762 ab
1740 706 1802 778 ipsu
1822 722 1868 762 su·

108 807 191 862 uiam
222 823 240 862 a
264 821 391 878 superno
418 808 529 859 rectore
559 803 595 857 ad
620 801 729 872 judicia
757 817 809 855 sua
823 799 964 872 explenda
1017 803 1144 870 paratus,
1165 799 1244 854 velut
1259 797 1414 854 scabeilum
1430 796 1538 868 pedum
1558 796 1584 850 ei
1603 795 1750 867 subjectus
1764 799 1816 851 est.
1832 795 1867 850 Et

110 896 262 951 multoties
275 895 451 967 diriguntur.
467 891 522 948 Sed
537 891 686 946 ministros
702 894 778 958 tuos,
792 889 843 962 qui
857 888 965 960 ubique
1018 887 1121 944 deiude
1133 887 1271 958 scriptum
1286 892 1343 942 est:
1360 887 1400 942 Et
1409 884 1522 941 animal
1533 883 1661 955 primrun
1671 883 1769 940 ιίιιιιῖε
1779 883 1864 952 mord,

113 984 257 1040 uoluntati
272 991 331 1039 tuae
359 981 526 1038 deserviunt
542 979 612 1035 iacis
625 979 723 1050 ignem
738 982 881 1044 urentem,
896 991 963 1032 cum
1017 979 1046 1032 at
1056 976 1211 1034 acuendum
1233 975 1349 1033 animal
1361 974 1459 1030 simile
1468 974 1566 1036 uitulo,
1586 977 1615 1028 et
1625 971 1741 1029 tertium
1754 972 1867 1028 animat

111 1073 143 1128 in
173 1079 344 1128 amaretne
369 1071 483 1136 ardent,
497 1069 528 1124 iu
544 1085 601 1140 quo
616 1068 703 1122 etiam
718 1067 820 1122 ardore
834 1081 899 1122 cum
916 1066 962 1121 in·
1017 1064 1218 1138 enumquam·
1231 1063 1337 1129 sudem
1357 1063 1491 1130 dominis,
1507 1065 1535 1118 el
1548 1063 1685 1134 quartum
1698 1061 1865 1118 cuimolsi-

111 1161 226 1216 delessa
240 1161 326 1217 laude
338 1160 393 1215 tibi
418 1159 526 1215 iterum
552 1157 725 1213 ministrant.
742 1154 865 1212 llinistri
884 1155 962 1210 enim
1017 1151 1203 1226 mileuquilre
1216 1152 1324 1209 colenti
1341 1153 1444 1225 (apoc.
1460 1151 1506 1222 rr).
1521 1151 1595 1216 Quid
1610 1150 1733 1206 dicitnr?

113 1250 175 1315 liei,
189 1249 241 1321 qui
252 1249 356 1304 taciem
371 1248 435 1318 ejus
446 1261 562 1317 semper
569 1245 736 1315 inspiciunt,
753 1242 833 1298 salut
845 1243 964 1298 llamma
1054 1241 1168 1297 Animal
1186 1241 1240 1297 hoc
1267 1242 1393 1314 primum
1420 1241 1574 1296 cucullatos
1606 1239 1737 1294 homines
1759 1237 1866 1308 signifi·

112 1342 275 1405 coruscant,
300 1341 332 1391 et
356 1337 388 1390 in
412 1336 514 1391 eadem
532 1333 728 1388 coruscatione
744 1331 883 1387 miracula
900 1331 964 1402 ejus
1017 1333 1074 1396 cat,
1101 1329 1155 1401 qui
1176 1329 1268 1401 primi
1292 1330 1325 1385 in
1349 1329 1521 1384 lnrm'tudiue
1532 1327 1635 1390 ieonis,
1650 1344 1681 1384 se
1711 1327 1830 1383 omniuo
1849 1346 1867 1383 a

111 1425 224 1493 vident,
240 1430 270 1479 et
282 1425 334 1479 illa
348 1423 480 1479 mirando
496 1427 526 1477 et
539 1420 685 1476 laudando
700 1419 965 1492 mammetem
1018 1419 1124 1474 mento
1154 1419 1341 1474 abstrabunt:
1366 1419 1442 1474 num
1456 1417 1543 1472 etiam
1562 1423 1591 1472 et
1615 1416 1670 1472 illis
1696 1416 1802 1488 igneia
1815 1415 1867 1488 qni

112 1529 170 1585 qne
184 1520 215 1568 et
228 1514 306 1585 ignis
328 1529 415 1567 urens
428 1512 601 1577 suntlltmt.
617 1507 669 1580 ιι),
685 1514 714 1564 st
736 1524 791 1578 per
802 1509 893 1564 Deum
912 1506 963 1578 qui
1018 1507 1135 1562 occultis
1153 1507 1202 1562 tlei
1225 1509 1303 1562 velut
1330 1507 1500 1563 vestimento
1528 1505 1655 1577 cooperti
1676 1511 1752 1574 eunt,
1773 1505 1866 1577 etqui

110 1602 190 1673 ignis
204 1607 261 1670 est,
275 1602 389 1668 vdent,
411 1615 465 1654 ase
479 1598 636 1670 paralium
652 1597 769 1652 accendi
789 1597 961 1652 necesstin-
1017 1595 1117 1652 iaoiem
1133 1595 1183 1652 llei
1196 1612 1311 1668 semper
1322 1596 1489 1667 inspiciunt,
1507 1594 1712 1650 assimilantur.
1741 1595 1866 1648 Vestitus

111 1691 162 1760 gui
186 1695 339 1761 poteram
358 1689 407 1744 sed
422 1689 455 1743 in
469 1702 569 1742 amore
583 1685 675 1756 ipsius
691 1683 964 1756 inexstinguibiliter
981 1658 1003 1713 B
1018 1686 1096 1741 enim
1122 1685 1242 1741 istorum
1273 1699 1329 1740 non
1345 1701 1362 1738 a
1376 1685 1483 1740 sarculo
1498 1687 1551 1750 est,
1582 1683 1632 1738 scd
1663 1682 1866 1738 mirabiliteru

111 1778 257 1842 ardentes,
274 1778 420 1848 quiaipse
435 1775 523 1848 pallio
550 1773 738 1830 humanitatis
760 1773 963 1841 circumdatus,
1019 1775 1090 1842 Deo,
1115 1775 1358 1846 quemadmodum
1393 1775 1467 1828 licus
1494 1772 1524 1826 in
1542 1772 1609 1827 illis
1637 1771 1788 1838 ordinarit,
1816 1771 1865 1842 qui

108 1867 146 1922 ad
173 1866 347 1922 admiranda
367 1863 506 1920 miracula
531 1878 581 1917 eos
609 1877 725 1933 semper
739 1862 862 1917 inducit.
891 1863 963 1917 liam
1017 1862 1095 1916 hunc
1108 1861 1244 1934 primitus
1265 1861 1442 1918 ostendendo
1458 1866 1487 1916 et
1514 1860 1642 1916 docendo
1670 1858 1864 1929 protulerunt.

109 1955 201 2027 pallio
214 1952 396 2010 torutudinis
410 1968 470 2008 suae
484 1952 605 2007 Deussc
619 1951 769 2022 precinxit
791 1950 882 2019 (Prot.
897 1949 962 2022 scr),
1019 1951 1090 2007 Nam
1123 1952 1235 2006 cuculla
1250 1951 1313 2022 ejus
1329 1951 1365 2006 ab
1379 1949 1515 2022 angelicis
1530 1949 1678 2020 spiritibus
1693 1947 1867 2020 presignato

109 2060 164 2116 per
191 2043 271 2114 quod
288 2042 435 2098 bominem
462 2039 748 2112 speculumbonoris
763 2039 850 2093 sniet
873 2039 963 2094 mira·
1017 2043 1070 2108 ast,
1088 2041 1138 2112 qui
1163 2041 1194 2096 in
1209 2038 1310 2095 taciem
1339 2041 1389 2096 liei
1405 2043 1433 2094 et
1465 2053 1523 2094 nou
1538 2039 1567 2093 in
1593 2037 1682 2093 alium
1708 2035 1867 2108 aspiciunt,

109 2133 376 2188 culorumsuorom
406 2129 565 2196 constituit,
594 2133 737 2200 quatenus
764 2129 851 2183 bomo
864 2133 964 2184 coutm
1018 2133 1047 2184 et
1077 2129 1198 2184 latitudo
1238 2131 1301 2199 alus
1328 2129 1363 2184 ad
1387 2127 1622 2184 similitudinem·
1647 2125 1732 2181 nubis
1764 2124 1866 2188 tandit,

110 2220 262 2276 diabolum
276 2225 421 2290 pugnaret
433 2223 463 2274 et
488 2234 556 2273 eum
582 2222 743 2288 superaret,
773 2217 904 2273 atsicin
919 2217 963 2272 di·
1018 2217 1205 2290 quoniamst
1230 2218 1326 2289 angeli
1355 2217 1384 2272 in
1412 2214 1768 2274 nubibusunullotiesrisi
1783 2219 1864 2268 sunt:

110 2311 181 2364 rina
195 2310 280 2364 laude
295 2323 411 2378 semper
422 2307 600 2379 persisteret.
622 2306 727 2361 Eodem
742 2321 857 2376 quoqne
876 2305 963 2360 modo
1018 2313 1048 2362 et
1063 2306 1131 2378 quia
1145 2306 1231 2363 etiam
1253 2307 1338 2362 vestis
1365 2304 1538 2361 innocentie
1562 2293 1741 2374 'Adaerquasi
1771 2302 1865 2357 lucida
1949 2337 1955 2344 -

111 2397 362 2465 Deusiacititlos,
376 2396 428 2469 qui
455 2395 551 2450 nuntii
579 2394 624 2450 sni
651 2400 729 2461 siant,
744 2392 813 2448 fitiis
835 2393 964 2449 Ecclesiae
1018 2395 1192 2451 nubeserat.
1222 2395 1467 2465 liominesitaque
1483 2393 1530 2448 isti
1549 2392 1661 2447 cuculla
1679 2395 1863 2462 caputsuum

112 2485 320 2541 uerbasalntis
343 2483 563 2555 pronuntiantes
588 2483 718 2554 spiritus,
742 2497 807 2538 cum
822 2498 871 2537 eoa
885 2482 964 2538 carni
1018 2488 1129 2555 tegunt,
1147 2499 1183 2538 na
1203 2483 1237 2538 ad
1262 2483 1408 2538 sinistram
1434 2483 1477 2538 rel
1497 2482 1533 2537 ad
1562 2481 1691 2536 dextram
1723 2479 1865 2534 declinan-

113 2589 175 2628 snae
191 2572 325 2628 resistere
340 2577 370 2626 st
385 2571 501 2644 spiritui
527 2571 634 2626 servire
650 2571 743 2642 jubet,
762 2586 834 2642 quos
848 2571 889 2624 sic
903 2576 964 2626 toto
1018 2577 1072 2642 tes,
1103 2576 1178 2628 recta
1205 2587 1300 2627 coram
1317 2588 1347 2627 ae
1378 2571 1409 2626 in
1424 2571 1533 2643 impetu
1550 2565 1668 2641 spiritus
1684 2567 1863 2640 gradiantur,

112 2660 203 2716 corde
230 2659 374 2731 spiritales
391 2657 515 2724 allectos,
541 2658 647 2713 iterum
662 2658 766 2714 deinde
793 2662 874 2712 tanto
889 2655 965 2713 lidu-
1020 2662 1110 2716 mum
1139 2677 1252 2733 semper
1276 2661 1471 2733 inspicientes,
1492 2675 1528 2716 ne
1557 2661 1592 2715 de
1620 2659 1704 2714 bonis
1730 2658 1865 2728 operibus

112 2749 217 2804 cialius
247 2754 391 2820 precepta
417 2763 470 2804 sua
501 2748 610 2819 populo
647 2747 799 2818 propalare
825 2746 963 2802 instituit:
1018 2755 1207 2806 revertantur.
1224 2752 1289 2806 llaec
1303 2749 1400 2806 omnia
1414 2749 1444 2804 in
1471 2747 1643 2814 obedientia,
1661 2763 1748 2819 quam
1778 2746 1865 2802 Filius

112 2839 185 2893 lacit
197 2838 287 2893 etiam
312 2843 340 2891 et
354 2837 431 2904 illos,
452 2836 504 2908 qui
524 2836 580 2891 sibi
593 2835 785 2891 ministrando
800 2834 846 2890 die
859 2850 893 2890 ac
910 2851 964 2890 no·
1018 2839 1143 2894 hominis
1158 2855 1209 2910 per
1224 2838 1409 2910 semetipsum
1425 2837 1560 2904 ostendit,
1587 2837 1651 2892 llari
1665 2835 1780 2899 debent,
1797 2851 1866 2907 qua-

112 2933 159 2983 ete
188 2927 337 2983 laboribus
366 2931 443 2995 sunt,
471 2927 502 2981 in
531 2941 631 2981 amore
658 2941 710 2980 sno
743 2925 854 2994 ardere,
870 2930 898 2979 et
924 2925 966 2979 ita
983 2931 1103 3010 Gtenus
1118 2931 1260 2999 precepta
1273 2925 1477 2997 magistrorum
1501 2941 1566 2980 cum
1580 2925 1683 2979 timore
1700 2923 1749 2979 tlei
1768 2923 1864 2978 obser·

110 3020 213 3088 ignem
236 3020 370 3071 urentem
396 3031 469 3082 esse,
495 3021 525 3072 ot
549 3015 589 3070 sic
607 3015 696 3070 etiam
720 3015 818 3085 ignem
834 3012 961 3081 effectos,
1019 3019 1133 3086 sentiar,
1156 3015 1195 3070 ita
1221 3016 1309 3070 etiam
1344 3019 1375 3070 nt
1406 3015 1480 3069 sicut
1503 3014 1591 3069 homo
1618 3028 1718 3068 aroce
1745 3011 1866 3067 tonitrui

111 3106 222 3160 iterum
234 3104 353 3158 servitio
367 3119 420 3158 suo
434 3103 496 3158 sine
511 3103 597 3158 taedio
618 3101 765 3157 insudare.
790 3102 864 3156 [leus
879 3117 963 3156 nam·
1018 3104 1112 3175 perire
1131 3105 1277 3172 formidat,
1292 3104 1333 3158 sic
1357 3103 1444 3159 eliam
1463 3107 1580 3173 peccatu
1599 3102 1705 3158 timeat.
1723 3102 1806 3168 Nam,
1824 3101 1866 3156 si-

112 3209 170 3266 que
183 3193 215 3246 in
235 3191 426 3262 ,praescientia
452 3207 504 3246 sua
528 3191 781 3263 preordinaverat,
809 3189 888 3262 quod
905 3190 964 3244 mi·
1017 3198 1067 3248 cut
1080 3193 1125 3248 leo
1146 3198 1264 3248 ceteras
1289 3192 1394 3248 bestias
1410 3192 1440 3247 in
1458 3191 1626 3246 fortitudine
1651 3188 1799 3262 praecellit,
1827 3189 1867 3244 sic

113 3280 255 3336 raculaet
282 3281 394 3336 occulta
415 3295 478 3347 sua,
499 3295 564 3351 quar
582 3279 613 3333 in
632 3279 743 3349 augelis
768 3286 847 3346 sunt,
875 3278 962 3333 etiam
1018 3281 1065 3337 isti
1097 3281 1128 3338 in
1154 3281 1310 3336 fortissima
1339 3281 1368 3335 ri
1396 3279 1555 3335 divinitatis
1583 3283 1702 3334 caeteros
1733 3278 1867 3334 homines

111 3372 143 3425 in
161 3369 331 3426 hominibus
345 3369 496 3439 signanter
514 3372 695 3440 operaretur,
713 3367 790 3422 unde
803 3367 964 3438 stangalus
1018 3371 1197 3442 praecellunt,
1220 3369 1371 3441 quoniam,
1399 3369 1530 3442 quamuis
1554 3367 1685 3424 homines
1710 3367 1778 3434 sint,
1807 3381 1866 3422 noa

112 3458 282 3515 bominibus
301 3457 381 3528 loqui
408 3456 486 3524 iecit,
501 3463 534 3512 nt
558 3457 589 3511 in
602 3456 748 3512 Abrabam
775 3461 804 3510 et
817 3456 903 3511 tncob
920 3454 963 3511 ia·
1018 3459 1091 3515 sicut
1105 3459 1237 3514 homiues
1252 3458 1360 3513 vivunt.
1376 3458 1448 3514 Cum
1467 3458 1545 3513 enim
1561 3458 1648 3512 homo
1669 3455 1774 3510 seculo
1788 3455 1868 3510 abrs·

112 3552 193 3602 ctum
216 3551 270 3614 est,
300 3546 548 3618 quemadmodum
563 3545 652 3601 etism
682 3545 797 3600 Balaam
825 3544 906 3600 asina
922 3545 963 3600 lc·
1018 3549 1180 3604 nuntiando
1195 3549 1323 3619 seipsum
1353 3547 1411 3602 ileo
1425 3546 1572 3610 obtulerit,
1588 3545 1729 3601 muudum
1744 3549 1867 3609 accusat,

112 3642 181 3692 cata
196 3643 240 3690 est
254 3635 357 3705 (Neon.
381 3637 458 3702 xxii).
475 3633 628 3706 Argolicos
640 3634 747 3688 etenim
769 3633 897 3704 spiritus,
913 3634 965 3704 qui
1018 3637 1058 3693 ita
1072 3641 1105 3692 ut
1118 3635 1167 3691 ille
1186 3635 1215 3690 iu
1231 3636 1366 3690 omuibus
1382 3635 1436 3691 sibi
1450 3634 1561 3690 inutilis
1576 3635 1622 3704 sit,
1637 3638 1666 3690 et
1684 3636 1724 3689 sic
1739 3639 1867 3690 mentem

112 3726 141 3779 si
169 3725 346 3790 ministrant,
374 3722 477 3778 faciem
503 3722 594 3794 ipsius
608 3721 758 3776 laudantes
778 3728 807 3775 at
821 3722 965 3776 honoran·
1018 3739 1100 3778 suam
1115 3724 1217 3790 elevat,
1238 3725 1481 3794 quemadmodum
1503 3723 1600 3778 Daniel
1627 3723 1710 3778 dicit:
1737 3721 1867 3794 Aspicie-

113 3819 169 3882 tes,
184 3811 307 3867 ocerrltis
333 3812 393 3866 suis
417 3811 500 3883 quasi
527 3811 699 3866 vestimento
725 3810 829 3881 operit,
858 3814 887 3865 et
898 3809 963 3866 ideo
1019 3811 1672 3880 buminctsioraauoctis,eteccecumuubibus
1685 3810 1757 3873 culi.
1774 3810 1868 3867 uittae

112 3902 204 3957 etiam
236 3917 323 3956 urens
347 3899 422 3972 ignis
437 3901 581 3956 dicuutur.
599 3901 632 3955 lit
658 3915 712 3970 per
726 3901 779 3954 boa
792 3899 893 3969 igneos
908 3899 964 3954 mi·
1018 3900 1143 3958 bominis
1159 3900 1338 3969 mirdane!
1352 3917 1440 3973 usquc
1454 3900 1491 3956 ud
1504 3900 1665 3972 Antiquom
1678 3882 1866 3971 dieruuiper·

112 3992 232 4058 nistros,
248 3991 300 4062 qui
314 3989 430 4045 seeretis
447 3990 497 4045 liei
522 3989 601 4045 velut
614 3988 786 4043 uestimento
801 3987 868 4043 tecti
885 3992 962 4054 sunt,
1017 3991 1095 4046 seuit
1110 3992 1200 4061 (Dore.
1217 3993 1276 4059 vrri.
1303 3989 1377 4055 Quid
1399 3988 1523 4045 dicitur?
1538 3989 1608 4045 Cum
1626 3994 1752 4044 mentem
1772 4002 1867 4043 meam

112 4080 243 4136 eremitas
257 4080 456 4150 designantur,
482 4078 533 4149 qui
558 4078 669 4150 seipsos
680 4078 866 4148 abnegantes,
882 4077 964 4149 quasi
1020 4079 1055 4135 ad
1077 4078 1202 4135 ccelesiis
1220 4094 1334 4134 sursum
1364 4079 1517 4144 elevarem,
1533 4077 1707 4150 aspiciebam
1721 4078 1751 4132 iu
1769 4076 1865 4132 eonsi-

112 4169 248 4225 bomines
261 4185 320 4224 non
344 4168 410 4232 sint,
440 4167 550 4234 vivunt,
577 4172 608 4223 et
621 4167 798 4222 consortium
813 4165 964 4221 hominum
1018 4169 1167 4225 deratione
1192 4168 1385 4238 plurimarum
1413 4167 1630 4236 adversitatum,
1662 4165 1740 4238 quod
1769 4165 1868 4222 omnia

110 4254 240 4325 lugiunt.
265 4255 337 4308 Nom
352 4255 426 4310 Deus
440 4267 492 4324 per
517 4267 592 4323 opus
616 4267 700 4307 suum
714 4253 793 4324 quod
808 4253 896 4308 homo
910 4257 963 4321 tat,
982 4224 1005 4278 Β
1021 4272 1146 4330 superna
1160 4261 1189 4312 et
1213 4256 1310 4312 divina
1330 4258 1478 4324 miracula,
1494 4271 1559 4328 quas
1588 4258 1662 4311 Deus
1685 4256 1715 4310 in
1732 4254 1869 4326 angelicis

110 4357 221 4413 magna
240 4340 383 4397 mirabilia
408 4347 557 4413 operatur,
577 4356 642 4412 quoe
655 4340 686 4395 in
705 4340 842 4411 angelicis
856 4340 964 4412 spiriti·
1020 4346 1169 4418 spiritibus
1194 4349 1330 4416 operatus
1345 4351 1399 4412 est,
1415 4360 1467 4418 per
1489 4343 1590 4400 Filium
1620 4359 1704 4398 sunm
1730 4343 1761 4398 iu
1776 4342 1868 4398 bomi-

110 4433 168 4488 bus
182 4431 412 4503 praedestinavit,
428 4435 458 4486 et
469 4446 534 4504 quoe
561 4445 659 4485 coram
675 4429 736 4502 ipso
756 4445 822 4486 oum
838 4431 922 4486 laude
936 4436 966 4485 et
1021 4436 1105 4492 nibus
1126 4435 1333 4506 praesignaret:
1351 4439 1378 4490 ct
1394 4435 1435 4488 ita
1449 4433 1526 4488 idem
1553 4433 1640 4488 Filius
1659 4432 1798 4504 usquead
1813 4434 1868 4487 An·

111 4520 239 4576 mirilico
252 4520 364 4575 bonore
386 4519 552 4574 fulminant.
567 4519 622 4575 Sed
637 4524 676 4586 et,
697 4524 730 4574 ut
743 4520 896 4590 praelatum
909 4521 965 4588 est,
1020 4525 1134 4597 tiquam
1154 4523 1266 4580 dierum
1288 4522 1430 4594 pervenit,
1464 4521 1532 4594 quia
1559 4521 1646 4576 Filius
1674 4521 1734 4587 Dei,
1751 4520 1869 4575 [lenset

113 4609 149 4664 in
158 4607 283 4664 &milti
296 4607 520 4680 “dimittam
530 4606 677 4664 animalia
689 4606 885 4680 Plenavfult't
896 4611 966 4663 unte
1019 4615 1106 4670 homo
1122 4617 1173 4678 est,
1190 4619 1220 4668 et
1234 4613 1274 4667 ita
1299 4613 1373 4668 Deus
1388 4612 1526 4677 ethome,
1544 4625 1620 4666 unm
1637 4613 1775 4665 lieusest.
1791 4611 1867 4664 lteus

108 4701 142 4753 et
163 4701 244 4753 retro
270 4700 371 4769 (Apoc-
389 4699 425 4766 n)
454 4697 663 4753 ostenduntur:
689 4696 767 4767 qaod
782 4703 851 4751 sunt
866 4696 965 4751 omnia
1020 4701 1098 4758 anim
1113 4702 1201 4756 homo
1228 4706 1282 4768 est,
1302 4703 1330 4756 et
1343 4700 1431 4756 homo
1445 4699 1498 4756 iste
1516 4699 1589 4754 [tens
1605 4705 1657 4754 ast.
1674 4699 1729 4756 Sed
1745 4703 1773 4753 et
1791 4697 1869 4753 bens

109 4801 204 4858 opera
222 4791 331 4852 mnam,
348 4800 414 4857 quac
430 4785 505 4840 llens
517 4783 549 4839 in
563 4783 729 4840 bominibus
742 4784 804 4839 istis
817 4790 964 4856 operatur,
1019 4805 1108 4862 opera
1121 4788 1283 4854 bominum,
1296 4793 1326 4844 et
1337 4789 1437 4845 luridas
1448 4789 1616 4860 angelorum
1629 4803 1659 4842 se
1675 4786 1867 4858 conjungunt,

109 4873 166 4946 qui
181 4874 219 4931 sd
237 4874 334 4946 ipsum
361 4879 392 4928 at
405 4873 442 4929 ad
470 4874 609 4928 thronum
624 4888 709 4928 suum
723 4873 892 4943 respiciunt,
912 4887 966 4944 per
1020 4885 1049 4936 et
1063 4894 1156 4935 unum
1175 4879 1206 4934 iu
1231 4879 1290 4933 lieo
1306 4882 1383 4933 sont.
1413 4877 1462 4932 llis
1477 4893 1594 4949 quoque
1613 4875 1763 4932 cucullatis
1777 4875 1868 4931 homi·

107 4963 202 5019 iidem
229 4963 344 5028 oriens,
373 4977 427 5034 per
444 4978 527 5034 spem
541 4966 646 5024 auster,
672 4977 724 5033 per
738 4961 965 5017 recordationem
1020 4965 1105 5022 nibus
1118 4965 1203 5022 turba
1221 4964 1368 5036 virgiuum
1397 4964 1562 5033 associatur,
1583 4980 1649 5036 quae
1680 4963 1773 5018 uirum
1800 4976 1867 5016 cum

110 5054 223 5122 lapsus,
257 5053 308 5123 qui
334 5051 481 5122 inprime
509 5056 631 5122 parente
645 5051 735 5106 iaetus
750 5055 804 5120 est,
820 5050 963 5119 occidens,
1021 5069 1120 5110 amore
1144 5059 1172 5110 et
1201 5052 1307 5110 diuitiis
1333 5057 1362 5109 et
1391 5058 1483 5110 totum
1511 5053 1654 5110 mundum
1688 5051 1865 5123 relinquunt.

110 5141 200 5213 quasi
225 5145 303 5195 retro
329 5139 529 5208 existentibus,
558 5144 646 5212 utque
672 5156 725 5211 por
753 5138 966 5210 providentium
1020 5143 1099 5200 Siout
1113 5141 1191 5198 enim
1209 5142 1291 5214 virgo
1320 5142 1430 5198 deliciis
1453 5141 1555 5197 mnndi
1569 5140 1664 5196 ablata
1689 5137 1865 5204 resedebat,

109 5229 215 5286 oculos
231 5228 264 5283 in
283 5233 359 5291 ente,
377 5227 414 5284 ad
430 5228 597 5300 aquilonem
612 5227 813 5298 dirigentibus,
827 5243 864 5283 ne
878 5227 966 5284 bella·
1019 5247 1057 5288 na
1071 5231 1161 5292 ubere
1188 5231 1344 5302 voluptatis
1359 5235 1461 5302 sugat3
1489 5230 1529 5285 sic
1544 5227 1631 5285 etiam
1659 5227 1745 5284 turba
1772 5226 1868 5283 cucul-

108 5325 159 5374 tor
183 5317 331 5390 aquilonis
344 5333 411 5374 anm
425 5317 543 5374 cadente
570 5315 837 5388 morbosuparbiae,
857 5322 966 5373 etcum
1020 5319 1087 5388 lata,
1103 5321 1243 5377 amando
1270 5317 1367 5374 relicta
1382 5333 1444 5374 esse
1457 5318 1553 5387 debet,
1569 5333 1605 5374 na
1619 5317 1678 5373 ulla
1711 5315 1805 5372 allicis
1819 5331 1869 5372 sre-

107 5407 235 5464 ardsnte
262 5405 380 5462 bamma
393 5406 520 5462 incestos
545 5422 595 5462 eos
619 5421 754 5462 corruere
781 5405 965 5463 incubitum
1020 5407 1129 5466 cularia
1142 5424 1208 5464 cum
1221 5409 1271 5464 illo
1285 5411 1426 5464 exerceat.
1440 5407 1475 5462 lit
1489 5406 1571 5478 virgo
1586 5421 1603 5462 a
1621 5405 1682 5461 riro
1698 5406 1799 5462 relicta
1813 5408 1867 5471 est,

108 5497 202 5556 oculis
216 5497 315 5568 itaque
335 5495 408 5563 istis,
437 5511 510 5568 quos
525 5496 655 5568 undique
679 5496 797 5565 habant,
815 5497 852 5552 ad
872 5498 965 5554 iteam
1020 5496 1107 5554 itaut
1124 5497 1177 5554 sub
1206 5513 1276 5553 cora
1302 5501 1332 5552 et
1359 5500 1500 5568 potestate
1528 5495 1619 5570 ipsius
1645 5511 1705 5554 non
1733 5494 1779 5566 sit,
1795 5493 1869 5550 sicut
