3984 6034
1638 196 1657 232 Ο

169 231 218 290 ιιι
894 231 922 286 S.
943 223 1179 288 llttosdsttnts
1862 230 1912 288 tm

169 367 202 421 ιιι
224 365 362 436 scriptum
391 365 450 418 est:
479 359 604 434 Spin'lm
631 357 749 416 Domini
776 360 898 432 repleuit
918 361 1013 417 orbem
1031 365 1182 417 avectum
1212 359 1340 433 eiusdem
1361 360 1491 417 aeclesia
1522 367 1580 417 tuse
1601 361 1716 418 ellectui
1749 365 1913 436 mancipare

167 457 310 510 terrerum
329 453 408 525 (Sap.
436 452 466 523 ι).
499 452 557 508 ιιοι
579 455 632 518 ιιι,
659 465 761 505 omnes
785 455 923 505 creaturus
950 465 1015 522 quea
1069 450 1240 521 poterimus,
1266 451 1389 506 libenter
1409 451 1558 506 iaciemus.
1576 452 1722 524 Rogamus
1740 459 1837 508 autem
1865 454 1913 508 in·

166 544 303 599 ridentur
327 546 357 597 et
384 557 441 596 uon
463 539 607 608 videntur,
623 537 746 611 spiritali
761 537 817 594 vita
831 554 890 594 non
904 543 1014 607 carent,
1068 537 1139 594 ιιιιι
1170 539 1349 595 sanctitatem
1387 543 1476 603 tuam,
1509 545 1651 611 quatenus
1680 557 1734 613 pro
1762 541 1915 598 dilectione

167 636 196 688 et
218 647 290 704 quus
320 630 407 686 bomo
437 643 498 683 ιιοιι
523 627 680 699 cognoscit.
706 628 778 682 Nem
807 627 842 682 de
870 627 1015 683 viriditate
1068 631 1167 682 nostra
1188 628 1279 683 Deum
1308 643 1360 698 pro
1383 626 1467 681 nobis
1486 625 1663 698 interpelles,
1684 634 1714 684 et
1736 628 1914 684 orationibus

166 719 262 788 liores,
293 719 328 774 de
359 716 477 773 floribus
498 715 608 771 tructus
632 731 786 788 pomorum
811 719 888 769 suut.
919 715 1014 770 Nubes
1067 715 1126 770 tuis
1148 731 1214 770 enm
1240 715 1323 772 nobis
1351 715 1521 787 placabilem
1555 715 1652 783 iacias,
1687 721 1716 771 et
1737 717 1809 772 scius
1835 718 1913 772 omni

166 809 381 864 etiamcursum
405 805 521 861 babent.
545 806 624 860 Luna
645 819 761 876 quoque
787 807 816 860 et
842 804 923 860 stella
947 819 1013 860 cum
1066 803 1253 875 ambiguitate
1279 809 1398 871 remota,
1423 804 1499 875 quod
1523 805 1548 859 si
1568 805 1642 860 lleus
1667 806 1724 860 rita
1748 807 1831 861 nobis
1849 823 1915 861 con-

165 898 233 969 igue
252 897 384 967 llagraut.
406 893 559 966 Lignapcr
580 893 754 948 viriditatem
770 892 856 948 llores
875 892 1011 961 educunt,
1065 893 1192 960 cesserit,
1217 909 1276 948 nou
1296 892 1407 949 carebis
1428 894 1549 948 honesta
1574 895 1819 950 remuneratione.
1843 897 1914 950 Nam

164 1001 240 1057 aqua
267 982 438 1040 tenuitatem
468 986 497 1036 ιι
524 985 641 1036 ventum
666 980 833 1036 mundando
856 985 885 1036 et
903 980 1013 1036 rivulos
1064 981 1174 1052 justum
1189 986 1233 1036 est
1264 990 1296 1037 ιιι
1327 981 1493 1036 orationum
1520 986 1637 1038 tuarum
1665 982 1803 1054 suffragia
1831 983 1913 1038 nobis

164 1073 313 1131 educendo
328 1071 425 1128 habet.
441 1069 536 1126 Tertia
557 1069 645 1125 etiam
660 1067 864 1124 humiditatem
880 1084 945 1125 cum
960 1085 1012 1124 su·
1065 1069 1228 1140 impendas,
1256 1070 1330 1125 sicut
1353 1076 1383 1125 et
1404 1085 1456 1126 nos
1490 1070 1526 1125 de
1553 1072 1721 1127 necessitate
1750 1077 1800 1127 tua
1829 1071 1912 1126 solli·

164 1163 234 1220 dore
255 1161 348 1218 babet.
369 1161 439 1216 Nam
459 1173 559 1214 omnes
578 1163 716 1214 creaturae
730 1158 836 1213 babent
863 1157 940 1229 quod
969 1157 1010 1212 vi·
1064 1157 1196 1214 citamur.
1239 1158 1387 1230 Rescripta
1413 1173 1529 1230 quoque
1559 1164 1609 1214 tua
1637 1159 1673 1215 ad
1701 1175 1756 1214 nos
1796 1159 1910 1216 deside-

164 1253 258 1320 detur,
274 1255 303 1305 et
325 1249 404 1321 quod
431 1264 490 1304 non
519 1246 641 1303 videtur.
669 1245 750 1312 Quod
773 1246 893 1313 videtur,
915 1244 1011 1302 debile
1065 1261 1173 1302 remus.

163 1337 354 1410 est3etquod
384 1353 442 1392 uon
469 1336 594 1403 videtur,
628 1335 701 1390 forte
730 1335 859 1390 etritule
882 1340 934 1390 est.
952 1335 1011 1392 Hoc
1248 1376 1453 1434 RESPONSUM
1473 1377 1719 1434 fflfflmfflffls·

163 1428 324 1484 intellectus
349 1425 474 1481 hominis
503 1425 617 1497 quaerit,
642 1428 674 1479 ut
697 1427 849 1496 cognoscat
873 1423 1010 1495 queniam
1146 1482 1152 1495 .
1391 1483 1397 1495 .
1518 1484 1524 1495 ¹

162 1517 234 1574 illud
260 1531 319 1572 uon
350 1514 437 1571 ridet.
462 1515 510 1568 ιιιι
537 1518 605 1568 sunt
631 1513 704 1567 vires
730 1527 850 1584 operum
865 1581 869 1588 ι
885 1511 1009 1584 Spiritus
1061 1483 1167 1540 mu
1190 1483 1230 1539 Μ
1249 1484 1478 1542 ‘mmm
1494 1487 1559 1541 Μ
1583 1485 1748 1542 ommni
1769 1485 1913 1542 donatur·

162 1605 262 1661 ιιιιιιι.
279 1604 313 1658 Et
325 1603 378 1658 boc
400 1601 477 1674 quod
499 1601 628 1656 continet
650 1599 758 1656 omitia.
775 1599 849 1666 Quid
868 1599 922 1654 hcc
941 1598 1009 1655 est?
1100 1601 1159 1655 Lux
1182 1615 1303 1655 summm
1337 1600 1544 1672 inspirationis,
1573 1616 1591 1655 ο
1620 1601 1718 1667 bomo,
1744 1601 1799 1656 tibi
1823 1601 1911 1657 dicit:

163 1690 391 1751 flomoconlinel
410 1689 507 1746 omnio
522 1689 614 1760 (ibid.)
630 1688 801 1754 Quomodo?
815 1688 1009 1757 Dominando,
1028 1671 1300 1745 BAdmonitionem
1326 1689 1450 1760 Spiritus
1475 1690 1578 1758 saneti,
1603 1690 1654 1762 qui
1674 1691 1705 1745 iu
1732 1694 1760 1745 te
1774 1691 1913 1758 escendit,

161 1782 280 1850 utendo,
293 1780 433 1852 jubendo.
457 1780 515 1835 lloc
538 1779 612 1833 [tem
634 1777 676 1833 illi
700 1778 859 1832 secundum
875 1792 904 1832 se
920 1778 1009 1832 dona·
1064 1793 1101 1832 ne
1118 1777 1269 1833 abscindas
1283 1793 1300 1832 e
1313 1782 1342 1832 te
1355 1791 1408 1849 ριι·
1420 1778 1526 1834 matam
1540 1779 1779 1834 consuetudinem
1793 1795 1914 1851 operum

160 1871 211 1927 vit.
237 1869 394 1928 Scieuiicm
408 1867 493 1924 babet
510 1865 596 1923 cocis.
620 1867 677 1921 Hoc
692 1872 735 1921 est
754 1865 1011 1937 rationalitasque.
1064 1869 1193 1932 tuorum,
1208 1865 1277 1937 qnia
1289 1867 1364 1921 lleua
1391 1865 1513 1938 requirit
1538 1868 1568 1922 in
1583 1872 1621 1934 ιι,
1643 1868 1722 1939 quod
1736 1867 1806 1923 olim
1821 1874 1914 1923 atten-

161 1977 227 2016 cum
243 1974 309 2014 voce
337 1963 428 2012 sonat.
457 1958 514 2011 Vox
541 1960 585 2010 est
609 1971 722 2027 corpus,
751 1955 930 2010 rationalitas
947 1953 1010 2009 ani·
1063 1953 1107 2010 dit
1120 1954 1263 2026 perditam
1278 1969 1361 2010 ovem
1378 1954 1524 2024 reducere,
1539 1956 1655 2027 quando
1678 1956 1800 2012 cumina
1820 1956 1913 2012 homi-

163 2064 220 2116 mu,
251 2049 327 2102 calor
346 2047 420 2102 aeris
440 2045 523 2117 ignis,
541 2048 570 2099 et
598 2059 688 2099 uuum
716 2048 792 2098 sunt.
809 2043 875 2098 Ideo
894 2042 1010 2114 qnando
1064 2058 1134 2098 num
1166 2042 1308 2097 abstersit.
1349 2044 1383 2098 st
1404 2044 1542 2115 antiquus
1571 2044 1672 2099 illusor
1700 2045 1836 2101 contusus
1859 2053 1912 2114 est,

160 2137 339 2194 rationalitas
363 2133 507 2200 dictando,
537 2132 660 2188 creando
688 2148 739 2203 per
763 2147 860 2187 vocem
884 2131 1009 2198 auditur,
1063 2145 1212 2186 cumeum
1239 2129 1413 2186 fortissimos
1433 2133 1557 2187 bellator
1584 2134 1741 2205 supererit.
1768 2135 1843 2190 Deus
1861 2150 1914 2205 per

161 2226 258 2282 omnia
284 2240 371 2299 opera
396 2223 487 2295 ipsius
505 2221 705 2294 perficiuntur,
722 2225 750 2276 et
774 2237 826 2292 per
848 2220 904 2276 hoc
930 2220 1011 2275 adest
1063 2220 1203 2275 fenestras
1216 2219 1317 2292 aspicit
1336 2221 1372 2275 ed
1386 2226 1425 2287 te,
1441 2221 1510 2293 quia
1534 2221 1600 2292 pius
1629 2227 1659 2276 et
1681 2223 1844 2278 misericors
1857 2228 1911 2278 est.

161 2316 188 2371 ei
203 2329 318 2382 creere;
334 2312 401 2385 quia
414 2317 445 2367 ut
462 2311 553 2382 jubet,
572 2311 613 2365 sic
633 2309 696 2365 erit.
723 2309 791 2365 Ideo
806 2310 903 2365 omnia
922 2324 1011 2380 opera
1064 2309 1123 2363 lloc
1135 2308 1232 2363 nullus
1251 2307 1338 2363 bomo
1353 2308 1481 2364 derideat
1501 2325 1553 2380 per
1569 2310 1656 2365 callam
1680 2311 1848 2381 opinionem
1863 2327 1913 2366 ιο·

162 2404 212 2460 Dei
226 2402 323 2458 inania
347 2417 404 2456 non
428 2404 506 2455 sunt.
530 2399 601 2454 Nam
621 2398 644 2453 si
671 2397 875 2470 quispiamves
890 2397 1009 2469 plenum
1062 2396 1181 2452 luntatis
1195 2413 1265 2452 suae.
1282 2398 1375 2452 Audi:
1391 2399 1469 2452 llaue
1489 2414 1604 2453 cauum
1628 2398 1835 2454 admonitionis
1854 2401 1913 2455 noti

160 2487 284 2559 pecunia
310 2486 439 2554 baberet,
463 2499 602 2556 magnum
633 2485 771 2556 gaudium
799 2484 867 2539 inde
888 2488 1008 2538 teneret.
1063 2484 1231 2540 abscindere
1255 2500 1273 2539 a
1295 2490 1332 2552 te,
1360 2502 1396 2540 ne
1425 2487 1499 2542 ιιιιιι
1517 2491 1545 2540 ιι
1562 2487 1704 2558 percutiat
1726 2504 1778 2558 per
1797 2489 1913 2558 flagella

162 2575 218 2632 Sed
230 2575 253 2630 si
264 2574 294 2630 in
305 2591 369 2629 vase
382 2573 455 2629 nibil
470 2580 554 2640 esset,
569 2589 623 2643 pro
638 2572 761 2627 minimo
783 2571 855 2628 illud
879 2571 1008 2627 baberet.
1063 2589 1125 2628 sue.
1143 2572 1286 2638 Quoniam
1310 2574 1371 2629 vult
1389 2575 1418 2629 in
1445 2575 1506 2629 zelo
1528 2591 1580 2630 suo
1607 2577 1682 2630 benc
1704 2576 1912 2633 inimicabilem

161 2663 192 2718 ln
207 2663 301 2736 pravis
331 2661 468 2735 operibus
499 2659 622 2716 inanitas
646 2665 699 2727 ιιι,
724 2667 753 2715 et
774 2661 891 2732 lugiunt
911 2659 1009 2731 ignem
1063 2678 1177 2717 causam
1200 2668 1393 2733 prosternere,
1419 2662 1494 2735 quod
1518 2664 1629 2720 sodales
1648 2663 1740 2736 ipsius
1754 2681 1806 2737 per
1819 2667 1914 2721 socios

161 2751 286 2824 Spiritus
299 2751 396 2807 sancti
417 2752 496 2806 Tunc
510 2750 590 2806 adest
617 2749 658 2805 eis
686 2749 837 2806 delectatio
859 2748 1008 2821 peccandi,
1063 2765 1132 2804 suos
1150 2750 1245 2821 ipsum
1256 2748 1287 2804 in
1301 2750 1464 2805 ostensione
1483 2767 1534 2805 sua
1549 2751 1691 2807 derident.
1718 2753 1798 2808 Unde
1813 2769 1913 2809 arcum

160 2841 196 2897 de
224 2839 409 2912 suggestione
439 2839 557 2895 diaboli.
584 2837 655 2895 Cum
681 2843 778 2894 autem
809 2837 897 2892 bomo
922 2853 1010 2908 prava
1063 2837 1267 2894 admonitionis
1288 2855 1348 2893 sum
1372 2838 1474 2907 vibret,
1495 2839 1696 2896 demonstraus
1721 2842 1790 2914 quia
1816 2843 1912 2898 nullus

159 2945 246 3000 opera
274 2945 326 2983 sue
349 2943 401 2999 pro
422 2926 514 2982 nihilo
533 2931 682 2999 computat
700 2931 728 2981 et
756 2926 912 2998 cognoscit,
929 2930 956 2981 et
970 2931 1011 2980 ta·
1028 2965 1048 3022 C
1063 2927 1091 2981 ei
1109 2927 1349 2997 resisterepossit.
1368 2928 1448 2983 Unde
1461 2932 1504 2995 ιιι,
1523 2928 1620 2992 homo,
1643 2930 1694 3001 qui
1712 2931 1911 3003 multanigre·

160 3017 276 3073 maneb
296 3015 337 3071 eis
356 3015 547 3071 reversionem
571 3015 648 3084 iacit,
669 3014 772 3070 similis
789 3019 832 3069 est
854 3013 1008 3086 peregrino
1063 3014 1130 3071 dine
1145 3014 1291 3070 involutus
1302 3032 1342 3082 es,
1359 3031 1445 3088 surge
1462 3016 1547 3071 citius
1559 3017 1595 3072 ad
1616 3017 1741 3086 ruinam,
1761 3020 1790 3072 et
1801 3019 1913 3075 redillca

159 3105 231 3174 lilio,
244 3105 294 3178 qui
310 3109 376 3177 post
387 3105 491 3160 lamam
515 3119 607 3170 suam,
632 3103 717 3175 panis
737 3103 828 3175 patris
853 3103 897 3157 sui
912 3117 1008 3157 recor·
1061 3103 1093 3158 ιιι
1108 3104 1271 3158 coelestibus
1284 3108 1315 3159 ut
1331 3103 1409 3176 nigri
1438 3109 1468 3159 et
1491 3104 1601 3160 sordidi
1626 3106 1794 3161 erubescant
1812 3107 1843 3161 iu
1861 3113 1911 3163 tua

160 3194 242 3250 datus
264 3198 316 3261 est,
341 3197 369 3248 et
395 3193 484 3248 dixit:
502 3192 599 3261 Peter,
616 3191 734 3264 peccaui
753 3191 785 3246 in
803 3189 906 3246 coelum
918 3193 947 3246 el
957 3205 1025 3246 co·-
1062 3190 1264 3261 exsultatione,
1278 3208 1344 3248 cum
1359 3193 1454 3264 surgis
1475 3210 1492 3249 a
1509 3193 1661 3264 nigredine
1682 3200 1742 3262 tua,
1757 3193 1826 3266 quia
1843 3196 1911 3249 ani-

157 3299 223 3340 rum
251 3284 278 3338 le
294 3284 371 3350 (buc.
389 3281 455 3352 xvl:
485 3279 516 3335 in
539 3279 653 3346 celum,
672 3279 740 3352 quia
765 3281 796 3336 in
816 3280 1008 3336 rationalitate
1063 3296 1110 3335 ma
1131 3283 1182 3334 tua
1200 3280 1246 3334 vir
1275 3280 1344 3335 vivit
1371 3286 1491 3352 propter
1518 3296 1606 3354 opera
1634 3287 1693 3337 tue.
1720 3284 1782 3339 Tua
1813 3288 1911 3339 autem

158 3371 281 3428 coelestia
296 3385 370 3436 sum,
384 3371 525 3424 eteorum
539 3370 576 3437 le,
592 3369 703 3440 quiete
727 3369 817 3424 ltemn
839 3367 908 3423 scio.
928 3370 1009 3424 Tunc
1062 3367 1165 3440 aspicis
1181 3368 1262 3440 quasi
1281 3384 1335 3440 per
1356 3369 1480 3441 ligurem
1507 3370 1543 3426 ad
1561 3371 1648 3426 aliem
1673 3371 1848 3444 citamque
1861 3372 1912 3427 in-

157 3459 307 3516 diabolum
325 3457 469 3529 repudiat,
485 3461 514 3512 et
533 3457 627 3513 denuo
643 3455 798 3512 [lominum
813 3472 899 3512 snum
914 3455 1006 3530 eligit.
1061 3455 1151 3512 tentio
1164 3455 1259 3528 fulget
1272 3457 1303 3512 in
1327 3463 1356 3513 te
1371 3459 1444 3514 sicot
1458 3475 1563 3515 aurora
1586 3458 1665 3514 lucis.
1688 3460 1766 3516 ltens
1788 3465 1838 3517 tua
1853 3461 1911 3516 cri·

158 3548 227 3604 lnde
252 3545 352 3602 omnia
377 3545 447 3601 vitia
471 3545 580 3601 diaboli
606 3544 832 3613 confunduntur,
858 3550 886 3600 at
908 3560 1008 3600 omnes
1060 3544 1126 3601 bret
1139 3551 1168 3600 et
1181 3544 1289 3601 excutit
1302 3561 1333 3600 se
1351 3545 1383 3601 in
1405 3545 1519 3619 magnis
1542 3548 1703 3616 tormentis,
1719 3548 1771 3603 ubi
1794 3549 1912 3620 pinguis

158 3636 284 3691 caelestes
299 3634 459 3690 barmoniae
481 3632 641 3700 mirentur3
674 3633 743 3705 quia
762 3634 838 3706 quod
854 3633 882 3690 in
899 3632 1010 3688 inutili·
1061 3636 1206 3689 naturate
1221 3633 1325 3706 aflligit
1350 3634 1381 3688 iu
1407 3635 1543 3690 tortuosis
1572 3634 1731 3691 desideriis.
1756 3638 1837 3692 ilaue
1857 3639 1910 3693 bo·

157 3728 216 3780 tate
231 3725 325 3778 lutum
340 3723 420 3792 prius
439 3722 655 3794 computabant,
671 3721 701 3776 in
715 3720 869 3794 principali
886 3719 1009 3776 utilitate
1061 3737 1172 3778 morem
1186 3721 1284 3778 evade.
1300 3722 1384 3789 Audi,
1399 3722 1504 3778 bomo:
1527 3723 1575 3779 Vir
1592 3723 1711 3795 quidam
1736 3730 1842 3780 terram
1857 3726 1911 3781 he·
1976 3712 1977 3719 ἵ

156 3811 322 3868 columnam
350 3810 436 3866 nubis
468 3814 568 3882 postea
598 3808 711 3876 vident;
750 3809 819 3882 quia
854 3825 919 3880 qum
939 3809 1009 3864 vilia
1061 3810 1136 3880 buit,
1180 3825 1246 3881 quer
1277 3825 1414 3881 magnam
1434 3811 1492 3866 rim
1519 3810 1550 3866 iu
1571 3827 1602 3868 se
1629 3813 1766 3880 ostendit,
1793 3815 1909 3886 quaudo

155 3900 301 3966 viderunt,
311 3903 418 3969 »postea
438 3895 604 3969 pulchriore
619 3897 741 3968 eligunt,
758 3897 895 3969 quoniam
909 3896 1009 3952 omnia
1060 3902 1189 3953 ιιιιιιιιιι
1215 3897 1308 3968 ipsam
1330 3899 1443 3966 evertit,
1469 3897 1510 3954 ita
1541 3899 1621 3970 quod
1652 3899 1746 3956 multo
1778 3902 1910 3973 germine
1974 3934 1975 3949 ι

156 3989 227 4043 vitia
240 3987 347 4043 diaboli
374 4001 427 4057 pro
454 3985 547 4041 nihilo
567 3989 756 4057 computant:
776 3984 817 4056 (in
837 3983 907 4056 ipsis
929 3984 1006 4039 enim
1060 3983 1181 4056 protulit
1196 3999 1343 4056 quemque
1357 3984 1495 4055 lructum,
1510 3987 1560 4059 qui
1575 3985 1606 4043 in
1620 3988 1682 4061 ipsa
1700 3988 1908 4045 seminabatur.

156 4075 253 4148 pravis
269 4074 405 4148 operibus
435 4074 545 4130 utilitas
569 4089 628 4129 nou
652 4073 715 4145 est),
737 4074 786 4128 sed
807 4073 961 4128 utilitatem
977 4072 1007 4127 ιιι
1060 4074 1138 4128 Tunc
1151 4073 1262 4144 placuit
1275 4073 1337 4128 rire
1351 4073 1429 4142 huic,
1445 4079 1478 4129 ut
1491 4075 1522 4129 in
1536 4081 1611 4129 terra
1634 4076 1685 4130 illa
1704 4077 1821 4133 hortum
1844 4093 1908 4133 aro·

156 4163 240 4220 bonis
267 4161 404 4236 operibus
432 4161 551 4218 iaciunt.
582 4163 648 4217 ιιιιι
671 4167 738 4217 sunt
769 4176 857 4232 opere
884 4159 1008 4233 Spiritus
1060 4166 1171 4216 matum
1199 4161 1317 4229 laceret,
1351 4166 1380 4216 et
1409 4162 1441 4216 iu
1467 4178 1502 4216 eo
1531 4168 1692 4219 crescerent
1724 4172 1855 4221 aromata
1877 4167 1908 4222 in

156 4253 258 4308 suncti.
290 4253 380 4318 Nunc,
401 4255 531 4322 opastor
563 4255 592 4306 ιι
615 4253 696 4306 Pater
721 4249 908 4323 populorum,
932 4251 1006 4306 Deus
1025 4249 1230 4312 nsuarissimo
1252 4249 1341 4305 odore
1360 4250 1398 4305 ad
1420 4248 1591 4307 medicinam
1617 4252 1768 4310 vulnerum
1787 4257 1817 4310 et
1834 4254 1908 4311 cica·
1971 4274 1972 4293 ι

155 4341 208 4397 tibi
228 4341 276 4397 det
290 4340 368 4396 utad
384 4341 485 4394 lumen
508 4339 669 4410 pervenias,
684 4337 734 4394 nbi
757 4337 906 4394 scientiam
930 4353 1005 4393 veras
1060 4337 1177 4393 ιιιιιιιιι.
1193 4339 1227 4393 ιιι
1245 4342 1322 4392 terra
1334 4337 1386 4394 ille
1409 4338 1511 4394 melior
1526 4338 1627 4395 ellectu
1641 4345 1695 4407 est,
1718 4357 1806 4413 qnam
1827 4343 1908 4414 prius
1970 4400 1971 4407 ,

154 4419 341 4486 beatitudinis
355 4427 489 4500 accipies.
1058 4425 1168 4481 luisset.
1186 4427 1267 4482 Nunc
1280 4432 1323 4493 ιιι,
1340 4443 1358 4480 o
1372 4426 1469 4495 homo,
1494 4426 1569 4500 elige
1595 4428 1664 4500 quid
1680 4429 1711 4485 in
1726 4430 1772 4486 his
1795 4429 1908 4486 duabus
1969 4492 1970 4509 .

1058 4513 1464 4674 ιιιιιιιιι
1492 4517 1909 4681 tessellatus:

305 4691 423 4732 ιιιιῦθιι
442 4687 579 4730 ”mllffl
596 4689 631 4728 ΑΒ
652 4686 857 4729 fllfflfflmn·
1058 4689 1152 4757 dibus,
1169 4689 1263 4762 quiin
1277 4691 1392 4762 magnis
1409 4692 1524 4747 casibus
1542 4693 1684 4750 vulnerati
1698 4701 1791 4762 erant,
1820 4703 1850 4751 et
1876 4698 1907 4752 iu
1967 4726 1968 4747 ι

189 4784 335 4840 Goumara
366 4782 399 4837 ll.
431 4797 460 4852 g.
496 4779 637 4850 Spirensis
666 4777 795 4834 Ecclesia
821 4777 954 4833 minister
976 4783 1006 4834 et
1057 4778 1236 4834 cicatricibus
1263 4779 1397 4834 vitiorum
1429 4781 1542 4852 polluti,
1565 4782 1616 4854 qui
1644 4785 1830 4854 postmodum
1847 4785 1906 4839 cri·

154 4871 316 4944 episcopus,
346 4869 515 4926 Ηιιιιιιιιιι
549 4867 694 4940 magistrae
722 4866 757 4922 de
780 4870 877 4922 moute
892 4865 921 4922 S.
946 4865 1002 4922 uo-
1058 4865 1203 4920 minusue
1229 4867 1401 4938 opprimunt
1424 4868 1657 4941 inpoenitentia.
1684 4873 1775 4929 Faber
1791 4873 1905 4941 mundi,

152 4958 227 5015 berti
238 4959 268 5014 iu
283 4957 391 5030 Plagis,
408 4957 531 5012 salmam
550 4959 689 5010 aternam
704 4954 735 5009 in
750 4953 872 5010 Christo.
1056 4952 1279 5010 tundamentum
1294 4955 1369 5011 istud
1384 4956 1512 5027 primum
1531 4958 1567 5014 de
1580 4959 1705 5031 rugosis,
1723 4964 1753 5016 ιι
1766 4960 1907 5034 impolitis
1965 4958 1966 4979 ¹

188 5045 270 5113 Quod
285 5045 378 5101 bonus
404 5044 478 5100 odor
497 5059 527 5098 es
551 5048 611 5097 tam
640 5042 758 5096 remotis
779 5057 865 5113 quam
891 5041 1002 5111 vicinis,
1058 5040 1201 5113 lapidibus
1217 5043 1322 5115 posuit,
1339 5048 1368 5099 at
1391 5044 1500 5116 lapides
1524 5045 1674 5104 istilotam
1692 5049 1835 5105 civitatem
1857 5051 1907 5107 bei
1964 5080 1965 5095 2

97 5181 102 5194 .
152 5135 230 5191 etde
245 5133 355 5206 Spiritu
378 5137 477 5189 sancto
509 5130 639 5186 solamen
654 5129 831 5186 omnibuste
846 5129 1002 5201 quarenti—
1057 5135 1230 5186 sustentant.
1245 5131 1310 5187 ldeo
1327 5132 1394 5205 luge
1409 5132 1553 5189 lasciviam
1567 5135 1655 5206 hujus
1670 5138 1773 5194 mundi
1788 5138 1818 5193 in
1834 5155 1905 5196 neu·
1963 5186 1964 5207 ,

151 5223 214 5289 bus,
229 5223 334 5280 divinae
356 5221 458 5294 pietati
483 5219 589 5292 gratias
607 5217 772 5275 relerimus.
794 5217 874 5274 Unde
894 5222 922 5274 et
940 5233 1002 5274 cer·
1056 5216 1150 5290 lragio
1168 5219 1369 5288 immunditias,
1389 5226 1419 5276 et
1441 5227 1503 5278 esto
1529 5222 1631 5279 similis
1645 5225 1740 5281 sardio
1755 5229 1784 5281 et
1804 5226 1907 5283 similis

151 5318 215 5371 tum
241 5310 347 5369 hebere
375 5309 481 5366 dicitur
503 5305 619 5364 dilectio
648 5313 707 5376 tna,
729 5306 804 5380 qued
818 5307 956 5363 bonorem
974 5310 1004 5363 et
1056 5307 1181 5378 topazio,
1218 5311 1248 5363 et
1273 5308 1355 5364 velox
1387 5309 1460 5364 sicut
1485 5326 1586 5366 cerrus
1604 5312 1721 5369 haurire
1747 5314 1778 5369 in
1806 5315 1905 5387 lingua
1962 5298 1963 5323 ¹

150 5399 307 5457 utilitatem
333 5396 464 5454 lleclesiae
482 5401 540 5453 tue
562 5394 664 5452 libenti
686 5395 784 5454 auimo
809 5393 950 5461 videmus,
973 5400 1003 5450 et
1056 5395 1243 5465 purissimum
1262 5395 1382 5467 iontem,
1403 5401 1432 5454 et
1445 5398 1564 5455 riresiu
1578 5405 1730 5457 aeternum.
1961 5404 1962 5407 ’

151 5487 247 5546 modis
262 5485 408 5556 omuibus,
430 5484 536 5558 quibua
550 5484 728 5540 voluntatem
744 5487 866 5538 vestram
884 5481 915 5538 in
934 5495 1001 5554 pro·
