3984 6034
144 239 196 290 :aaa
886 230 913 284 S.
935 230 1168 290 uttunutttuts
1841 234 1894 287 tuo

143 375 180 429 ab
193 371 277 428 initio
300 385 387 442 quam
410 369 535 424 viduitas
562 383 698 439 oppressa
720 364 795 422 virili
817 369 899 440 jugo,
924 384 991 423 curn
1010 369 1144 425 domnia
1157 371 1299 426 elementa
1314 369 1414 425 muudi
1438 385 1502 441 quaa
1520 369 1596 441 prius
1621 370 1651 426 in
1674 384 1779 442 magua
1794 371 1893 442 quiete

143 469 239 517 tamen
268 465 335 531 post
358 458 489 514 dolorem
515 472 600 513 suurn
640 457 671 512 in
699 473 757 528 quo
783 454 876 512 virum
906 473 991 512 suum
1046 458 1242 522 constiterant,
1277 457 1308 512 in
1341 457 1496 513 maximam
1531 457 1763 529 inquietudinem
1801 475 1893 524 versa,

143 549 277 623 perdidit,
319 547 515 620 virginitatem
555 544 749 618 subsequitur.
793 545 880 600 tilius
913 546 992 602 euim
1046 545 1197 602 horribiles
1220 551 1343 601 terrores
1365 545 1570 615 ostenderunt;
1596 547 1664 619 quia
1689 553 1821 603 creatura
1843 548 1895 602 illa

144 653 226 694 meus
248 637 387 710 plurimos
419 636 533 691 dotores
558 635 590 691 in
612 649 733 706 corpore
758 650 811 689 suo
829 634 949 705 pertulit
962 641 993 690 ει
1046 635 1160 707 quaed
1180 635 1346 690 servitutem
1361 634 1713 701 bominiscreataiuerat,
1731 653 1782 692 nec
1803 637 1894 692 ullam

144 734 267 785 mortem
297 726 389 782 crucis
414 725 503 782 subiit
514 741 522 792 ;
535 725 611 779 uude
628 728 657 778 ει
674 740 724 778 vos
738 724 768 778 in
784 738 881 778 amore
901 723 992 795 ipsius
1046 722 1245 779 adversitatem
1270 724 1301 777 in
1327 739 1357 778 se
1380 728 1506 778 senserat
1521 724 1650 795 (bomine
1667 725 1895 780 inobedientiam

144 817 248 873 multas
272 815 419 887 augustias
444 813 604 886 patiemini,
634 828 699 867 cum
731 811 762 866 in
783 812 993 884 vobismetipsis
1046 818 1211 885 capescente
1235 818 1263 867 et
1278 811 1401 868 Creatori
1424 829 1476 868 suo
1502 813 1576 868 lacto
1604 812 1798 884 inobediente)
1811 819 1895 870 tran·

143 905 317 978 superabitis
333 904 410 976 quod
434 904 464 958 iu
491 902 610 958 libidine
631 901 739 973 peccati
754 917 788 956 ex
807 907 893 974 gustu
913 901 992 973 pomi
1047 901 1218 973 quiltitatem
1248 917 1330 956 suam
1361 901 1488 973 reliquit,
1517 906 1546 957 ει
1572 901 1804 974 inquietudinem
1830 919 1895 958 sus-

144 993 317 1051 seminetum
336 999 381 1048 est
395 1009 404 1059 3
420 991 469 1047 sed
488 997 586 1046 tamen
604 990 645 1045 ibi
665 991 702 1046 ab
718 989 851 1046 incendio
864 989 993 1046 libidinis
1047 991 1131 1062 cepit,
1147 989 1285 1045 maximas
1307 994 1336 1045 et
1358 990 1499 1062 plurimas
1525 991 1740 1047 contrarietates
1766 991 1894 1047 bomini·

146 1083 296 1138 etllueutes
328 1079 434 1135 rivulos
467 1079 498 1134 in
530 1079 639 1134 semine
673 1083 766 1133 vestro
808 1078 990 1145 sustinentes,
1045 1080 1237 1136 businlerens
1254 1079 1386 1134 uthorno
1403 1080 1530 1152 seipsum
1545 1079 1736 1136 addeteriora
1758 1079 1894 1146 flexerat;

146 1187 211 1226 cum
226 1175 284 1227 ιιιιι
298 1169 368 1224 casti
393 1183 455 1222 esse
475 1183 534 1223 uon
556 1166 674 1238 potestis
697 1167 769 1238 quin
783 1166 922 1238 fragilitas
937 1166 991 1221 hu·
1047 1169 1187 1242 perillam
1200 1174 1386 1224 coerceretur.
1403 1169 1477 1234 Quid
1496 1167 1567 1224 hoc‘l
1582 1168 1655 1234 Quia
1675 1168 1761 1224 bomo
1777 1169 1806 1224 in
1830 1170 1895 1225 loeo

146 1275 239 1316 maure
264 1257 418 1315 debilitatis
439 1273 470 1311 se
494 1258 611 1311 latenter
638 1256 770 1312 ostendat
792 1256 821 1310 iu
846 1255 945 1324 vobis,
961 1256 992 1310 in
1047 1257 1216 1314 deliciarum
1239 1259 1297 1313 Deo
1323 1256 1438 1313 rebellis
1463 1257 1578 1325 exstitit,
1600 1257 1706 1313 idcirco
1719 1263 1748 1313 et
1762 1263 1896 1314 creatura

146 1351 196 1405 itlo
228 1349 324 1404 labore
356 1345 520 1419 passionem
552 1345 616 1400 Filii
650 1345 708 1400 mei
737 1344 846 1399 imitari
872 1344 992 1412 debetis,
1047 1347 1097 1402 illa
1111 1363 1175 1419 quea
1190 1345 1302 1401 homiui
1316 1346 1346 1400 in
1362 1345 1475 1401 servitio
1491 1347 1619 1417 subjecta
1642 1347 1706 1413 luit,
1724 1363 1753 1402 se
1781 1345 1896 1402 bomini

145 1455 210 1494 cum
248 1435 456 1506 rrrbismetipsis
488 1434 620 1489 resistitis
661 1434 809 1490 ardentem
844 1436 992 1488 ssaurmam
1047 1436 1192 1507 opposuit,
1224 1440 1252 1489 et
1275 1433 1424 1504 paradisus
1450 1440 1492 1488 est
1515 1435 1593 1489 locus
1617 1435 1801 1501 amoenitatis,
1840 1435 1894 1506 qui

145 1526 283 1593 libidinis,
323 1523 457 1579 videlieet
476 1523 505 1577 in
534 1523 613 1577 vobis
640 1521 853 1593 exstinguentes
878 1528 905 1577 et
938 1523 993 1578 alia
1047 1525 1140 1590 lloret,
1157 1524 1187 1578 in
1201 1523 1343 1578 viriditate
1366 1523 1480 1590 tiorum,
1496 1527 1524 1577 et
1537 1522 1704 1590 herbarum,
1726 1529 1754 1578 et
1780 1521 1893 1578 deliciis

144 1614 293 1670 saecularia
326 1629 390 1684 quas
420 1611 522 1667 mundi
545 1616 621 1680 sant,
650 1610 757 1666 scilicet
785 1612 868 1676 iram,
896 1628 994 1684 super·
1048 1613 1179 1668 omnium
1194 1617 1366 1679 aromatum,
1377 1613 1503 1682 repletus
1517 1611 1634 1683 optimis
1649 1610 1796 1681 odoribus,
1810 1611 1894 1667 dota-

144 1705 232 1771 biam,
255 1702 411 1763 luxuriam.
440 1705 468 1756 et
502 1707 606 1756 cratera
629 1700 798 1771 hujusmodi
820 1701 888 1755 sitia
915 1701 995 1756 cohi-
1013 1668 1034 1722 B
1049 1706 1151 1774 tuaque
1173 1702 1203 1755 iu
1224 1700 1328 1771 gaudio
1351 1699 1498 1755 beatarum
1523 1699 1695 1762 animarum.
1721 1700 1792 1755 daus
1815 1699 1897 1754 lerti-

144 1794 255 1861 bentes,
294 1797 381 1862 atqua
408 1789 557 1844 victorium
593 1790 677 1843 istam
706 1805 813 1861 magno
837 1791 994 1845 certamine
1050 1791 1186 1845 tissimum
1216 1788 1422 1844 leutruditatem
1455 1789 1540 1843 aridae
1580 1793 1674 1857 terra,
1706 1789 1775 1860 quia
1801 1789 1896 1843 fortis·

145 1881 332 1954 perficientes.
358 1879 438 1933 Unde
459 1882 528 1932 tuuc
549 1877 651 1950 praetia
678 1878 732 1932 ista
760 1894 864 1949 magno
893 1879 995 1934 decore
1049 1879 1152 1934 simam
1177 1877 1232 1933 vim
1252 1882 1336 1932 terrm
1360 1877 1469 1946 tribuit,
1496 1878 1575 1932 velut
1588 1878 1684 1932 anima
1694 1878 1808 1949 corpori
1819 1878 1896 1932 sires

118 1976 175 2026 ,ει
202 1970 294 2025 multo
321 1968 415 2022 fructu
442 1968 562 2022 clariora
590 1982 677 2038 super
700 1967 790 2021 solem
818 1972 848 2021 et
867 1966 995 2021 dulciora
1048 1969 1169 2040 praebet,
1194 1966 1333 2038 quoniam
1361 1966 1508 2037 paradisus
1534 1966 1564 2020 in
1590 1965 1692 2021 umbra
1713 1966 1895 2039 elinperdi-

145 2073 232 2128 super
254 2063 416 2112 aromatum
445 2056 615 2110 suavitatem
646 2070 744 2109 coram
768 2070 815 2109 me
835 2062 993 2126 appaream
1048 2057 1126 2112 tione
1168 2061 1352 2126 peccatorum
1389 2070 1447 2110 nou
1489 2055 1668 2110 obscuratur.
1710 2054 1895 2128 Quapropter

144 2147 213 2218 quia
234 2144 416 2217 unigenitum
443 2159 540 2199 meum
555 2144 586 2198 ia
600 2143 748 2199 doloribus
758 2144 820 2213 ejus
839 2143 995 2198 imitamini
1047 2146 1196 2200 audiiset
1220 2144 1373 2216 intelligite
1405 2159 1450 2198 rue
1463 2159 1512 2198 ros
1531 2144 1581 2214 qui
1599 2145 1628 2198 iu
1642 2143 1778 2199 cordibus
1792 2143 1895 2198 restris

145 2252 210 2292 cum
236 2236 383 2290 ardentem
408 2231 559 2288 libidinem
588 2238 648 2287 tam
674 2219 742 2287 lorti
778 2232 936 2287 certamine
963 2233 994 2286 in
1048 2233 1164 2290 dicitis:
1184 2233 1255 2298 Quid
1270 2238 1337 2287 sunt
1350 2232 1425 2286 bac?
1441 2237 1470 2287 et
1483 2248 1534 2287 cur
1548 2237 1616 2287 suut
1632 2232 1818 2289 hoeclOcur
1833 2238 1893 2287 tam

145 2325 226 2380 robis
248 2323 432 2378 conculcatis.
457 2322 575 2376 Etcum
597 2321 637 2376 sic
659 2322 857 2393 perseveratis,
873 2322 994 2377 multam
1047 2323 1127 2378 stulti
1148 2322 1216 2377 estis
1238 2321 1268 2376 in
1284 2321 1418 2376 cordibus
1444 2321 1544 2376 vestris
1568 2321 1618 2392 qui
1640 2320 1674 2376 ad
1690 2321 1847 2392 imaginem
1863 2325 1894 2374 et

148 2413 270 2485 gloriam
302 2411 370 2467 inde
397 2412 427 2466 in
464 2410 571 2466 eoelesli
596 2426 687 2483 regno
728 2410 994 2481 consequimini.0
1047 2411 1266 2468 similitudinem
1291 2410 1341 2465 net
1363 2409 1429 2464 lacti
1451 2408 1773 2474 estileuomodotam
1787 2425 1893 2480 magna

144 2500 356 2558 vernantissimi
384 2499 481 2567 liores,
510 2500 606 2571 angeli
634 2500 701 2568 mei,
732 2500 762 2553 iu
784 2505 876 2554 vestro
899 2504 994 2555 certa-
1047 2501 1178 2573 gloriaet
1206 2504 1302 2556 tantus
1328 2501 1421 2554 honor
1440 2500 1491 2570 qui
1517 2498 1595 2553 robis
1621 2499 1704 2554 datus
1726 2506 1779 2565 est,
1796 2503 1895 2569 posset

144 2590 413 2646 mineadmirautur
440 2589 518 2660 quod
547 2592 669 2642 mortem
698 2587 826 2655 evaditis,
855 2587 934 2659 quod
962 2589 993 2642 in
1047 2588 1473 2660 essasineprobatione:oum
1488 2594 1583 2643 ιειιιειι
1600 2587 1894 2659 a·rrumquodquasi

143 2694 286 2734 venenosa
322 2679 380 2732 luto
411 2676 513 2732 muudi
544 2676 646 2746 polluti
675 2693 732 2731 riou
759 2677 916 2732 esttecum
945 2683 993 2732 ta·
1048 2677 1120 2734 uiuit
1143 2682 1186 2732 est
1209 2684 1238 2732 et
1265 2676 1375 2748 aliquid
1404 2678 1500 2734 iuaue.
1519 2676 1621 2731 debeat
1634 2677 1664 2730 in
1681 2676 1748 2746 igno
1762 2676 1892 2746 probari,

144 2781 211 2823 meu
239 2768 353 2822 carnale
374 2783 477 2838 corpus
505 2765 622 2834 geratis,
652 2764 723 2819 illud
744 2764 798 2818 boc
818 2771 901 2836 pacto
919 2781 993 2820 con·
1047 2772 1076 2822 et
1102 2767 1220 2839 pretiosi
1247 2766 1357 2837 lapides
1385 2765 1415 2820 in
1443 2765 1611 2837 purgatione
1639 2764 1733 2835 potiri,
1750 2764 1894 2834 ethnjus·

142 2858 294 2923 calcantes,
318 2855 395 2926 quod
416 2853 534 2926 gloriosi
560 2853 589 2907 iu
611 2853 756 2908 consortio
778 2869 877 2908 eorum
901 2853 990 2920 eritis,
1047 2856 1126 2911 modi
1150 2855 1248 2911 omnia
1272 2855 1301 2909 iu
1322 2854 1456 2910 omnibus
1488 2853 1638 2926 perquiri?
1668 2855 1733 2925 ligo,
1765 2869 1782 2908 o
1812 2852 1895 2908 stulti

141 2945 279 3017 quoniam
298 2943 456 2998 sectandum
483 2941 703 2997 similitudinem
724 2943 854 3014 ipsorum
887 2942 994 3012 impot-
1012 2944 1188 3022 ciromines.
1210 2943 1263 2998 buc
1284 2943 1361 3016 quod
1386 2943 1421 2998 ed
1442 2943 1599 3014 imaginem
1623 2947 1652 2996 et
1674 2941 1894 2998 similitudinem

142 3034 196 3090 luti
219 3031 374 3105 apparetis,
403 3031 468 3085 ideo
495 3030 617 3100 gaudete
644 3045 709 3084 cum
739 3029 990 3100 sieperseveratis,
1047 3035 1097 3088 Dei
1123 3033 1229 3089 lactum
1259 3037 1310 3099 est,
1338 3031 1486 3104 quomodo
1513 3032 1575 3087 siue
1603 3030 1772 3101 probatione
1797 3034 1894 3102 posset

144 3123 211 3194 quia
233 3127 302 3175 tuuc
318 3118 464 3173 vobiscum
486 3134 561 3184 sum,
576 3134 642 3172 cum
657 3133 702 3172 me
714 3118 838 3173 liueliter
849 3117 992 3190 suscipitis
1045 3121 1217 3178 subsistere?
1251 3125 1321 3177 tiam
1351 3121 1438 3177 homo
1468 3136 1554 3192 super
1584 3135 1699 3175 omnem
1731 3124 1894 3175 creaturam

142 3216 172 3266 et
185 3224 282 3264 vocem
300 3223 393 3262 meam
408 3223 473 3261 cum
489 3207 595 3276 garrdio
607 3205 701 3261 cordis
716 3207 801 3261 vestri
816 3205 989 3279 adimpletis,
1045 3210 1253 3266 examinandus
1278 3215 1328 3277 est,
1358 3216 1388 3265 et
1420 3211 1484 3264 ideo
1509 3225 1561 3280 per
1597 3224 1710 3264 omnam
1730 3213 1892 3263 creaturam

143 3296 387 3370 quemadmodum
420 3293 450 3349 in
483 3300 591 3348 secreta
622 3295 730 3350 visione
750 3295 867 3351 loannis
895 3295 991 3350 dilecti
1045 3299 1210 3369 probandus
1239 3304 1290 3354 est.
1321 3297 1496 3363 Quomodo?
1521 3297 1645 3369 Spiritus
1675 3312 1726 3368 per
1757 3296 1892 3368 spiritum

142 3386 200 3443 mei
226 3383 357 3448 ostendo,
383 3384 503 3438 diceus:
526 3384 597 3438 Ecce
613 3386 658 3438 alo
678 3382 831 3439 odoarium
844 3386 872 3438 el
883 3384 991 3453 pateo.-
1045 3388 1208 3458 probandus
1233 3393 1285 3451 est,
1310 3403 1375 3442 earo
1404 3403 1457 3457 per
1483 3402 1608 3454 carnem,
1622 3391 1699 3441 terra
1713 3401 1764 3458 per
1785 3401 1892 3448 aerem,

141 3476 169 3531 ri
185 3475 252 3546 quis
272 3470 397 3529 audeat
416 3487 512 3528 exem
536 3487 642 3534 meam,
668 3471 783 3527 intrabo
804 3471 844 3527 nd
864 3471 950 3527 illum
962 3476 993 3527 et
1044 3476 1119 3549 iguis
1141 3492 1194 3547 per
1220 3492 1335 3548 aquam,
1366 3491 1462 3547 pugne
1485 3490 1537 3547 per
1563 3490 1676 3545 pacem,
1705 3475 1812 3530 bouum
1840 3489 1894 3546 per

141 3565 255 3620 conabo
280 3578 346 3617 cum
366 3561 430 3628 illo,
453 3567 481 3616 et
506 3559 568 3632 ipre
590 3577 700 3615 mecum
719 3561 819 3633 (Aper.
843 3563 893 3630 tu).
909 3563 990 3628 Quod
1046 3565 1164 3632 matum,
1198 3565 1381 3635 pulchritudo
1410 3579 1462 3635 per
1491 3562 1713 3632 deformitatem,
1737 3567 1893 3635 paupertas

141 3653 267 3710 dicitur:
291 3651 345 3705 llos
366 3649 416 3722 qui
440 3665 486 3705 me
510 3650 681 3704 salvatorem
711 3657 838 3706 vestrum
867 3649 991 3706 fideliter
1043 3669 1097 3725 ρει
1135 3652 1260 3718 divilias,
1284 3652 1405 3709 dulcedo
1441 3667 1494 3722 per
1521 3651 1755 3718 amaritudinem,
1785 3649 1893 3705 sanitas

141 3741 254 3809 amatis,
274 3739 368 3795 videte
390 3736 459 3810 qnia
481 3738 562 3793 vobis
585 3753 751 3793 succurrere
774 3739 871 3793 voleus
895 3754 991 3810 exspe-
1043 3759 1096 3814 per
1120 3740 1330 3808 infirmitatem,
1358 3741 1478 3810 tongum
1502 3740 1695 3811 perbrevem,
1718 3739 1823 3795 durum
1838 3755 1891 3809 per

142 3838 187 3888 cto
202 3831 238 3887 ad
253 3828 470 3885 tabernaculum
491 3826 696 3894 cordisvestri,
721 3827 905 3881 considerans
921 3828 989 3899 quid
1045 3831 1141 3901 molle,
1156 3829 1277 3885 altitudo
1291 3845 1343 3901 per
1361 3829 1599 3900 profunditatem,
1615 3829 1663 3883 lux
1680 3845 1731 3900 per
1744 3828 1888 3883 tenebras.

141 3918 315 3976 conscientia
338 3922 432 3971 restra
453 3917 484 3970 in
513 3914 619 3970 scrinio
647 3914 741 3970 cordis
768 3915 813 3969 sui
834 3915 988 3983 contineat,
1043 3919 1102 3973 vita
1139 3933 1191 3990 per
1227 3922 1361 3984 mortem,
1383 3915 1533 3987 paradisus
1562 3931 1615 3986 per
1641 3931 1750 3988 poenas,
1776 3916 1891 3972 rtetcste

143 4012 172 4062 et
186 4021 252 4061 cum
268 4003 455 4074 inspiratione
470 4001 677 4058 recordatiouis
693 4003 796 4056 mentis
811 4007 911 4057 vestra
931 4003 989 4074 spi·
1045 4021 1165 4078 regnum
1189 4021 1241 4078 per
1261 4005 1435 4074 gehennam,
1457 4009 1487 4058 et
1522 4009 1635 4059 terrena
1663 4021 1730 4060 cum
1758 4004 1891 4072 terronis,

143 4097 231 4150 ritum
261 4099 385 4146 vestrum
410 4090 448 4148 ad
478 4091 657 4162 apertionem
695 4091 885 4162 susceptionis
907 4090 990 4146 bonae
1044 4094 1167 4150 ooelestia
1189 4109 1255 4148 cam
1278 4092 1447 4149 coetestibus.
1479 4092 1524 4148 Sic
1552 4094 1639 4148 homo
1667 4093 1790 4149 inomni
1816 4109 1894 4150 crea·

142 4181 297 4238 voluntatis
316 4193 496 4234 commoneo.
518 4178 599 4245 Quod
622 4179 645 4233 si
660 4185 728 4234 tunc
743 4178 828 4236 fidele
854 4196 903 4234 cor
923 4196 990 4253 per·
1044 4189 1107 4238 tura
1130 4182 1268 4254 probatus
1293 4189 1347 4249 est,
1369 4181 1500 4236 videlicet
1524 4181 1552 4236 in
1569 4181 1711 4253 paradiso,
1727 4183 1847 4239 interra
1863 4187 1894 4238 et

143 4271 213 4343 cipit
227 4269 353 4324 sonitum
367 4267 479 4321 timoris
494 4269 560 4332 mei,
587 4267 733 4338 conjungo
758 4283 804 4322 me
831 4269 866 4323 ad
893 4268 988 4340 ipsum
1007 4257 1074 4327 Diu
1096 4272 1208 4327 interno
1224 4285 1231 4326 :
1249 4275 1348 4343 postea
1379 4270 1534 4326 collocatus
1554 4277 1597 4327 est
1619 4269 1650 4326 in
1683 4273 1762 4328 atsto.
1787 4275 1892 4344 Aperte

143 4358 318 4429 amplectens
344 4371 422 4423 euru,
452 4354 724 4428 indeficientemque
752 4357 848 4412 cibum
874 4357 991 4429 capiens
1045 4361 1120 4417 enim
1152 4360 1253 4416 videtis
1275 4375 1367 4431 pauca
1392 4359 1427 4414 de
1445 4360 1554 4426 multis,
1571 4376 1636 4433 quea
1652 4361 1893 4417 anteocutosve·

143 4446 363 4513 rumiliacum
379 4444 839 4517 ipsesuaremgustumiubonis
857 4446 991 4517 operibns
1045 4453 1119 4502 stros
1134 4446 1298 4502 abscondita
1315 4451 1392 4502 sunt.
1408 4445 1698 4502 Etcurderidetisea
1712 4462 1778 4519 quea
1801 4450 1891 4514 recta,

142 4535 330 4606 semetipsum
344 4534 416 4588 mibi
440 4534 558 4605 prabet,
574 4534 614 4588 ita
628 4539 657 4588 ει
675 4533 737 4605 ipse
758 4535 854 4589 cibum
881 4535 944 4590 vitae
959 4535 989 4590 in
1045 4537 1142 4607 plana,
1156 4535 1278 4605 etjueta,
1294 4549 1327 4588 ac
1340 4535 1414 4589 bona
1431 4532 1460 4588 in
1474 4533 1609 4589 omnibus
1625 4533 1706 4589 bouis
1720 4549 1816 4590 eoram
1831 4534 1891 4589 [leo

144 4624 256 4694 meipso
278 4628 466 4693 percepturus
488 4627 539 4689 eat,
552 4622 690 4694 quoniam
708 4623 780 4678 illud
797 4628 874 4678 amat
889 4639 896 4678 :
912 4624 990 4695 quod
1045 4623 1138 4678 sunt?
1154 4623 1247 4686 Quare
1266 4621 1310 4677 his
1329 4620 1547 4693 indignamini?
1570 4622 1644 4676 lleus
1655 4623 1749 4695 justus
1763 4629 1825 4689 est;
1840 4623 1892 4678 aad

141 4712 281 4784 justitiam
305 4709 533 4765 desiderantibus
548 4710 634 4763 vitam
651 4707 742 4765 alleri.
759 4709 824 4778 Sed,
844 4715 877 4764 ut
901 4710 989 4777 vides,
1045 4727 1136 4783 gemm
1163 4709 1313 4766 hominum
1343 4711 1374 4766 in
1407 4710 1642 4783 prevaricatione
1679 4717 1891 4782 praeceptorum

143 4801 233 4856 Adam
261 4804 291 4853 et
317 4797 374 4852 tiva
414 4797 450 4851 de
473 4797 606 4867 paradiso
633 4797 768 4868 expulsis,
796 4796 991 4853 lucidissimus
1046 4799 1249 4869 lleiiujustum
1279 4805 1330 4866 est,
1359 4815 1424 4854 curu
1449 4799 1608 4869 sapientius
1624 4801 1681 4854 lieo
1697 4817 1759 4856 esse
1773 4805 1894 4856 couten-

144 4887 281 4959 splendor
298 4884 595 4954 eamdemregiuuom
617 4885 826 4952 circumdedit,
852 4886 990 4958 quoniam
1045 4888 1097 4943 dit.
1121 4889 1201 4943 Nunc
1229 4887 1273 4942 dio
1302 4887 1417 4955 mihi,o
1445 4888 1544 4954 bomo,
1575 4887 1643 4960 quid
1663 4889 1893 4959 putasteluisse

144 4978 200 5032 iltis
226 4977 263 5031 ob
286 4974 543 5045 transgressionem
576 4989 658 5028 suam
696 4976 789 5029 lorum
818 4975 991 5030 emoenitatis
1045 4974 1254 5030 cumnondum
1271 4975 1821 5047 erasinanimeetcorporelluvero
1842 4993 1893 5033 ne-

144 5066 323 5131 exeuntibus,
344 5063 469 5135 potentia
488 5062 592 5117 divium
615 5061 770 5131 majestatis
795 5078 912 5118 omnem
931 5079 991 5118 ma·
1045 5064 1098 5120 scis
1113 5063 1847 5136 quomodocreatussis.Sednuuc‚ohomo,coelurn
1863 5071 1894 5123 et

145 5155 237 5210 cutam
252 5152 341 5207 totius
353 5151 535 5221 contagionis
549 5151 585 5204 ab
608 5151 711 5206 eudem
729 5151 793 5205 loco
807 5156 991 5222 sequestrans
1046 5161 1152 5208 terram
1167 5153 1209 5207 vis
1223 5157 1407 5224 perscrutari,
1423 5159 1452 5209 et
1463 5153 1606 5224 justitiam
1619 5169 1721 5210 eorum
1743 5155 1773 5210 iu
1787 5155 1892 5211 consti·

145 5258 212 5298 eum
225 5243 265 5296 ita
279 5256 331 5295 sua
344 5239 474 5294 claritate
496 5239 630 5305 nrtrnivit,
650 5255 688 5294 ne
715 5239 818 5294 amodo
839 5241 899 5296 ulla
921 5257 990 5296 cou·
1044 5241 1186 5295 tutionem
1199 5241 1249 5295 liei
1270 5239 1437 5312 dijudicare,
1453 5247 1482 5296 et
1497 5257 1609 5298 summa
1624 5242 1811 5313 dignoscere;
1825 5261 1892 5300 cum

144 5331 290 5388 trerietate
311 5333 488 5400 tangeretur,
512 5328 668 5383 osteudens
689 5329 776 5384 etim
802 5331 878 5398 quod
897 5333 991 5385 trans·
1045 5344 1099 5385 nec
1121 5328 1220 5384 intima
1243 5329 1336 5384 valeas
1362 5331 1538 5396 examinare,
1561 5330 1628 5403 qnia
1642 5331 1734 5387 nescis
1747 5335 1892 5404 quomodo

145 5417 253 5491 gressio
273 5417 323 5472 itta
342 5433 408 5488 quse
430 5417 460 5470 in
481 5432 515 5470 eo
538 5414 719 5471 lactesceret
739 5417 915 5490 quandoque
936 5418 991 5473 cle-
1045 5419 1165 5474 tivasiu
1179 5433 1310 5491 corpore,
1324 5419 1672 5492 velqaomodoeruarise
1686 5435 1816 5493 corpore.
1836 5419 1892 5486 Qui

144 5511 257 5564 menter
288 5509 317 5562 et
344 5503 565 5560 misericorditer
600 5505 738 5561 metenda
765 5510 848 5562 esset.
885 5506 921 5561 Et
949 5507 990 5562 ita
1045 5510 1074 5563 ta
1089 5505 1119 5562 in
1134 5507 1229 5580 primo
1243 5508 1362 5564 homine
1370 5509 1488 5580 creavit,
1502 5507 1551 5566 itte
1560 5510 1621 5566 bec
1634 5509 1731 5566 omnia
1745 5509 1890 5583 previdit.
