3984 6034
177 186 229 239 8¹5
899 182 927 235 S.
948 176 1185 236 ultununuuts
1858 178 1906 232 alu

176 313 289 382 amavit,
307 314 335 369 et
350 310 550 369 tortitudinem
565 310 643 367 illius
658 324 723 367 cum
741 307 848 365 viribus
860 308 1017 365 elemento·
1036 313 1143 380 Agere
1164 312 1213 365 eut
1234 322 1350 363 morere
1375 311 1478 379 posset,
1501 307 1532 363 in
1553 305 1659 378 iniusta
1679 320 1813 363 mensura
1829 314 1904 364 esset.

175 418 239 459 rum
261 400 443 471 confortarit,
465 401 596 473 viresqne
619 400 746 471 ipsorum
766 398 904 455 interiora
924 398 1019 455 homi·
1071 398 1166 469 Atque
1185 396 1295 453 eedem
1318 395 1394 452 vires
1413 396 1444 451 in
1469 394 1567 451 anime
1588 395 1643 451 lroc
1666 396 1752 451 modo
1765 396 1906 453 unanimes

174 490 220 547 nis
240 490 436 557 consolidavit,
454 489 493 545 ita
516 492 547 544 ut
563 490 650 545 bomo
667 488 731 543 illas
744 487 880 559 spirando
902 488 1020 543 inducat
1073 492 1153 556 sunt,
1173 502 1226 542 nec
1251 486 1308 542 alia
1335 486 1421 541 eliam
1446 485 1566 541 excedit.
1592 485 1815 556 comprehensio
1836 488 1904 543 enim

175 582 203 633 et
226 576 347 644 emittat,
372 577 450 632 velut
473 576 512 631 sol
529 574 577 647 qui
594 574 733 629 orandum
756 573 902 629 illuminat
924 573 1018 628 radios
1072 575 1177 631 animae
1191 580 1281 629 tolum
1304 590 1407 647 corpus
1427 589 1493 629 cnm
1506 572 1640 629 omnibus
1661 573 1836 646 appendiciis
1854 576 1906 631 suis

175 682 241 721 snos
258 666 294 722 de
314 680 343 721 sa
366 664 510 736 expandit,
531 664 693 735 iterumque
710 663 743 717 ad
759 679 789 717 se
815 662 945 717 retrahit.
973 662 1020 718 Sic
1072 664 1238 731 circumdet,
1275 664 1373 719 omnia
1401 662 1508 719 scilicet
1538 662 1569 718 in
1596 662 1660 734 ipso
1683 667 1759 719 recta
1782 680 1906 720 mensura

174 756 261 811 etiam
282 753 441 811 rotunditas
457 752 649 824 etaequalitas
672 751 774 823 capitis
792 751 917 807 bominis
940 750 1019 806 desi·
1072 770 1191 809 movens
1218 753 1255 808 ad
1284 752 1334 808 illa
1357 768 1423 824 quoe
1453 768 1519 807 coro
1542 751 1693 807 sentiendo
1721 757 1750 807 et
1774 754 1905 822 gustando

173 847 265 915 gnant
279 842 416 913 quoniam
439 840 536 895 anima
562 839 718 895 secundum
732 840 910 895 volunlatem
925 840 1019 894 cernis
1071 841 1257 914 concupiscit,
1278 844 1356 898 velut
1375 840 1531 897 fabricator
1550 840 1704 897 sedilicinm
1725 858 1809 897 suum
1823 842 1906 897 bomi-

173 936 309 1003 operalur
331 930 362 986 in
384 929 518 1002 peccatis,
541 928 689 985 etiterum
719 928 750 983 in
774 928 904 999 suspiriis
918 927 1019 983 eadem
1072 931 1157 987 nibus
1179 930 1215 986 ad
1239 931 1428 987 habitandum
1453 934 1531 985 recte
1549 932 1677 997 metitur,
1693 945 1851 1002 corpusque
1863 948 1907 1001 per

173 1020 271 1077 anima
284 1017 474 1089 adjustitiam
493 1033 523 1072 sa
538 1022 668 1089 reparnt;
684 1017 759 1073 unda
776 1020 804 1073 el
817 1017 848 1071 in
861 1018 1019 1087 bocaeqna·
1072 1019 1199 1074 animam
1217 1024 1359 1085 movetur,
1380 1035 1433 1074 nec
1446 1019 1544 1073 anima
1561 1018 1694 1073 omittere
1715 1023 1817 1090 potest,
1843 1020 1906 1091 quin

172 1110 237 1165 litas
262 1111 315 1177 est,
335 1106 404 1180 quia
425 1106 501 1162 sicut
522 1106 551 1162 in
577 1107 687 1162 delictis
708 1106 845 1162 delectata
863 1110 915 1172 est,
930 1105 969 1159 ila
990 1108 1019 1159 et
1071 1123 1175 1177 corpus
1192 1108 1226 1163 ad
1243 1107 1355 1163 diuersa
1376 1122 1465 1179 opera
1489 1112 1614 1173 moveat,
1629 1106 1698 1178 quia
1719 1107 1907 1178 inlelligitilla

171 1214 225 1272 pro
248 1196 306 1253 illis
326 1195 449 1251 dolendo
464 1211 493 1250 sa
509 1194 622 1266 allliqit,
642 1199 672 1250 et
683 1195 737 1250 hoc
749 1210 802 1267 per
816 1194 1017 1249 verecundiam
1071 1196 1138 1268 qum
1150 1211 1217 1251 caro
1236 1196 1419 1266 concupiscit,
1438 1195 1577 1267 quoniam
1591 1200 1620 1250 et
1638 1211 1705 1251 caro
1719 1211 1773 1267 per
1791 1212 1852 1253 eam
1871 1197 1905 1252 ri·

171 1288 264 1347 babet.
281 1286 385 1344 Anime
402 1287 510 1360 quippe
530 1286 746 1343 inverecundia
764 1290 894 1353 stat,nec
908 1284 939 1340 in
953 1300 1018 1355 pec·
1071 1285 1121 1341 vit.
1145 1286 1179 1339 nt
1200 1284 1297 1339 anima
1316 1285 1375 1340 vila
1403 1284 1527 1339 existens
1548 1284 1636 1340 etiam
1658 1284 1757 1339 vivens
1785 1284 1858 1355 ignis
1879 1286 1906 1339 in

170 1376 240 1433 catis
263 1375 429 1444 delectatur,
453 1375 503 1431 sed
527 1391 579 1447 per
604 1378 720 1447 gustum
746 1374 840 1429 carnis
869 1373 918 1428 ille
951 1387 1018 1427 cum
1072 1389 1189 1445 corpore
1208 1376 1260 1439 est,
1280 1388 1385 1443 corpus
1403 1377 1500 1427 autem
1515 1372 1622 1427 iactum
1647 1387 1731 1443 opus,
1757 1378 1786 1429 et
1803 1372 1904 1429 ideose

171 1481 254 1522 carne
275 1467 421 1535 operatur,
441 1462 510 1535 quia
531 1478 597 1518 cum
621 1463 707 1518 homo
733 1463 762 1518 in
784 1462 907 1533 peccatis
927 1477 1018 1532 usque
1071 1461 1217 1517 continere
1244 1475 1302 1516 non
1329 1461 1414 1528 uolet,
1431 1459 1501 1532 quin
1521 1459 1552 1514 in
1571 1458 1683 1515 duabus
1706 1460 1759 1515 riis
1771 1466 1904 1532 operetur,

172 1555 207 1611 ed
221 1552 339 1609 taedium
360 1552 477 1607 illorum
493 1552 605 1619 uixerit,
627 1567 679 1623 per
693 1550 894 1607 uerecundiam
912 1551 1017 1605 enimn
1070 1547 1204 1605 uidelicet
1217 1552 1267 1604 aut
1280 1549 1437 1606 secundum
1448 1553 1565 1621 gustum
1574 1549 1678 1615 carnis,
1694 1553 1746 1604 aot
1759 1550 1905 1607 secandum

170 1642 318 1699 multoties
336 1645 479 1712 superata,
499 1640 535 1696 ab
562 1639 619 1695 illis
637 1644 800 1707 revocatum
825 1638 1016 1711 quamadmo·
1037 1613 1246 1693 Bdesiderium
1259 1638 1374 1693 animae.
1390 1640 1499 1694 Bonum
1513 1643 1609 1693 antem
1622 1653 1695 1709 opus
1711 1637 1816 1694 anime
1833 1640 1906 1711 quasi

169 1731 239 1788 dum
257 1729 344 1786 etiam
378 1728 475 1784 anima
498 1744 551 1799 per
571 1732 704 1783 naturam
725 1727 818 1783 cernis
840 1727 972 1795 vincitur,
988 1732 1018 1781 et
1070 1724 1297 1798 pulcherrimum
1320 1727 1476 1782 aedilicium
1497 1742 1595 1781 coram
1619 1726 1676 1781 lieo
1690 1732 1721 1783 et
1734 1728 1842 1798 engolis
1858 1734 1904 1794 est,

170 1818 234 1875 ideo
254 1817 339 1873 etiam
360 1816 489 1889 quandiu
511 1832 614 1885 corpus
634 1822 662 1873 et
679 1817 777 1872 anima
798 1815 884 1871 simul
907 1815 1015 1883 vivunt,
1071 1815 1120 1871 sed
1136 1815 1244 1871 malum
1260 1832 1333 1887 opus
1346 1816 1514 1871 illiusvelut
1525 1813 1678 1871 aedilicium
1691 1832 1724 1871 ex
1737 1817 1798 1872 loto
1809 1817 1904 1873 iactum

170 1906 282 1964 tamdiu
306 1906 411 1961 iontem
434 1906 600 1961 conllictum
626 1904 711 1959 simul
734 1904 850 1973 babent,
877 1902 1016 1974 quoniam
1070 1908 1099 1960 et
1117 1904 1243 1975 plurimo
1273 1910 1396 1959 stercore
1420 1904 1558 1960 iniectum
1580 1909 1711 1975 apparet.
1738 1906 1904 1977 Quapropter

170 1996 247 2053 unde
262 2010 329 2051 caro
343 1994 374 2049 in
389 1994 512 2066 peccatis
536 1993 703 2062 delectatur,
724 1991 790 2049 inde
813 1992 909 2047 noima
928 1992 1014 2046 dolet.
1071 1992 1211 2047 stenima
1225 2008 1290 2065 quae
1307 1992 1382 2048 bona
1395 2009 1484 2063 opera
1497 1992 1565 2048 iacit
1578 1992 1615 2046 ab
1632 1993 1744 2065 angelis
1757 1994 1806 2049 lici
1820 1995 1904 2051 lauda

171 2086 204 2141 Et
226 2099 261 2141 ax
285 2084 339 2139 boc
359 2081 493 2155 malignis
519 2082 667 2153 spiritibus
694 2096 799 2153 magna
817 2080 946 2135 conlusio
962 2084 1015 2145 cst,
1070 2085 1128 2149 tur,
1153 2086 1183 2135 et
1211 2096 1269 2152 qne
1292 2081 1478 2152 malaopera
1501 2079 1657 2137 secundum
1682 2087 1799 2152 gustum
1820 2084 1903 2139 cornis

169 2173 239 2245 quia
259 2172 315 2243 ipsi
332 2171 362 2226 in
385 2169 536 2226 animabus
556 2169 699 2241 justorum
722 2168 920 2241 poenitentiam
943 2183 1017 2223 nun-
1070 2171 1216 2239 operatur,
1235 2170 1350 2225 alaude
1370 2170 1547 2241 repudiatur.
1570 2167 1625 2225 Sed
1640 2174 1668 2225 et
1680 2169 1712 2225 in
1729 2174 1805 2227 recta
1817 2188 1901 2243 reque·

170 2275 257 2333 quam
276 2260 371 2316 delere
398 2262 568 2331 potuerunt,
588 2274 652 2313 cum
677 2258 733 2331 ipsi
755 2258 786 2313 in
801 2274 865 2313 casu
882 2274 934 2313 suo
948 2272 1014 2328 pro·
1069 2256 1148 2328 lique
1167 2273 1310 2325 mensura,
1337 2274 1402 2330 qnae
1425 2275 1441 2314 a
1468 2273 1582 2313 summo
1614 2258 1717 2328 capitis
1740 2258 1862 2315 bominis
1876 2261 1902 2315 in

169 2354 235 2421 pter
257 2363 395 2420 magnum
418 2346 518 2403 odium
549 2347 626 2418 quod
660 2352 761 2402 contra
785 2347 875 2402 Deum
898 2345 1015 2415 lrabeat,
1068 2350 1136 2401 ante
1158 2362 1248 2418 nsque
1274 2346 1309 2402 ed
1340 2345 1504 2418 supercilia,
1525 2351 1555 2402 et
1588 2347 1733 2418 usque-in
1762 2353 1902 2421 utramque

169 2452 320 2510 nunquam
346 2435 511 2508 poenitendo
535 2434 716 2491 considerent
734 2434 804 2506 quid
829 2434 958 2490 iecerint.
984 2435 1016 2489 ln
1068 2448 1168 2490 aurem
1187 2436 1259 2507 ejus,
1275 2445 1304 2491 et
1326 2441 1404 2492 retro
1424 2452 1517 2508 usque
1541 2435 1578 2492 ad
1595 2434 1713 2491 initiam
1737 2438 1802 2492 colli
1823 2438 1902 2509 ipsius

168 2526 214 2583 bis
233 2525 311 2582 enim
331 2524 423 2581 modis
444 2525 541 2579 anima
556 2524 762 2580 rotunditatem
779 2527 808 2579 el
822 2524 1016 2596 equalitatem
1069 2527 1122 2590 est,
1146 2524 1265 2595 mqnalis
1293 2524 1418 2585 densitas
1441 2525 1651 2581 elementorum
1665 2540 1734 2579 cum
1748 2526 1802 2582 sibi
1813 2527 1902 2582 adbe-

168 2616 242 2671 inse
260 2613 393 2681 ostendit,
409 2610 546 2683 quoniam
565 2610 682 2666 scientia
706 2610 774 2665 boni
796 2612 922 2666 scientior
946 2611 1015 2666 mali
1069 2610 1198 2666 rentibus
1231 2612 1487 2668 constitutionibus
1525 2613 1703 2683 designatur.
1734 2614 1792 2670 lioc
1825 2616 1902 2671 etiarn

170 2706 322 2775 repugnet,
354 2706 383 2757 et
413 2700 532 2755 scientie
567 2700 636 2754 mali
664 2698 780 2755 scentia
808 2699 875 2755 boni
896 2699 1013 2755 resistit.
1068 2699 1155 2755 modo
1180 2716 1263 2771 peres
1281 2700 1424 2757 inanima
1445 2706 1503 2757 tres
1526 2702 1691 2769 riressunt,
1708 2702 1739 2758 id
1763 2708 1806 2759 est
1822 2704 1903 2775 exspi-

170 2792 242 2847 Nam
265 2791 321 2848 elia
345 2790 381 2845 ab
408 2788 464 2845 alia
488 2789 634 2860 probatur.
659 2787 714 2843 Sed
749 2786 867 2843 scientia
889 2787 959 2843 boni
983 2792 1016 2843 ut
1069 2788 1152 2855 ratio,
1176 2788 1295 2844 scientie
1313 2794 1342 2845 et
1360 2804 1470 2859 seusus,
1485 2805 1551 2845 cum
1566 2788 1672 2862 quibus
1691 2792 1803 2861 perlicit
1826 2810 1903 2865 opera

167 2879 253 2951 plena
276 2878 345 2933 luna
368 2881 420 2943 est,
445 2876 560 2947 qnando
579 2875 652 2932 bene
667 2875 812 2946 operando
831 2890 946 2931 carnem
968 2892 1015 2930 su·
1032 2891 1054 2949 (ς
1070 2893 1131 2931 sua.
1159 2876 1214 2933 Pcr
1227 2878 1446 2951 exspirationem
1469 2879 1548 2935 eninr
1567 2881 1629 2936 hacc
1651 2878 1755 2954 incipit
1779 2899 1840 2955 qua
1865 2881 1902 2936 ia·

168 2970 265 3040 parat;
280 2980 344 3022 cum
361 2970 456 3023 autem
476 2965 539 3037 ipsa
561 2969 724 3035 superatur,
745 2968 816 3019 tunc
838 2969 880 3019 est
894 2968 926 3019 nt
945 2964 1015 3020 lnna
1068 2981 1132 3022 cere
1155 2969 1313 3038 potest-et
1336 2966 1388 3022 hoc
1404 2968 1487 3039 quasi
1511 2970 1637 3027 anterior
1656 2988 1725 3045 pars
1747 2973 1844 3044 capitis
1856 2974 1900 3036 est,

169 3070 234 3128 qure
252 3055 284 3112 in
298 3054 410 3111 deiectu
435 3058 487 3123 est,
513 3052 595 3125 cujus
623 3050 746 3107 circulus
768 3051 909 3107 nnbrosus
930 3052 1013 3107 vide·
1068 3058 1155 3126 etque
1174 3070 1228 3126 per
1246 3056 1394 3112 scientiam
1422 3057 1501 3113 relnt
1527 3059 1562 3115 ad
1586 3064 1742 3135 utramque
1759 3077 1854 3117 eurem
1876 3075 1901 3113 se

167 3149 225 3201 tur.
1067 3142 1179 3211 dilatet,
1203 3148 1232 3200 et
1245 3160 1299 3214 per
1314 3160 1431 3200 sensum
1446 3146 1529 3218 quasi
1543 3152 1620 3205 retro
1632 3164 1728 3222 usque
1742 3152 1778 3207 ad
1798 3150 1901 3206 initium

169 3248 288 3319 Quiain
305 3246 401 3321 capite
416 3242 539 3303 bominis
551 3262 604 3328 per
618 3248 677 3301 tres
689 3244 842 3316 equalium
856 3244 1014 3301 distinctio
1066 3230 1182 3287 1011111
1196 3232 1699 3308 1111111111111111111111111111111101
1718 3240 1901 3309 1110101411

201 3336 254 3378 nor
264 3333 478 3385 mensurarum,
490 3316 602 3374 adlucet
615 3316 750 3373 avertice
759 3332 847 3388 usque
858 3316 897 3371 ud
913 3319 1015 3399 poitur
1066 3320 1109 3376 les
1124 3324 1202 3389 sunt,
1229 3321 1339 3377 scilicet
1365 3322 1502 3395 qnoniam
1531 3325 1629 3381 anima
1654 3328 1827 3400 exspirando
1851 3342 1901 3382 noo

201 3389 364 3463 superiores
379 3387 555 3461 bunumeuti
569 3391 627 3443 lrca
642 3386 745 3442 circuli
754 3404 819 3443 cum
839 3386 946 3442 duobus
957 3388 1013 3443 arde
1065 3412 1132 3483 μου,
1152 3411 1245 3467 pacm
1274 3409 1375 3483 5⁰05qu
1401 3426 1489 3483 qm,
1524 3413 1644 3470 „jenua
1670 3415 1901 3489 comprehendas

200 3457 936 3600 253οὲ(ἷρὲἑςὲζθῖξιυᾎξέᾖῗέΙῗῧίᾖπΐέξῖῗ
946 3458 1014 3585 gg,
1065 3506 1115 3555 ent
1129 3514 1215 3573 qnam
1236 3512 1323 3554 sensu
1342 3497 1461 3553 sollerre
1486 3501 1585 3571 possit,
1612 3507 1643 3558 et
1668 3503 1711 3559 sic
1739 3502 1902 3561 unanimiter

201 3606 281 3659 none
306 3601 478 3674 neuportum
501 3603 529 3657 et
552 3598 693 3672 quomodo
718 3600 777 3655 lenc
797 3603 886 3655 ellum
904 3597 1013 3656 viduus
1066 3593 1223 3661 operantur
1242 3587 1310 3659 quia
1329 3587 1410 3643 nulle
1429 3587 1550 3645 istarum
1565 3590 1652 3647 aliem
1665 3594 1788 3662 excedit,
1809 3607 1900 3665 quem·

200 3674 305 3731 anima
312 3688 368 3747 per
378 3671 619 3747 ripnificnlionem
632 3672 811 3743 coaptentur.
1064 3677 1220 3733 admodum
1232 3680 1261 3731 et
1271 3680 1359 3747 caput
1371 3679 1479 3732 rectam
1492 3692 1658 3735 mensuram
1672 3681 1771 3738 babet.

198 3762 276 3819 llllll.
302 3760 449 3833 incapite
475 3776 591 3833 quoque
623 3759 749 3815 hominis
776 3758 832 3815 tria
861 3758 1011 3830 superiora
1064 3780 1223 3854 „emptio
1240 3780 1433 3852 quarumdam
1459 3798 1671 3854 mmmmm,
1711 3804 1751 3844 ua
1771 3786 1801 3843 ἐκ
1814 3784 1900 3851 ,offla

163 3850 305 3907 clementa
332 3849 482 3921 designate
506 3853 583 3917 sunt,
611 3847 719 3903 scilicet
740 3864 756 3903 a
780 3847 932 3920 superficie
953 3848 1010 3904 cal·
1098 3852 1130 3908 e'n
1146 3851 1276 3918 duddan,
1291 3852 1324 3906 in
1341 3851 1478 3922 ilumeris,
1496 3853 1529 3909 in
1549 3861 1665 3928 pultare
1728 3859 1817 3916 minio
1834 3858 1900 3913 tuoe

162 3940 250 3996 varie
272 3954 364 4011 usque
388 3936 424 3993 ad
448 3936 572 3993 frontem
596 3936 710 3993 lucidus
729 3934 805 4008 ignis
826 3952 890 3992 cum
910 3936 1007 3993 sabte·
1097 3924 1229 4005 1111111111,
1248 3924 1275 3977 ‘i
1293 3922 1419 3994 ludim
1434 3924 1588 3982 “ciendum
1609 3927 1669 3985 itia
1693 3928 1816 3987 interior
1827 3929 1900 3986 luam

163 4025 235 4082 riori
257 4026 341 4097 nigro
363 4024 447 4095 iqne;
459 4040 477 4079 a
489 4022 584 4079 fronte
606 4026 703 4080 autem
719 4040 810 4097 usque
825 4024 861 4081 ad
875 4023 1009 4081 extremi·
1097 3992 1899 4142 ‘qma.⁰}ie⁰t⁰}gg”gffg‘t¹exaeffigfflcaeisrmffl

162 4116 252 4168 tatem
270 4110 343 4179 nasi,
357 4126 447 4183 puros
460 4109 566 4211 retinen
582 4116 612 4167 et
629 4110 665 4212 de
675 4126 849 4213 oasouusque
860 4112 897 4167 ad
910 4117 1010 4213 guttur
1100 4140 1158 4205 mr,
1258 4135 1460 4208 mimam
1469 4137 1581 4196 mm·
1594 4140 1764 4199 mmm
1775 4156 1899 4214 ΜΡΝ.

162 4215 288 4272 aquosus
306 4214 357 4255 aar
374 4214 439 4255 cum
462 4199 518 4255 srbr
533 4199 679 4272 subposito
691 4201 758 4257 loru
772 4205 800 4257 at
819 4201 883 4256 albo
897 4200 1008 4257 lucido·
1027 4181 1050 4237 Β
1099 4210 1178 4262 mut.

162 4302 219 4361 que
241 4304 317 4344 aere.
341 4287 376 4344 lit
396 4288 459 4343 loca
479 4287 535 4344 ista
548 4288 653 4361 equali
668 4304 804 4346 mensura
827 4289 862 4345 sb
883 4288 1008 4345 invicem
1095 4293 1188 4351 lllllll.
1213 4293 1353 4365 Superius
1365 4310 1482 4369 quoqne
1508 4312 1542 4351 oc
1562 4296 1684 4354 interius
1705 4300 1897 4370 labiumque

160 4377 284 4434 discreta
298 4381 375 4443 sunt,
401 4375 644 4449 quemadmodum
659 4382 688 4433 et
709 4377 835 4434 densitas
849 4378 1008 4450 superioris
1060 4385 1184 4452 utraque
1207 4382 1319 4453 pariter
1341 4381 1449 4453 flegma
1472 4384 1574 4456 cepitis
1599 4390 1629 4441 et
1649 4387 1758 4445 reatris
1777 4386 1896 4460 ejiciunt,

159 4464 235 4538 ignis
256 4480 322 4522 cum
344 4464 429 4537 nigro
452 4464 529 4539 igne,
556 4465 681 4521 densitas
698 4466 784 4521 ctiam
799 4466 866 4538 pari
880 4466 1007 4534 retheris,
1060 4469 1092 4525 io
1111 4486 1161 4525 ore
1183 4470 1311 4525 bominis
1334 4471 1420 4526 nnius
1442 4487 1586 4529 mensores
1611 4481 1689 4544 sont,
1716 4477 1791 4533 sicot
1816 4475 1896 4530 etiarn

160 4569 272 4611 necnon
286 4553 412 4611 densitas
432 4555 534 4628 aquosi
548 4556 621 4609 aeris
642 4570 707 4610 cum
723 4554 791 4611 iorti
807 4560 836 4613 et
856 4554 922 4610 albo
937 4554 1007 4611 luci·
1059 4560 1144 4631 niger
1166 4559 1243 4631 ignis
1277 4560 1478 4632 purgationem
1504 4563 1536 4618 in
1561 4562 1689 4620 uindicta
1711 4566 1763 4623 liei
1788 4564 1895 4627 iaciens,

159 4642 255 4713 doque
279 4656 345 4697 aere
369 4642 489 4713 aequalis
511 4656 654 4697 mansurae
669 4640 803 4697 esistunt.
830 4642 901 4697 Nom
925 4648 954 4698 et
977 4644 1008 4699 in
1058 4648 1198 4721 fortisque
1225 4653 1254 4703 et
1277 4648 1360 4704 albos
1385 4649 1555 4723 lucidusque
1575 4667 1625 4707 aer
1645 4653 1696 4708 illa
1716 4650 1894 4725 temperando

158 4728 255 4785 anima
277 4732 335 4785 tres
357 4728 432 4785 rircs
455 4734 532 4797 sunt,
557 4728 688 4785 videlicet
701 4731 933 4801 comprehensio,
950 4746 1008 4803 qna

157 4817 188 4872 in
217 4815 347 4891 potentia
371 4817 421 4874 liei
444 4816 571 4873 coelestia
594 4820 623 4873 et
643 4818 790 4874 terrestria
812 4819 1006 4889 conlprehen-

156 4906 213 4974 dit;
240 4911 269 4963 et
293 4905 496 4976 intelligentia,
533 4921 591 4978 qna
617 4905 744 4976 plurima
768 4905 916 4977 inteiligit,
940 4922 1006 4962 curn

157 4994 244 5050 etiem
260 4998 377 5067 peccata
393 4994 469 5050 mala
482 5009 546 5049 osse
564 4992 653 5061 norit,
669 4993 719 5049 ubi
740 5009 774 5050 ee
796 5010 847 5066 per
861 4995 1005 5067 poeniten·

154 5084 226 5139 tiam
242 5084 380 5155 negligit;
396 5098 428 5138 ac
445 5082 548 5155 motio,
561 5098 619 5155 qua
641 5082 717 5137 inse
741 5082 848 5155 ubique
864 5091 1005 5153 moretur,

154 5188 221 5229 cum
243 5176 341 5228 sancta
365 5188 452 5244 opera
472 5171 504 5227 in
529 5170 666 5244 exemplis
677 5171 823 5243 justorum
838 5188 903 5227 cum
926 5172 1008 5229 babi-

154 5261 251 5317 tacnlo
267 5276 319 5316 suo
334 5260 463 5332 perlicit;
486 5258 765 5332 comprehensioque
787 5258 842 5315 iste
860 5265 888 5315 at
902 5259 1007 5317 intulli-

154 5349 251 5421 gentia
266 5349 301 5406 ad
325 5346 485 5405 motionem
499 5346 603 5403 anime
617 5362 647 5403 se
661 5346 692 5403 in
711 5362 802 5403 anum
816 5348 1004 5421 conjungant,

155 5443 197 5499 ila
212 5443 243 5491 nt
268 5436 292 5491 si
315 5436 413 5493 anima
432 5435 498 5507 plus
521 5434 779 5508 comprehenderet
797 5452 883 5508 quarn
899 5435 1006 5493 intolli-

1060 4735 1214 4792 moderans
1236 4736 1356 4807 aequalis
1387 4737 1534 4795 densitatis
1557 4745 1633 4795 sunt.
1658 4741 1741 4807 Quod
1764 4742 1846 4797 etiam
1869 4739 1895 4791 in

1061 4838 1206 4895 mensura,
1226 4840 1290 4897 quae
1310 4824 1346 4881 ab
1359 4842 1429 4881 sure
1449 4828 1576 4884 bominis
1589 4828 1624 4884 ad
1640 4830 1761 4887 alteram
1775 4840 1895 4886 summa

1061 4918 1137 4969 retro
1151 4928 1204 4984 per
1221 4912 1371 4985 obliquum
1390 4914 1501 4986 capitis,
1517 4921 1547 4971 et
1560 4933 1577 4972 ο
1591 4916 1778 4975 foraminibus
1791 4917 1894 4974 aurion

1061 5001 1208 5072 usquead
1232 5000 1379 5075 humeros,
1398 5002 1435 5058 eb
1460 5003 1589 5061 humeris
1615 5021 1732 5078 quoqne
1757 5007 1794 5063 ad
1814 5006 1894 5061 linem

1059 5088 1184 5160 gutturis
1196 5090 1347 5161 (equaliter
1367 5092 1495 5160 procedit
1506 5093 1715 5150 manifestatur.
1731 5096 1763 5151 ln
1776 5095 1820 5151 his
1833 5106 1894 5162 erqo

1060 5177 1224 5233 ostenditur
1242 5177 1320 5249 quod
1343 5179 1432 5235 bomo
1451 5186 1481 5237 et
1495 5181 1526 5235 io
1549 5182 1758 5255 superioribus,
1771 5182 1802 5237 id
1815 5180 1894 5235 estin

1059 5262 1232 5329 coelestibus,
1252 5272 1282 5321 et
1306 5265 1338 5322 in
1361 5266 1557 5338 interioribus,
1582 5270 1712 5327 videlicet
1725 5270 1756 5327 ia
1772 5266 1893 5330 terrenis,

1059 5352 1136 5407 mala
1150 5356 1209 5409 tarn
1224 5353 1330 5410 anime
1348 5370 1437 5427 quem
1459 5359 1588 5430 corporis
1602 5360 1637 5416 de
1651 5376 1683 5415 se
1696 5359 1838 5430 abjiciens,
1848 5369 1893 5411 ore

1060 5455 1112 5495 suo
1135 5440 1226 5497 ileum
1251 5441 1356 5516 aequali
1374 5444 1468 5501 studio
1491 5446 1609 5503 laudare
1633 5446 1746 5515 debeat,
1765 5446 1893 5520 quonism
