3984 6034
89 279 136 332 tlt
769 273 950 330 tuiscone..
965 303 995 314 -
1013 273 1122 329 crist.
1144 272 1162 324 l.

89 431 103 440 ι
125 431 229 440 --a--n
238 430 1065 442 -.a-mmmm-
1069 431 1188 438 «Ἥ,-

404 675 813 822 SANCTAE
870 674 1535 821 HILDEGARDIS

837 997 1103 1080 ABBATISSAE

518 1211 1115 1338 EPISTULARUM
1157 1212 1415 1337 LIBER

884 1480 1064 1526 concinunt

85 1668 199 1727 varias
223 1665 372 1744 epistolas
393 1681 586 1724 summorum
613 1663 807 1741 pontificum,
832 1663 1068 1740 imperatorum,
1096 1665 1360 1741 patriarcharum,
1386 1665 1703 1744 archiepiscoporum,
1729 1668 1844 1744 episco

125 1772 253 1833 porum,
279 1752 406 1822 ducum,
433 1751 606 1830 principum
630 1755 662 1810 ct
685 1750 817 1810 aliorum
844 1749 1051 1828 plurimorum
1073 1751 1243 1828 utriusque.
1267 1751 1426 1812 soecularis
1450 1757 1482 1811 et
1504 1751 1704 1812 ecclesiastici
1732 1758 1840 1816 status.

125 1848 326 1920 magnatum,
344 1842 382 1902 ad
396 1845 536 1902 sanctem
550 1839 780 1916 Hildegardem,
799 1845 830 1900 et
845 1838 984 1914 ejusdem
999 1846 1115 1900 sanctie
1128 1839 1167 1899 ad
1183 1840 1310 1900 eosdem
1323 1841 1548 1918 responsiones.

589 2027 759 2087 (Bibliotheca
774 2029 882 2079 Petrum
898 2027 1027 2093 bogdan..
1038 2031 1104 2079 tom.
1118 2028 1222 2088 xxtn,
1236 2043 1261 2093 p.
1279 2029 1346 2093 aar.)

361 2387 526 2444 aristote
548 2387 665 2442 entus.
957 2387 1072 2446 amine
1087 2393 1119 2444 tu
1134 2390 1236 2445 venisti
1249 2389 1281 2444 in
1294 2395 1401 2446 terram
1417 2396 1556 2458 nostram,
1580 2394 1654 2450 sicut
1674 2397 1748 2450 Deus
1761 2412 1840 2468 prte-

236 2509 348 2551 mffl„
369 2510 520 2549 Pomm
538 2509 574 2548 A„
594 2508 795 2549 „mmm
991 2477 1154 2545 destinarit,
1181 2482 1208 2534 et
1225 2477 1321 2534 vidisti
1345 2480 1380 2535 de
1395 2481 1509 2553 scriptis
1523 2483 1667 2538 veracium
1683 2483 1837 2548 visionum,

80 2599 292 2657 Mon-papea
313 2595 570 2653 molt-camma
579 2595 939 2668 eilicmtiammosmdi
993 2565 1066 2620 sicut
1080 2565 1177 2664 vivens
1201 2566 1248 2664 lux
1273 2583 1319 2621 me
1334 2567 1441 2636 docrrit,
1458 2574 1487 2624 et
1509 2569 1613 2624 audisti
1627 2585 1690 2626 eam
1713 2573 1837 2644 amplexi

115 2675 175 2726 ει,
217 2670 223 2682 ·
305 2667 724 2748 ’ᾳηρςαηᾳαςρθῃερῑήιωῃ
744 2669 936 2722 sanctum.
992 2653 1221 2708 buscordrstur.
1239 2656 1319 2709 Nunc
1335 2656 1415 2711 linita
1430 2663 1553 2728 estpars
1569 2657 1718 2729 scripturas
1741 2661 1836 2731 hujus.

111 2740 411 2823 praecinet-ermque
429 2744 460 2793 ut
473 2753 537 2792 atne
551 2740 653 2792 timore
666 2737 793 2794 revetata
805 2736 861 2792 eibi
874 2755 938 2793 con-
991 2741 1045 2796 Sed
1061 2747 1157 2796 tamen
1172 2742 1273 2797 eadem
1289 2744 1335 2798 lux
1351 2760 1410 2799 non
1424 2746 1542 2816 reliquit
1557 2763 1613 2815 me,
1630 2749 1678 2802 sed
1696 2749 1725 2802 in
1742 2750 1840 2804 anima

113 2813 396 2868 'mmmmm‘-
991 2845 1056 2885 maa
1070 2831 1162 2899 ardet,
1178 2831 1252 2885 sicut
1272 2847 1335 2885 eam
1357 2833 1395 2888 ab
1419 2832 1541 2888 intentis
1555 2850 1621 2889 mea
1643 2834 1739 2890 habui.
1758 2838 1838 2892 Unde

115 2922 274 2983 arcanus,
290 2932 388 2972 servus
403 2929 552 2970 serrorum
567 2914 627 2983 Dei,
651 2913 763 2971 dilectat
785 2914 815 2970 in
839 2915 936 2971 Domi·
991 2934 1068 2974 nunc
1093 2919 1175 2974 mitto
1201 2919 1252 2974 tihi
1276 2920 1385 2974 litteras
1407 2921 1475 2975 istas
1491 2919 1522 2975 in
1547 2938 1613 2976 rara
1637 2922 1836 2979 admonitione

79 3025 116 3064 no
132 3008 207 3064 tiliae
223 3009 404 3070 Hnnaonncr,
418 3003 581 3076 prmpositae
604 3003 635 3058 in
659 3007 756 3058 monte
781 3003 860 3059 ilenti
880 3003 937 3059 ao·
991 3007 1058 3062 Ilei.
1085 3009 1117 3062 Et
1138 3008 1234 3063 anima
1258 3024 1321 3062 mea
1343 3008 1488 3064 desiderat
1509 3015 1541 3064 ut
1562 3011 1661 3066 lumen
1678 3011 1837 3067 delumine

79 3097 168 3166 berti,
181 3097 305 3151 salutem
323 3099 352 3149 et
364 3092 551 3165 apostolicam
566 3092 807 3148 benedictionem.
990 3093 1021 3150 in
1035 3099 1064 3150 te
1078 3096 1181 3163 luceat,
1204 3101 1232 3152 et
1244 3112 1333 3168 puros
1359 3097 1458 3152 oculos
1482 3099 1624 3167 infundat,
1649 3104 1678 3155 et
1702 3100 1835 3171 spiritum

113 3185 269 3250 Miramur,
284 3199 301 3238 o
318 3181 387 3250 lilia,
413 3185 441 3235 et
464 3196 552 3251 supra
577 3179 605 3235 id
630 3181 708 3252 qnod
730 3181 808 3235 credi
830 3185 934 3252 potest,
988 3185 1073 3237 tnum
1096 3183 1248 3237 exsnscitet
1267 3183 1302 3238 ed
1319 3200 1392 3255 opus
1414 3184 1561 3256 scripturae
1583 3186 1675 3253 istius,
1692 3191 1834 3259 quatenus

78 3277 240 3340 miramur,
261 3269 329 3344 qnia
352 3271 426 3325 Dens
446 3269 505 3341 jam
533 3269 637 3324 nostris
663 3269 841 3342 temporibus
863 3285 936 3325 nova
989 3271 1154 3325 animatus
1175 3271 1243 3326 inde
1266 3277 1426 3339 coronetur,
1451 3275 1526 3345 quod
1551 3275 1610 3328 ileo
1635 3275 1745 3346 placet3
1768 3276 1836 3348 quia

79 3363 228 3418 miracula
243 3358 378 3426 ostendit,
404 3373 469 3414 cum
495 3361 522 3412 te
548 3357 648 3430 spiritu
674 3374 726 3412 suo
748 3357 787 3413 ita
808 3355 936 3429 pertudit
989 3359 1074 3415 multi
1106 3360 1261 3430 prudentes
1293 3360 1329 3416 de
1359 3363 1483 3417 terrenis
1512 3362 1667 3418 visceribus
1698 3371 1836 3436 spargunt

77 3450 156 3522 qnod
172 3447 282 3504 diceris
297 3446 389 3502 multa
402 3449 511 3500 secreta
525 3444 630 3513 ridere,
649 3445 808 3518 intelligere
822 3449 851 3500 et
866 3461 933 3517 pro·
989 3449 1051 3504 haec
1065 3449 1095 3503 in
1111 3449 1302 3504 mutationem
1326 3450 1465 3505 mentium
1490 3466 1608 3505 suarum
1629 3456 1749 3523 propter
1763 3469 1835 3523 pau·

75 3541 163 3594 terre.
185 3538 245 3592 Hoc
260 3552 276 3590 a
291 3535 424 3591 rer'dicis
443 3534 574 3606 personis
590 3533 630 3589 ite
653 3550 714 3590 esse
736 3534 931 3606 percepimus,
988 3552 1088 3610 peram
1110 3538 1233 3592 formam
1258 3554 1323 3609 ques
1341 3538 1479 3593 aedifiratn
1495 3545 1538 3594 est
1560 3540 1590 3593 in
1610 3545 1697 3609 costa,
1719 3546 1748 3595 et
1771 3557 1835 3613 qua·

76 3627 126 3700 qui
143 3643 177 3680 se
194 3625 322 3680 tutentur
333 3627 361 3677 te
377 3627 406 3678 et
420 3622 523 3677 vidisse
539 3626 567 3677 et
582 3622 703 3678 audisse.
725 3623 780 3678 Sed
795 3625 865 3695 quid
882 3639 934 3678 nos
990 3630 1033 3681 est
1046 3625 1162 3680 indocta
1175 3625 1209 3680 de
1223 3624 1414 3697 philosophis.
1429 3628 1469 3681 Tu
1491 3643 1570 3698 ergo,
1596 3629 1681 3682 Pater
1705 3629 1833 3700 peregri-

76 3716 109 3770 ad
127 3717 199 3770 herc
213 3712 308 3768 dicere
324 3711 463 3778 valemus,
479 3711 530 3782 qui
546 3711 653 3765 clavem
679 3709 805 3766 scientiae
825 3711 933 3767 baben·
953 3683 974 3737 B
991 3727 1106 3780 norum,
1122 3711 1190 3766 audi
1202 3711 1284 3766 illurn
1300 3713 1350 3784 qui
1365 3713 1524 3768 esttortiss.
1543 3715 1612 3781 Rex,
1628 3718 1656 3766 et
1675 3713 1705 3768 in
1730 3716 1835 3785 palatio

77 3811 130 3872 tes,
146 3803 195 3857 ita
210 3800 288 3873 qnod
312 3798 446 3854 claudere
466 3803 495 3852 et
516 3798 628 3870 aperire
651 3799 805 3869 possimus,
830 3804 858 3855 et
881 3801 935 3855 hoc
989 3815 1042 3855 suo
1057 3798 1140 3867 sedit,
1154 3803 1183 3854 et
1197 3813 1317 3870 magnas
1331 3799 1480 3854 columnas
1491 3815 1588 3856 coram
1604 3817 1633 3855 se
1656 3804 1764 3854 stantes
1785 3801 1835 3855 hc-

77 3893 247 3963 prudenter
260 3887 353 3943 lacere
368 3902 421 3956 per
435 3887 586 3942 stultitiam
600 3887 797 3959 negligimus?
811 3889 935 3960 Congre-
990 3887 1053 3944 buit
1067 3887 1161 3942 aureis
1175 3887 1298 3958 cingulis
1313 3887 1491 3957 precinctus,
1505 3891 1535 3942 et
1555 3885 1654 3942 multis
1673 3885 1837 3957 margaritis

78 3979 215 4032 tutamur
230 3975 321 4046 igitur
339 3975 439 4046 gratias
465 3974 523 4043 Dei,
549 3975 786 4047 congratulamur
807 3982 836 4031 et
859 3976 935 4032 dile·
989 3981 1019 4032 et
1036 3974 1169 4048 pretiosis
1191 3973 1335 4046 lapidibus
1357 3973 1441 4029 valde
1460 3978 1585 4029 ornatas.
1608 3973 1662 4029 Sed
1683 3973 1745 4044 regi
1770 3974 1837 4028 hnic

78 4065 170 4120 cticni
207 4068 274 4132 tuac,
298 4064 353 4119 hoc
384 4065 584 4134 admonentes,
610 4069 642 4120 ut
665 4065 736 4120 scias
760 4066 839 4137 qnod
863 4069 936 4123 Dens
989 4064 1107 4138 placuit,
1123 4063 1200 4136 quod
1216 4079 1333 4135 parram
1349 4078 1475 4134 pennam
1491 4063 1596 4134 tetigit,
1613 4069 1646 4117 ct
1663 4062 1693 4116 in
1709 4061 1836 4116 miracu-

76 4151 216 4228 rnperbis
236 4151 345 4208 resistit
367 4151 524 4209 bumilitate
537 4157 632 4211 nutem
650 4153 702 4209 dat
713 4156 842 4229 pretinm
856 4155 933 4227 (duc.
989 4154 1025 4209 lis
1038 4153 1157 4220 voleret,
1173 4156 1202 4207 el
1217 4151 1327 4208 validus
1341 4157 1443 4208 ventus
1463 4167 1526 4206 eam
1551 4151 1686 4206 sustinuit
1709 4167 1745 4206 ne
1762 4151 1836 4206 deii-

78 4247 126 4306 n).
142 4239 278 4296 Gratiam
292 4242 390 4293 autem
405 4239 478 4292 hanc
493 4253 558 4310 qun
580 4237 610 4292 in
634 4242 662 4292 te
685 4245 728 4292 est
750 4255 887 4295 conserve
908 4244 936 4295 et
989 4247 1075 4297 caret.
1091 4241 1173 4296 Nunc
1186 4241 1292 4296 iterum
1307 4239 1376 4295 dicit
1390 4237 1454 4306 tibi,
1478 4239 1529 4310 qni
1548 4244 1593 4293 est
1616 4240 1663 4294 lux
1684 4238 1782 4294 vivens
1807 4239 1836 4293 in

78 4327 208 4394 custodi,
226 4326 266 4380 ita
289 4330 321 4381 ut
341 4341 376 4381 ea
398 4341 464 4398 quae
484 4325 513 4381 in
528 4325 630 4397 spiritu
653 4327 822 4398 proterenda
839 4343 935 4382 sense·
990 4329 1133 4400 supernis,
1149 4332 1177 4383 et
1196 4329 1226 4383 in
1251 4327 1353 4399 abysso
1377 4328 1486 4397 lucens,
1502 4343 1534 4382 ac
1554 4328 1646 4382 latens
1669 4326 1699 4382 in
1720 4327 1837 4382 abscon-

80 4419 130 4487 ris,
163 4415 330 4488 prudenter
366 4415 507 4486 proferas,
539 4419 680 4486 qrratenus
708 4415 778 4470 illud
810 4417 932 4471 audias.
990 4417 1051 4472 dito
1066 4417 1245 4472 audientium
1257 4417 1407 4472 cordium:
1425 4418 1559 4488 Praepara
1577 4416 1748 4486 scripturam
1764 4414 1838 4468 hanc

80 4503 175 4577 Aperi
191 4519 225 4558 na
245 4504 334 4569 tuum,
351 4503 380 4556 et
393 4499 640 4574 mtmptetopttcc
654 4501 747 4572 (Psct.
765 4504 836 4574 cxx).
854 4503 934 4568 Quod
990 4505 1024 4560 ed
1040 4505 1171 4561 auditum
1188 4521 1233 4560 me
1250 4505 1479 4576 suscipientium,
1496 4508 1525 4559 et
1546 4504 1590 4558 iac
1612 4503 1692 4558 illam
1715 4501 1836 4556 viridem

80 4599 181 4648 antem
199 4589 353 4646 insinuasti
369 4589 500 4646 nobisde
520 4589 646 4644 loccillo
670 4607 757 4663 quem
779 4591 809 4646 in
832 4592 936 4664 spiritu
989 4595 1021 4650 in
1047 4609 1131 4649 succo
1164 4594 1258 4648 suavis
1287 4599 1397 4665 gustus,
1424 4599 1452 4649 at
1475 4592 1601 4648 radicem
1626 4604 1783 4658 ramorum,
1810 4596 1839 4642 et

79 4681 132 4736 tibi
167 4676 338 4751 praeridisti,
368 4676 423 4733 hoc
457 4677 643 4748 permissione
672 4683 700 4732 et
739 4679 935 4735 benedictione
989 4681 1202 4736 rolaustolium
1218 4686 1318 4737 contra
1332 4681 1489 4746 diabolum,
1506 4685 1535 4734 et
1548 4680 1627 4735 vires
1642 4681 1673 4734 in
1683 4684 1833 4733 aeternum.

79 4775 179 4824 nostra
197 4771 227 4821 et
244 4764 372 4837 episcopi
388 4763 429 4820 tui
454 4763 512 4828 liat,
536 4765 576 4819 ita
600 4766 678 4838 quod
702 4765 742 4821 ibi
764 4769 936 4839 regulariter
990 4769 1063 4824 Cave
1077 4786 1113 4825 ne
1129 4786 1247 4842 spernas
1262 4771 1323 4825 lraec
1339 4772 1459 4842 mystica
1474 4770 1533 4833 Dei,
1560 4768 1629 4841 quia
1650 4770 1716 4821 sunt
1738 4781 1836 4819 neces-

79 4873 144 4912 cnm
159 4851 314 4909 sororibus
328 4851 386 4906 tuis
406 4852 485 4906 rivas
499 4852 657 4907 secondum
675 4855 813 4924 Regulam
837 4856 865 4911 S.
884 4857 934 4911 Be·
990 4857 1065 4911 sarie
1080 4857 1108 4911 in
1132 4858 1181 4912 illa
1207 4857 1376 4912 necessitate
1397 4871 1461 4929 quia
1478 4856 1616 4910 absconsa
1631 4854 1709 4913 latet.
1724 4857 1753 4906 ct
1772 4866 1837 4922 quac

82 4943 191 5002 nedicti
207 4941 261 4996 sub
276 4941 409 4995 clausura
424 4939 552 5012 ejusdcm
572 4941 633 4996 loci.
955 4945 1118 5030 Cnondum
1133 4950 1231 5017 aperte
1249 4949 1376 5017 apparat.
1392 4944 1469 5000 Odor
1487 4942 1672 4997 suavissimus
1693 4940 1729 4993 sit
1749 4939 1779 4994 in
1798 4943 1836 4998 te.

276 5045 482 5104 RESPONSUM
503 5047 748 5106 flanEGARffls,
992 5038 1020 5088 et
1035 5048 1092 5088 non
1108 5031 1237 5104 fatigeris
1252 5033 1281 5087 in
1297 5039 1374 5088 recto
1390 5033 1502 5086 itinere.
1527 5030 1583 5085 Sed
1598 5029 1647 5083 ille
1671 5027 1721 5099 qui
1745 5027 1837 5098 loqui-

84 5133 260 5203 Pontificem
284 5133 319 5188 de
344 5135 462 5189 arcanis
485 5151 546 5207 qma
569 5135 692 5190 patebat
721 5136 753 5191 {72
778 5137 861 5192 cvm
886 5155 937 5193 suo
991 5126 1049 5192 tor,
1064 5127 1093 5177 et
1114 5136 1172 5176 non
1194 5121 1268 5190 silet,
1295 5121 1446 5176 haecdicit
1470 5125 1589 5192 propter
1610 5117 1838 5174 imbecillitatem

114 5205 259 5262 admonet
273 5209 300 5260 et
335 5203 444 5260 tainum
457 5203 796 5262 circullercoolnntntcm
814 5207 935 5264 etbcnc-
992 5211 1107 5266 illorum
1140 5209 1190 5282 qui
1210 5209 1276 5264 craci
1298 5216 1364 5263 sunt
1394 5211 1431 5263 ad
1456 5208 1623 5269 ridendum,
1649 5211 1677 5260 et
1700 5205 1779 5260 surdi
1804 5206 1838 5259 ad

115 5273 292 5348 Pl‘m'wmi
332 5278 401 5330 ‘⁶⁰‘-
993 5299 1178 5365 audiendum‚
1194 5303 1223 5354 et
1239 5298 1313 5353 muti
1329 5297 1554 5369 adloquendum
1571 5296 1599 5349 in
1615 5293 1761 5349 nocturnis
1774 5293 1837 5348 insi·

117 5381 239 5437 Omitis
257 5381 351 5448 Pater,
377 5397 430 5452 ego
447 5381 622 5453 paupercula
639 5383 745 5437 lamina
768 5383 867 5454 scripsi
885 5383 938 5441 tibi
992 5387 1049 5443 diis
1078 5385 1220 5443 mortiferi
1243 5384 1338 5457 laquei
1363 5383 1596 5439 latrocinantium
1622 5397 1744 5436 morum.
1766 5379 1839 5446 Quid

89 5469 145 5524 trac
175 5468 208 5524 in
232 5483 301 5522 vera
325 5469 445 5534 risione,
469 5468 498 5522 in
531 5470 651 5540 mystico
675 5469 840 5541 spiramine,
866 5471 938 5528 sicut
993 5473 1083 5529 dicit?
1106 5473 1222 5530 Gladius
1246 5472 1339 5527 radiat
1362 5478 1391 5526 et
1413 5471 1522 5539 circuit,
1549 5470 1680 5526 occidens
1704 5469 1768 5523 illos
1791 5467 1840 5538 qni

92 5558 160 5611 Dens
177 5557 269 5611 roluit
284 5573 331 5612 me
347 5556 459 5611 ducere.
481 5557 503 5610 0
519 5557 630 5628 fulgens
649 5559 739 5624 Pater,
757 5557 784 5612 in
808 5563 856 5613 tuo
882 5575 936 5614 no·
994 5577 1089 5631 prante
1105 5561 1209 5615 mentis
1226 5566 1300 5615 sunt.
1318 5561 1340 5615 0
1356 5561 1406 5632 qni
1420 5560 1450 5615 in
1466 5565 1515 5615 tua
1541 5576 1662 5631 persona
1683 5575 1713 5612 es·
1727 5555 1840 5628 fulgens
