3984 6034
14 220 15 257 p
61 171 118 224 tal
729 165 977 225 setulas-till:
990 165 1140 236 ltl,vlSlo
1161 165 1204 224 vl.
1771 173 1824 226 tiu

61 295 195 370 largitas
209 295 417 370 pereoelestem
439 309 569 353 amorem
591 296 700 370 pectori
716 313 768 353 suo
783 297 926 370 imprimit
943 297 1040 370 apati
1059 297 1150 354 voluit
1173 313 1190 352 a
1212 296 1392 370 principibus
1414 299 1605 356 sacerdotum.
1632 299 1666 356 Et
1684 301 1825 374 quoniam

63 387 146 441 illud
171 385 339 457 frequenter
359 385 514 457 inspiciens
546 385 574 440 in
598 387 741 442 mentibus
761 387 924 454 homiuum,
980 389 1055 443 lieus
1086 390 1127 442 est
1150 387 1181 442 in
1211 387 1296 442 eorde
1321 387 1413 442 tidelis
1438 386 1572 454 hominis,
1601 389 1665 446 ideo
1688 390 1774 446 dehet
1797 397 1827 446 ει

64 476 149 531 sicut
173 475 259 531 etiam
287 476 318 530 in
348 475 493 546 praedictis
522 475 615 530 verbis
637 476 842 532 exhortationis
866 493 925 532 suae
978 475 1039 546 ipse
1062 475 1150 530 homo
1173 491 1225 546 pro
1254 475 1306 530 Dei
1332 491 1430 530 amore
1464 477 1606 548 patienter
1630 479 1750 533 sufferre
1775 479 1826 534 Dei

67 567 193 620 fatetur.
978 564 1217 634 persecutionem,
1248 568 1332 636 etque
1365 565 1432 637 quie
1454 580 1532 619 mors
1562 566 1592 620 in
1625 580 1691 621 casu
1718 567 1826 622 diaboli

107 652 211 708 Tertia
223 655 318 707 autem
343 652 439 723 imago
463 669 528 724 qua
547 669 564 707 a
583 652 705 708 sinistris
727 654 789 726 rjus
808 658 861 721 est,
874 654 926 709 de·
979 657 1073 707 erecta
1085 657 1137 719 εει,
1161 651 1266 708 idcirco
1291 657 1404 725 oportet
1423 657 1450 709 ει
1476 653 1591 709 lidelcm
1615 655 1763 710 hominem
1778 655 1826 710 ad·

14 800 15 819 3
67 739 166 796 clarat
189 741 323 810 pietatem
356 741 436 796 nullo
462 741 546 797 modo
577 742 730 798 habentem
754 743 854 799 odium
876 746 927 798 aut
978 757 1077 797 versus
1100 741 1255 797 diabolicas
1292 741 1437 814 nequities
1478 743 1568 798 mulla
1604 743 1761 798 certamina
1795 742 1826 798 iu

14 836 15 889 l
70 829 720 900 invidiam,entullamloeditetemhominis,
746 831 795 886 sed
815 847 928 904 semper
979 830 1098 887 diversis
1121 830 1258 887 aerumnis
1279 832 1429 899 sustinere,
1459 847 1524 904 quae
1546 847 1622 903 seepe
1645 830 1736 903 ipsius
1763 847 1827 887 cor-

70 914 267 988 gaudentem‘
279 921 307 971 et
323 919 544 989 amplectentem
555 920 775 991 prosperitatem
796 920 927 976 omnium
979 918 1045 991 pori
1068 918 1218 975 lahoriosae
1233 925 1262 974 et
1285 919 1437 975 contrarie
1461 923 1537 983 sunl,
1556 919 1693 991 quoniam
1716 918 1827 976 homiui

71 1006 243 1068 hominum,
280 1005 363 1076 eujus
395 1005 538 1060 viriditate
572 1012 601 1062 ει
627 1008 768 1079 largitatis
791 1009 928 1063 unedone
980 1007 1127 1063 adhorret:
1148 1008 1227 1080 quod
1250 1009 1325 1063 idem
1341 1007 1477 1081 antiquus
1502 1023 1619 1080 serpeus
1635 1023 1748 1079 semper
1760 1023 1825 1079 per·

72 1093 262 1162 abstinentia,
300 1093 422 1148 sinistre
462 1095 537 1166 parti
571 1094 720 1151 diabolicus
756 1096 928 1152 suillatiouis
980 1099 1120 1169 sequitur.
1149 1097 1222 1162 Quid
1246 1103 1288 1153 est
1303 1098 1382 1153 hoc‘l
1407 1097 1505 1152 Carnis
1525 1098 1765 1170 coucupiscentia,
1780 1096 1826 1152 cui

72 1179 196 1245 resistit,
218 1180 355 1251 quoniam
379 1181 469 1252 pietas
487 1185 531 1237 est
552 1183 672 1254 plenum
692 1199 764 1255 opus
780 1184 928 1240 abstineu—
981 1186 1030 1241 ille
1058 1186 1202 1256 malignus
1228 1186 1319 1242 hostis
1344 1186 1374 1240 in
1398 1186 1508 1242 insidiis
1534 1187 1643 1258 positus
1664 1187 1824 1242 insidiatur.

74 1267 122 1322 tire
149 1268 180 1322 in
208 1267 346 1339 signifero
371 1285 469 1340 pugna
493 1285 547 1340 per
571 1287 659 1342 quam
689 1287 802 1344 semper
830 1272 927 1327 victrix
981 1273 1064 1339 Quod
1087 1291 1154 1329 vero
1184 1273 1280 1345 jacent
1306 1274 1358 1329 sub
1382 1273 1502 1346 pedibus
1528 1275 1590 1346 ejus
1614 1275 1696 1346 quasi
1719 1274 1827 1348 species

73 1355 184 1410 existit.
208 1355 287 1411 Unde
311 1357 398 1411 etiam
427 1357 524 1412 tunice
554 1359 640 1414 simili
672 1359 825 1431 hyacintho
848 1360 928 1416 rubri
981 1362 1135 1418 hominum
1163 1363 1394 1418 conculcatorum
1414 1367 1442 1418 ει
1467 1364 1658 1420 contritorum
1685 1363 1720 1419 ab
1744 1364 1826 1436 ipsa:

73 1444 183 1499 eoloris
200 1444 339 1513 induitur,
357 1445 426 1516 quia
440 1447 670 1517 splendidissimo
685 1464 771 1520 opere
793 1448 847 1503 suh
869 1465 928 1520 qno
980 1450 1091 1505 lxocest
1119 1449 1196 1521 quod
1226 1450 1278 1505 sub
1301 1450 1428 1522 vestigiis
1457 1450 1593 1519 veritatis,
1610 1466 1710 1506 omnes
1728 1451 1827 1506 diaho-

73 1531 273 1601 pulcherrima
296 1533 501 1589 sustentatione
525 1534 692 1606 sanguineus
714 1536 927 1592 contrarietates
981 1537 1044 1593 licre
1063 1537 1199 1594 falsitates
1224 1554 1288 1611 quie
1312 1539 1343 1594 in
1364 1538 1498 1610 operibus
1521 1539 1671 1594 hominum
1692 1539 1776 1600 dunt,
1792 1539 1828 1594 ad

74 1619 180 1684 latent,
198 1635 299 1674 omnes
322 1620 431 1675 seilicet
451 1621 573 1692 iujurias
589 1622 659 1695 pati,
684 1628 748 1695 post
762 1624 926 1696 passionem
981 1625 1106 1681 nihilum
1131 1626 1322 1694 deducuntur,
1350 1626 1413 1698 ipsa
1438 1641 1567 1682 amorem
1593 1626 1718 1682 habente
1735 1625 1828 1681 aedili-

76 1706 217 1761 Filiimei
236 1707 389 1780 peripsius
408 1709 571 1782 exemplum
588 1709 828 1767 circumdataest.
845 1711 928 1777 Quod
980 1713 1102 1768 cationis
1137 1713 1266 1768 Ecclesiae
1301 1729 1366 1768 cnm
1400 1729 1501 1770 omnes
1528 1713 1648 1770 virtutes
1679 1712 1829 1768 manifeste

76 1811 146 1849 vero
167 1795 204 1850 ad
235 1799 334 1867 peetus
363 1796 455 1868 ipsius
480 1803 599 1871 apparet
617 1800 738 1871 angelus
758 1804 928 1872 exutroque
980 1806 1121 1875 apparent
1145 1813 1175 1858 et
1201 1803 1360 1874 probantur
1386 1803 1419 1859 in
1443 1803 1573 1870 veritate,
1589 1819 1653 1876 quae
1669 1807 1733 1857 aule
1755 1805 1829 1857 tenr-

77 1884 169 1940 latere
184 1900 236 1940 suo
262 1886 337 1940 alam
360 1901 447 1941 onem
467 1887 587 1955 hahens,
611 1887 667 1943 hoe
688 1893 733 1943 est
745 1892 777 1943 ut
796 1887 882 1944 homo
897 1888 929 1942 in
980 1907 1051 1963 pora
1074 1891 1246 1946 seculorum
1274 1891 1304 1946 iu
1332 1891 1418 1946 eorde
1433 1891 1524 1947 Patris
1544 1891 1647 1958 lateus,
1664 1891 1720 1947 tuit
1733 1889 1829 1944 invisi·
1853 1957 1860 1972 ο

77 1972 246 2042 cognitione
260 1989 312 2028 sua
326 1989 440 2046 semper
455 1975 619 2047 angelicum
634 1976 766 2032 ordinem
786 1976 925 2043 imitetur,
980 1979 1055 2048 bilis,
1080 1979 1129 2035 sed
1155 1979 1185 2034 in
1217 1979 1275 2035 line
1300 1983 1463 2051 temporum
1485 1979 1604 2035 visibilis
1631 1993 1772 2051 apparens
1798 1977 1828 2032 in

79 2077 315 2132 unamquamque
339 2061 390 2116 Dei
405 2061 619 2118 ordinationem
644 2063 929 2135 diligendo,cumex
980 2084 1049 2123 vera
1070 2083 1154 2123 carue
1179 2067 1243 2122 Filii
1262 2067 1323 2123 Dei.
1347 2067 1426 2124 Unde
1456 2069 1544 2124 etiam
1566 2068 1596 2123 in
1616 2065 1750 2122 manibus
1769 2063 1829 2120 suis

78 2152 201 2220 utraque
222 2153 303 2219 parte
324 2149 370 2203 sui
391 2152 451 2204 lum
474 2165 678 2222 prosperarum
702 2165 789 2221 qoam
811 2155 929 2205 contra·
980 2156 1067 2211 babet
1090 2157 1220 2212 chartam
1247 2171 1402 2227 expensam
1427 2160 1455 2212 at
1469 2172 1572 2212 exona
1591 2158 1683 2229 parte,
1698 2152 1831 2209 videlicet

78 2237 188 2292 riarum
203 2253 302 2292 rernm
319 2237 349 2293 iu
364 2237 485 2308 singulis
502 2243 531 2294 ει
545 2239 669 2310 geminis
684 2230 929 2295 elisvidelicet'in
981 2259 1080 2300 verens
1098 2245 1202 2300 coelum
1231 2247 1343 2316 septem
1380 2244 1464 2300 lineis
1488 2245 1670 2316 inscriptam,
1699 2241 1768 2315 quie
1799 2241 1830 2295 iu

77 2343 138 2382 une
156 2327 215 2382 [leo
236 2343 289 2398 per
310 2327 455 2399 geminam
481 2327 619 2384 virtutem
648 2345 706 2383 non
729 2329 820 2384 elatus
842 2345 930 2399 supra
981 2332 1116 2388 omnibus
1131 2332 1267 2404 operibus
1286 2333 1424 2398 veritatis,
1445 2337 1488 2389 εει
1511 2337 1624 2389 textura
1639 2347 1764 2403 expansa
1778 2347 1830 2402 per

79 2415 201 2471 modum
223 2415 254 2470 in
277 2415 371 2483 bonis,
397 2431 451 2471 nec
475 2417 594 2472 omnino
618 2421 780 2489 prostratus
796 2415 827 2472 iu
847 2417 929 2472 malis
981 2420 1104 2492 gratiam
1130 2420 1181 2475 [lei
1207 2419 1369 2476 Christiano
1394 2422 1503 2492 populo
1520 2422 1683 2476 constitutas
1703 2420 1784 2492 legis,
1802 2423 1830 2474 et

78 2521 109 2558 se
131 2504 226 2558 elevat
249 2505 284 2559 ad
309 2504 463 2560 rolandum
484 2504 560 2577 quod
583 2510 627 2560 est
645 2507 736 2560 Deum
750 2505 780 2560 in
805 2504 928 2576 puritate
982 2523 1015 2562 ex
1040 2513 1119 2578 parte
1139 2508 1297 2563 coelestium
1323 2506 1530 2562 desideriorum
1554 2513 1654 2578 aperto
1680 2508 1760 2563 cultu
1783 2510 1829 2561 te·

78 2591 175 2648 cordis
208 2591 345 2664 aspicere,
370 2593 410 2647 sio
442 2608 556 2648 sumum
590 2593 732 2649 medendo
758 2598 788 2648 et
809 2609 869 2648 nou
888 2594 924 2649 ad
980 2593 1077 2650 nendo
1092 2598 1120 2649 et
1136 2609 1170 2650 er
1186 2598 1267 2665 perte
1282 2593 1440 2650 carnalium
1455 2593 1648 2665 cupiditatum
1663 2591 1830 2658 metuenda,

81 2686 191 2736 terram
206 2696 236 2735 se
262 2679 424 2754 dijiciendo.
442 2681 624 2753 Quapropter
642 2681 729 2737 etiam
752 2683 798 2737 ala
813 2681 929 2738 dextera
981 2682 1134 2738 ostendens
1148 2681 1178 2736 in
1194 2698 1222 2736 se
1252 2685 1362 2754 septem
1390 2681 1465 2736 done
1491 2681 1615 2753 Spiritus
1638 2680 1740 2746 saneti,
1757 2679 1831 2734 vide·

80 2769 116 2824 ad
138 2768 287 2824 dexterum
311 2768 465 2824 homerum
494 2768 621 2840 ejusdem
646 2769 783 2842 imaginis
801 2770 928 2826 extendi·
983 2771 1048 2826 licet
1072 2769 1295 2841 inexpugnabile
1315 2769 1530 2825 llrmameulum
1553 2771 1653 2824 contra
1674 2766 1830 2824 diabolicas

80 2863 138 2921 tur,
163 2855 301 2928 quoniam
322 2857 497 2929 prosperitas
527 2857 654 2912 bominis
672 2857 703 2913 in
726 2858 928 2915 dextresalra-
947 2857 1083 2937 emortis
1103 2858 1229 2914 insidias.
1261 2859 1295 2914 Et
1319 2857 1398 2913 illam
1414 2857 1508 2928 legere
1530 2856 1571 2912 vis
1591 2856 1638 2914 sed
1667 2859 1829 2928 conpotes,

81 2945 169 3001 tionis
198 2945 363 3000 animarum
388 2945 423 3000 ad
455 2945 597 3001 auxilium
620 2945 736 3018 pietatis
759 2947 926 3020 porrigitur,
980 2948 1129 3021 quoniam,
1163 2947 1295 3020 quemvis
1329 2946 1415 3002 homo
1440 2947 1564 3002 multum
1589 2943 1732 3001 desideret
1759 2944 1830 2999 scire

81 3051 145 3090 cum
174 3034 261 3089 Filius
285 3051 367 3090 meus
388 3033 536 3089 hominem
560 3035 716 3106 reportavit
738 3037 769 3092 in
792 3037 925 3108 patriam.
980 3037 1116 3110 mysteria
1146 3040 1174 3092 el
1199 3037 1310 3092 occulta
1324 3036 1354 3090 in
1376 3034 1458 3090 donis
1473 3034 1523 3089 Dei
1538 3038 1635 3090 lamen
1664 3048 1722 3088 non
1746 3031 1830 3088 estei

83 3126 114 3179 Et
130 3125 174 3178 ala
190 3123 305 3178 sinislra
324 3122 418 3179 tendit
442 3122 478 3178 nd
497 3123 645 3180 sinistrum
666 3124 820 3180 homerum
839 3126 925 3194 illius,
979 3125 1117 3198 possibile
1134 3125 1202 3180 dum
1218 3129 1260 3179 est
1279 3129 1412 3197 gravatus
1437 3123 1551 3178 mortali
1576 3137 1695 3194 corpore
1720 3121 1831 3176 intelli·

81 3214 149 3284 quia
185 3212 216 3267 iu
251 3212 366 3267 sinistra
391 3211 600 3291 contrarietatis
631 3211 836 3268 diabolicarum
860 3214 928 3270 insi·
980 3231 1059 3285 gere,
1084 3219 1132 3269 uut
1158 3229 1261 3284 capere
1290 3213 1357 3285 quid
1389 3213 1463 3268 Deus
1486 3213 1517 3266 in
1555 3209 1733 3266 mirabilibus
1771 3209 1830 3264 suis

79 3302 192 3357 diarum
217 3301 310 3356 tidelis
331 3301 420 3356 homo
447 3301 591 3356 volatilem
613 3316 748 3373 pennam,
770 3319 822 3374 per
840 3319 926 3375 quem
980 3303 1044 3358 lieri
1068 3303 1144 3370 velit,
1174 3301 1223 3357 sed
1242 3301 1303 3374 ipse
1327 3301 1415 3358 homo
1439 3301 1631 3372 amplectetur
1650 3304 1678 3354 ει
1698 3314 1830 3370 compre·

35 3409 38 3412 ·
80 3389 196 3462 abjiciat
220 3404 307 3459 opera
330 3389 515 3444 tenebrarum
538 3405 652 3463 sursum
676 3390 805 3445 extendit
828 3392 862 3447 ed
882 3407 926 3446 re·
981 3391 1089 3446 heudat
1104 3391 1182 3446 eain
1197 3391 1332 3445 acritate:
1359 3390 1490 3446 videlieet
1518 3387 1665 3461 sequendo
1689 3391 1831 3460 praecepta

81 3475 194 3548 fugium
224 3475 371 3542 Filiimei,
396 3491 560 3548 perquem
587 3477 669 3534 tortis
692 3481 793 3533 eontra
811 3494 927 3534 omnem
983 3479 1045 3545 Dei,
1072 3479 1145 3534 sicut
1169 3477 1255 3533 etiam
1276 3479 1338 3534 haec
1374 3477 1475 3534 eadem
1502 3476 1592 3532 virtus
1627 3475 1656 3531 iu
1685 3475 1830 3548 praedictis

80 3563 283 3620 adversitatem
315 3564 419 3632 existit,
453 3564 570 3621 imitans
601 3565 688 3621 vitam
712 3565 868 3638 justorum,
895 3572 928 3623 ut
979 3567 1075 3623 verbis
1090 3565 1149 3622 suis
1161 3567 1299 3621 ostendit.

80 3653 168 3708 etiam
195 3651 285 3707 virtus
312 3653 374 3708 hare
397 3653 430 3708 in
448 3653 531 3709 dictis
551 3654 611 3710 suis
626 3654 760 3720 declarat,
784 3655 927 3726 quomodo
1017 3656 1113 3711 Altera
1140 3659 1237 3710 autom
1264 3653 1361 3725 imago
1385 3669 1450 3726 quoe
1475 3653 1511 3708 ad
1542 3653 1671 3708 dextrum
1697 3652 1760 3723 ejus
1777 3655 1829 3719 est,

82 3745 331 3812 supraoslensum
348 3744 400 3798 est.
980 3743 1112 3815 designat
1136 3759 1245 3815 pacem,
1281 3758 1439 3815 supernum
1472 3742 1589 3814 signum
1613 3746 1641 3796 ει
1669 3741 1831 3811 angelicum

118 3831 354 3901 lmagoquoque
378 3833 508 3900 quaeest
532 3829 927 3887 mediatriuminieriorum
980 3833 1157 3888 consortium
1202 3832 1368 3899 habentem,
1406 3829 1475 3903 quia
1506 3831 1538 3886 in
1567 3831 1653 3904 plena
1687 3827 1832 3884 viriditate

83 3917 236 3990 praetendit
256 3917 419 3986 veritatem,
441 3917 511 3989 quia
532 3926 597 3990 post
619 3918 822 3974 abstinentiam
837 3925 866 3976 ει
885 3920 928 3976 illi
949 3959 956 3970 ·
980 3921 1130 3977 veritatem
1146 3919 1299 3992 germinat,
1325 3919 1463 3991 quoniam
1479 3919 1578 3974 eedem
1593 3917 1697 3972 veritas
1711 3915 1832 3971 eircum-

83 4008 257 4063 oohaereutes
280 4007 400 4061 virtutes
418 4007 512 4077 surgit
534 4007 639 4062 veritas
656 4007 688 4062 iu
705 4009 841 4064 omnibus
861 4025 927 4064 ceu·
981 4009 1047 4066 date
1064 4013 1107 4065 εει
1129 4007 1242 4065 eximiis
1273 4013 1302 4064 ει
1330 4009 1463 4080 supernis
1482 4007 1566 4062 donis
1580 4005 1611 4061 in
1634 4006 1734 4062 dextra
1749 4008 1831 4076 parta

83 4098 129 4164 sis,
147 4112 212 4151 cum
234 4094 290 4150 sibi
317 4093 675 4166 astantibusimagiuihus,
697 4097 928 4153 veluliturriset
983 4097 1146 4152 salvationis
1175 4098 1339 4153 animarum
1375 4097 1483 4152 habene
1515 4111 1616 4168 paoem
1643 4109 1694 4166 per
1727 4092 1832 4148 Filium

82 4190 212 4240 testamen
227 4199 326 4239 earum
349 4183 483 4251 existens,
514 4183 646 4239 videlieet
666 4185 738 4241 torte
761 4185 928 4258 presidium
949 4186 1046 4257 plici.
1074 4185 1246 4251 Quomodo?
1275 4187 1310 4241 Ut
1323 4185 1461 4257 scripturn
1485 4187 1527 4239 est
1555 4184 1585 4239 in
1613 4181 1744 4254 angelice
1771 4196 1833 4236 car·
1902 4193 1905 4200 ·

83 4272 245 4341 designans,
270 4270 352 4342 quasi
373 4271 404 4326 in
422 4269 517 4326 medio
542 4271 681 4327 virtulum
694 4277 821 4328 sanctam
835 4273 928 4328 Trini·
983 4275 1072 4342 ruine,
1090 4273 1273 4330 ubidicitur:
1289 4271 1392 4330 Gloria
1410 4272 1442 4328 ira
1456 4271 1576 4328 excelsis
1599 4275 1655 4328 Deo
1669 4273 1696 4326 ει
1710 4271 1742 4325 in
1755 4273 1834 4326 terra

83 4367 169 4416 tatem
192 4361 223 4416 iu
254 4375 354 4414 occasu
377 4358 502 4415 iudaicae
526 4359 742 4415 consuetudinis
763 4363 790 4416 el
809 4360 840 4414 in
863 4365 927 4415 ortu
979 4380 1040 4436 poc
1066 4362 1228 4419 dominibus
1256 4363 1333 4419 boner
1360 4359 1519 4418 uoluntatis
1539 4361 1618 4433 (heo.
1637 4363 1680 4427 u).
1703 4359 1833 4414 lloctale

83 4466 156 4506 verae
176 4448 244 4504 tidei
271 4449 530 4521 preligarentium.
564 4449 656 4519 Super
685 4449 767 4521 eujus
796 4449 928 4504 dextrum
981 4457 1042 4507 est:
1058 4453 1090 4506 Iu
1104 4451 1242 4506 altissimo
1258 4451 1314 4506 [leo
1329 4450 1421 4522 fulget
1434 4449 1521 4505 homo
1532 4454 1561 4505 et
1572 4449 1647 4504 Deus
1662 4447 1692 4502 iu
1703 4445 1830 4511 homine,

82 4541 235 4596 humerum
269 4537 473 4593 candidissima
502 4537 637 4593 columba
668 4543 723 4593 stat
744 4537 856 4610 spirans
878 4553 929 4594 ore
981 4538 1050 4610 quia
1080 4537 1166 4592 Filius
1190 4537 1241 4592 Dei
1263 4537 1433 4592 mirabiliter
1458 4537 1623 4590 incarnatos
1638 4538 1689 4589 est.
1706 4533 1831 4603 ideoque

82 4645 133 4683 suo
153 4628 183 4682 in
206 4627 334 4684 dextram
353 4643 452 4681 aorem
471 4625 562 4682 illius:
585 4626 663 4698 quod
680 4630 722 4682 cst
737 4627 767 4681 in
780 4627 928 4698 superiore
981 4625 1134 4682 laudabilis
1161 4631 1190 4681 ει
1212 4625 1356 4696 gloriosus
1376 4631 1418 4680 est
1439 4625 1470 4679 in
1491 4625 1561 4680 colo
1587 4625 1671 4691 Deus,
1699 4622 1735 4677 ab
1752 4619 1832 4675 omni

81 4721 163 4790 parte
182 4713 426 4805 dexterea-scilicet
445 4714 522 4771 beati
546 4714 653 4771 reditus
679 4731 731 4787 per
753 4716 928 4772 incarnatio·
981 4719 1111 4770 ereatura
1143 4729 1204 4769 sua.
1235 4713 1314 4771 Unde
1337 4713 1423 4770 eliam
1452 4713 1483 4768 in
1506 4716 1581 4767 terre
1605 4711 1638 4766 lit
1661 4727 1715 4782 pax
1742 4709 1832 4763 salva-

83 4819 149 4860 uem
173 4803 235 4860 lilii
266 4802 315 4859 Dei
341 4803 482 4859 advitam
505 4819 647 4875 apperens
669 4803 848 4861 admirabilis
871 4805 927 4860 rir·
981 4802 1069 4860 tionis
1093 4803 1150 4859 illis
1172 4802 1351 4871 hominibus,
1368 4803 1417 4874 qui
1448 4802 1623 4856 volunlatem
1654 4799 1744 4855 Patris
1765 4811 1831 4852 cum

83 4900 126 4948 tus
143 4893 265 4964 Spiritus
289 4893 391 4960 saneti,
416 4893 466 4966 qui
487 4893 606 4966 spiravit
626 4897 703 4950 tactu
734 4910 786 4950 suo
808 4894 838 4950 in
859 4896 928 4950 dex·
982 4893 1134 4948 devotione
1164 4893 1262 4948 etlldc
1293 4890 1462 4963 suscipiunt,
1482 4889 1551 4961 quia
1570 4888 1656 4944 etiam
1672 4903 1727 4959 pax
1747 4887 1831 4942 honae

82 4987 157 5037 trum
171 4982 314 5050 auditum,
330 4982 359 5038 id
374 4985 417 5037 est
428 4982 457 5037 in
474 4981 561 5038 eorda
574 4982 758 5038 credulorum
775 4983 927 5038 hominum
982 4981 1137 5038 voluntatis
1153 4985 1195 5036 est
1208 4982 1341 5036 voluutas
1367 4979 1456 5036 totius
1484 4977 1622 5034 bonilatis
1646 4976 1747 5042 Patris,
1763 4989 1829 5046 qnae

84 5076 114 5126 ut
131 5069 294 5142 intelligant
315 5070 385 5142 quid
409 5071 484 5126 Deus
498 5071 528 5126 in
550 5087 601 5126 soa
620 5070 717 5128 dirius
737 5071 866 5144 potentia
880 5071 926 5126 sil.
984 5070 1070 5126 Filius
1083 5071 1145 5142 ejus
1161 5074 1212 5138 est,
1228 5069 1278 5142 qui
1305 5074 1348 5124 est
1361 5071 1437 5124 Deus
1465 5073 1494 5122 ει
1507 5068 1604 5123 homo.
1622 5067 1655 5121 Et
1681 5062 1829 5136 quomodo

82 5159 162 5225 Quod
188 5165 286 5215 autam
307 5158 337 5213 in
360 5163 474 5232 pectore
495 5159 585 5231 ipsius
608 5164 824 5215 monstruosum
844 5164 873 5215 et
886 5160 929 5215 in·
982 5164 1027 5215 εει
1041 5159 1193 5231 ipsepax‘?
1210 5161 1271 5230 lpse
1286 5162 1328 5213 est
1352 5173 1407 5230 pax
1422 5155 1584 5224 homiuum,
1603 5153 1758 5209 defendens
1781 5167 1828 5206 eos

84 5249 173 5303 iorme
195 5251 281 5319 eaput
304 5247 432 5303 hominis
451 5253 586 5320 apparet:
601 5249 656 5305 hoo
683 5252 725 5304 est
751 5247 829 5321 quod
854 5249 928 5304 Deus
982 5248 1019 5303 ab
1041 5247 1151 5303 insidiis
1174 5247 1286 5320 antiqui
1310 5244 1462 5318 serpentis,
1484 5243 1534 5316 qui
1559 5243 1669 5314 primus
1691 5240 1829 5313 pravari-

83 5335 114 5391 in
124 5335 258 5392 cordibus
286 5336 444 5392 electorum
459 5352 579 5393 suorum
604 5335 776 5394 miscuisset
798 5352 929 5409 persecu·
982 5342 1061 5393 calor
1084 5336 1201 5405 exstitit,
1225 5336 1275 5408 qui
1305 5334 1404 5391 lumen
1424 5333 1488 5389 vitae
1507 5331 1633 5406 perdidit
1656 5331 1783 5403 dejectos
1799 5330 1830 5384 iu

83 5427 174 5480 tiones
194 5425 359 5497 principum
378 5442 439 5480 esse
462 5426 615 5497 permittit.
633 5424 850 5482 sieuteli'ilius
865 5426 927 5498 ejus
982 5425 1125 5492 tenebrae,
1159 5426 1236 5497 quod
1259 5427 1355 5480 lumen
1373 5439 1428 5494 pax
1452 5437 1528 5488 vere,
1558 5420 1587 5476 id
1611 5425 1653 5476 εει
1678 5435 1763 5476 verus
1778 5417 1828 5475 [lei
