3984 6034
157 236 225 288 trus
897 223 1179 282 annunciabis
1837 233 1904 282 ll5tl

154 362 250 433 ipsum
271 357 392 413 interius
405 357 557 423 exulceret,
582 363 611 411 et
633 357 698 427 plus
719 356 804 410 solito
818 354 932 423 ellluat3
948 354 998 408 sed
1019 363 1040 414 t
1056 353 1140 410 urina
1160 360 1189 412 et
1212 354 1371 427 digestione
1393 356 1528 429 egeritur.
1551 357 1580 413 Si
1607 357 1672 431 quis
1694 363 1790 414 autem
1814 358 1904 416 homo

156 444 439 520 postquamsanguis
460 443 641 515 aliquantum
659 443 821 511 cessaverit,
837 442 956 498 salviam
969 443 1001 498 iu
1057 444 1223 514 comederit,
1247 443 1323 501 unde
1350 460 1418 500 moa
1444 445 1531 512 dolet,
1565 451 1659 502 rutam
1684 452 1712 502 et
1729 446 1772 502 his
1786 453 1904 504 tantum

155 535 213 592 leui
228 539 258 592 et
275 534 357 590 suari
384 534 451 588 vino
467 532 669 603 modicaeque
696 531 783 586 mixta
797 534 916 602 coquat;
939 546 1001 585 mo·
1057 533 1093 587 de
1116 532 1203 588 salvia
1231 549 1295 590 cum
1317 534 1376 588 sule
1398 539 1571 606 temperatas
1598 535 1696 590 statim
1719 536 1851 591 comedat
1876 541 1906 590 et
1976 579 1977 598 ,

156 625 219 680 dico
239 637 356 696 qnoque
373 622 437 676 oleo
451 620 534 676 olivo
560 625 611 674 out
624 619 728 690 butyro
740 619 850 686 addito,
866 624 896 672 et
908 623 1000 685 cocto,
1056 621 1160 676 melius
1179 621 1305 677 habebit.
1324 622 1399 677 Add.
1417 623 1474 695 cd]

157 729 209 785 per
234 725 363 782 pannum
393 708 476 777 colet,
503 712 533 763 et
555 707 678 776 modice,
715 723 773 762 noo
798 705 928 779 jejunus,
952 708 1000 760 sed
1183 711 1251 766 cio.
1269 710 1444 768 va.-1)a
1463 712 1777 784 fli·ss0p0(2)[11‚30].

158 817 279 875 prensus
293 799 393 855 bibat:
409 803 439 853 et
455 812 522 852 eom
541 797 695 864 confortet,
710 803 740 852 ct
764 795 888 851 interius
910 800 1000 850 sanat.
1094 800 1222 871 Ysophus
1245 800 1326 855 siccae
1350 807 1458 856 nature
1489 805 1542 864 est,
1562 805 1590 856 et
1611 806 1771 874 temperate
1794 802 1906 858 calidus
1977 804 1978 816 ¹

158 886 234 943 Ado.
246 883 302 956 ed]
1056 889 1162 957 existit,
1177 894 1278 946 ettam
1296 905 1410 962 magnae
1427 890 1539 944 virtutis
1558 895 1611 958 est,
1633 891 1710 962 quod
1725 889 1798 962 lapis
1812 892 1902 947 etiam

288 989 357 1045 Car.
373 987 463 1043 lxlv.
479 1016 515 1030 -
528 986 682 1042 liniturus
695 985 735 1056 (l)
749 984 795 1054 ill,
810 984 866 1054 ²9]-
1057 978 1083 1032 ei
1098 978 1230 1033 resistere
1250 995 1308 1034 oon
1332 983 1435 1049 potest,
1461 978 1531 1049 quin
1555 977 1595 1033 ibi
1615 983 1724 1033 crescet
1746 979 1796 1034 ubi
1812 981 1904 1035 semi·

193 1078 267 1134 itata
281 1076 317 1131 de
337 1076 405 1131 lorti
427 1079 457 1130 et
479 1074 513 1129 de
536 1074 632 1145 plena,
658 1071 753 1128 idest
780 1072 903 1141 queclrin,
934 1071 1002 1124 viri·
1056 1071 1151 1122 natur.
1172 1068 1204 1121 Et
1217 1083 1293 1138 saepe
1308 1071 1450 1122 comestus
1465 1066 1633 1122 intirmaset
1656 1065 1768 1122 loetidas
1782 1083 1903 1139 spumas

158 1167 248 1222 ditate
261 1170 346 1220 terrac
370 1164 461 1235 magis
479 1178 566 1235 quum
588 1162 623 1217 de
640 1163 734 1216 calore
752 1161 866 1227 crescit3
883 1165 910 1214 et
924 1160 1001 1214 calo·
1056 1155 1211 1211 humorum
1227 1159 1340 1226 purgat,
1360 1154 1389 1209 id
1404 1159 1447 1209 est
1459 1156 1593 1224 rcyuipet,
1611 1154 1683 1209 sicut
1697 1156 1776 1210 calor
1794 1155 1825 1210 iu
1844 1156 1905 1211 olla

157 1269 217 1309 mm
241 1256 435 1324 temperatum
459 1249 488 1305 in
513 1265 544 1304 se
571 1249 669 1317 habet,
696 1249 745 1304 sed
784 1254 880 1303 tamen
911 1238 1002 1318 magis
1056 1244 1143 1298 wellet
1161 1241 1290 1316 [spumas
1315 1242 1392 1314 ejicit
1406 1242 1472 1314 ed.],
1493 1248 1522 1297 et
1544 1241 1581 1298 ad
1603 1257 1703 1297 omnes
1726 1241 1805 1298 cibos
1823 1244 1905 1298 utilis

157 1344 289 1398 amorem
306 1343 353 1397 Est
381 1341 462 1396 fortis
485 1339 594 1394 viribus
614 1339 646 1394 in
667 1337 849 1404 humiditate,
875 1343 904 1393 et
926 1337 1003 1393 bona
1057 1335 1106 1386 est.
1128 1332 1231 1387 Coetus
1256 1331 1353 1387 utilior
1375 1331 1452 1387 euim
1479 1336 1521 1387 est
1545 1336 1574 1386 et
1596 1331 1790 1403 pulverizatus
1813 1349 1902 1404 qnam

157 1438 258 1489 ‹·outra
287 1431 382 1486 aridas
410 1427 617 1483 amaritudines
643 1442 708 1497 quae
744 1427 773 1481 in
803 1426 853 1480 illo
881 1424 1001 1480 homine
1057 1419 1171 1474 crudus.
1192 1419 1227 1474 Et
1250 1426 1393 1476 comestus
1418 1422 1613 1492 jecurquerclr
1636 1420 1763 1484 incitet
1788 1422 1904 1492 pulmo·

156 1503 288 1576 crescunt
314 1520 347 1574 in
375 1533 433 1590 quo
461 1515 530 1570 recti
556 1515 693 1570 hrrnrores
722 1513 868 1569 deliciunt.
896 1513 950 1568 Sed
974 1517 1003 1566 at
1057 1507 1348 1580 nemaliqnantulum
1373 1513 1486 1580 purgat.
1505 1509 1575 1563 Nam
1595 1509 1686 1581 etqui
1709 1510 1761 1564 luo
1776 1509 1905 1580 [tussitat

157 1609 260 1664 melior
273 1613 302 1663 st
315 1606 416 1662 utilior
437 1609 481 1658 est
497 1604 587 1658 cnsde
601 1618 688 1674 quam
710 1601 888 1672 pulverizata
910 1601 942 1654 in
956 1617 1002 1656 co·
1022 1595 1114 1693 Bedj
1128 1597 1201 1653 etde
1213 1597 1308 1668 jecore
1326 1597 1413 1667 dolet,
1438 1597 1531 1670 etqui
1552 1598 1684 1668 dumphet
1706 1597 1742 1653 de
1764 1599 1904 1670 pulmone

156 1698 304 1752 mestione.
336 1695 369 1750 Et
396 1697 522 1748 comesta
549 1691 690 1762 injustam
718 1691 857 1746 terrorem
886 1690 1001 1762 sangui·
1056 1685 1143 1754 dolet,
1167 1691 1197 1742 et
1211 1690 1332 1758 uterque
1348 1687 1468 1742 istorum
1483 1702 1620 1758 yssopum
1648 1690 1698 1742 aut
1720 1701 1786 1742 cum
1813 1688 1904 1742 carni·

155 1787 200 1841 nis
214 1786 246 1841 in
260 1783 377 1841 homine
390 1781 558 1853 compescit.
571 1780 646 1836 Nam
665 1779 743 1834 calor
766 1785 839 1834 rntae
860 1779 1002 1850 injustum
1055 1773 1119 1840 bus,
1142 1777 1271 1830 autenm
1300 1775 1441 1846 sagimine
1467 1775 1606 1843 comedat,
1635 1781 1664 1830 et
1693 1773 1902 1843 meliorabitur,

154 1876 276 1930 calorem
293 1871 472 1928 melancoliae
487 1875 629 1937 attenuat,
640 1874 670 1923 ct
685 1868 827 1939 injustum
836 1867 928 1939 frigus
942 1883 1002 1922 me·
1056 1862 1159 1933 quiesi
1173 1863 1238 1935 quis
1251 1879 1399 1935 yssopum,
1425 1867 1475 1919 aut
1497 1863 1557 1919 solo
1581 1863 1646 1918 vino
1669 1868 1719 1918 aut
1750 1864 1810 1920 sola
1827 1881 1905 1937 equa

154 1961 284 2016 lancolias
297 1962 456 2031 temperat;
482 1964 511 2012 et
531 1957 571 2012 ita
590 1955 676 2011 homo
691 1954 751 2022 ille,
771 1955 823 2027 qui
837 1955 1002 2010 melancoli-
1055 1951 1162 2020 addila,
1178 1951 1344 2016 comederit,
1365 1953 1429 2024 plus
1451 1952 1520 2008 iude
1542 1952 1657 2007 laeditur
1675 1967 1763 2024 quam
1774 1953 1901 2023 juretur.

154 2066 204 2105 cus
219 2055 263 2105 est
277 2049 381 2106 melius
395 2045 523 2114 habebit,
534 2061 599 2101 cum
614 2060 677 2099 earn
694 2048 762 2115 post
777 2043 850 2099 alios
862 2043 942 2098 cibos
956 2060 1002 2098 co-
1091 2039 1145 2094 Sed
1161 2045 1190 2095 ct
1208 2041 1258 2111 qui
1277 2040 1308 2095 in
1319 2040 1415 2111 jecore
1434 2046 1484 2096 aut
1497 2042 1527 2097 in
1552 2041 1691 2112 pulmone
1706 2041 1794 2109 dolet,
1809 2040 1903 2113 laqui-

155 2137 252 2193 medit.
267 2137 323 2192 Sed
346 2141 374 2192 et
397 2135 422 2190 si
444 2133 510 2206 quis
529 2134 618 2188 alium
633 2131 729 2187 cibum
747 2132 905 2187 comederit
922 2131 1001 2188 uode
1055 2127 1157 2184 licium
1173 2128 1302 2200 accipiat,
1326 2134 1356 2185 et
1376 2130 1538 2202 cynamomi
1559 2130 1624 2201 plus
1639 2145 1726 2203 qoam
1746 2130 1899 2202 laquiricii,

155 2225 242 2294 dolet,
254 2227 348 2280 rutam
363 2229 464 2296 postea
477 2220 618 2288 comedat,
635 2220 772 2274 etminus
787 2219 874 2274 dolet.
1054 2220 1083 2269 et
1103 2215 1200 2288 yssopi
1223 2217 1287 2286 pius
1312 2232 1400 2288 qnam
1425 2217 1546 2272 istorum
1574 2217 1708 2284 duorum,
1728 2223 1757 2273 et
1783 2219 1903 2273 feniculi

189 2315 290 2386 [llomo
310 2329 426 2385 quoquc
439 2310 489 2384 qui
505 2310 658 2366 humentes
673 2307 772 2362 oculos
786 2306 882 2376 babet,
905 2312 999 2363 rutam
1054 2304 1120 2376 plus
1141 2319 1229 2376 quam
1250 2303 1370 2359 istorum
1386 2305 1486 2372 trium,
1511 2310 1540 2360 et
1559 2305 1619 2361 hac
1637 2305 1668 2361 io
1690 2322 1764 2361 nora
1776 2307 1835 2362 olla
1849 2323 1901 2361 oo-

153 2403 284 2474 accipiat‚
300 2410 329 2456 et
342 2400 386 2456 bis
409 2404 522 2456 tantum
536 2397 642 2465 salriae,
667 2401 696 2451 et
720 2395 847 2450 cerefolii
870 2394 915 2450 bis
935 2400 999 2450 tan-
1054 2396 1133 2464 quat,
1150 2391 1326 2448 sufficienter
1345 2393 1430 2449 melle
1447 2393 1554 2462 addito,
1575 2393 1614 2449 ita
1629 2409 1666 2449 ne
1682 2396 1843 2450 amaritudo
1870 2395 1900 2450 iu

153 2499 215 2546 tum
234 2495 266 2545 ut
292 2489 397 2558 salviae,
418 2493 447 2543 ct
470 2487 574 2542 herbas
590 2484 658 2540 istas
676 2483 708 2539 iu
732 2483 871 2539 mortario
886 2482 998 2538 modice
1054 2481 1095 2535 eis
1116 2480 1164 2548 sit,
1190 2484 1218 2534 et
1239 2479 1394 2538 fortissima
1415 2485 1530 2555 coquat,
1553 2487 1582 2537 et
1614 2487 1682 2537 trrnc
1705 2484 1792 2538 ollam
1814 2483 1899 2538 islam

152 2577 317 2647 contundat,
333 2581 366 2632 ut
387 2577 568 2650 aliquantum
584 2573 659 2629 succi
686 2571 824 2640 reddant;
847 2577 877 2628 ct
895 2571 998 2628 deinde
1052 2585 1117 2624 curu
1140 2566 1247 2624 eisdem
1274 2568 1370 2625 herbis
1393 2586 1446 2642 per
1467 2586 1570 2626 uorem
1595 2574 1623 2626 et
1646 2571 1766 2626 totidem
1790 2577 1899 2634 noctes,

152 2667 267 2723 easdem
282 2665 385 2723 herbas
411 2665 451 2719 ita
475 2661 612 2719 contritas
639 2662 715 2716 claro
739 2661 787 2716 ori
809 2659 945 2732 intingat,
970 2665 999 2715 ct
1052 2662 1080 2712 at
1102 2661 1170 2712 tunc
1185 2673 1237 2728 per
1258 2672 1387 2729 pannum
1409 2659 1493 2728 colet,
1517 2665 1545 2714 et
1570 2659 1712 2715 sichibat.
1730 2660 1800 2715 llam
1830 2661 1898 2715 siin

151 2755 185 2811 ad
204 2759 330 2821 noctem,
350 2769 415 2809 con:
430 2751 588 2808 dormitum
612 2749 701 2816 radit,
726 2748 789 2803 illas
814 2763 901 2820 super
915 2749 996 2805 iron·
1049 2745 1209 2815 jccorsaut
1235 2744 1265 2799 in
1289 2748 1428 2818 pulmone
1444 2747 1526 2803 anlds
1553 2748 1642 2817 dolet,
1664 2748 1695 2803 in
1720 2763 1822 2804 norem
1839 2749 1899 2803 die·

151 2849 209 2898 tem
225 2843 363 2915 usquead
380 2847 502 2913 utraque
517 2844 649 2911 tempora
661 2842 761 2910 ponat,
782 2841 811 2892 et
835 2837 925 2892 malos
942 2836 996 2892 hu·
1053 2832 1106 2887 bus
1121 2850 1173 2904 per
1186 2834 1314 2905 singulos
1329 2836 1390 2892 dies
1404 2835 1493 2891 bibat.
1520 2836 1574 2892 Sed
1591 2843 1745 2909 antequam
1769 2837 1799 2891 in
1814 2853 1900 2891 sirone

151 2947 245 2987 orares
264 2931 432 2997 extmhunt;
457 2928 501 2984 vel
530 2928 554 2983 si
580 2927 684 2999 aliquis
708 2927 743 2982 de
767 2940 854 2997 pomo
878 2941 994 2981 succum
1016 2920 1107 2990 edici
1136 2923 1224 2990 bibat,
1247 2923 1389 2979 modicum
1414 2925 1553 2994 comedat,
1579 2929 1608 2980 et
1632 2931 1699 2982 tunc
1723 2925 1812 2981 bihel.
1841 2925 1897 2980 Sed

150 3025 242 3090 surgat.
259 3017 313 3084 Oui
327 3017 425 3090 nigros
444 3032 494 3071 seu
518 3015 699 3070 turbulentos
726 3014 825 3069 oculos
846 3013 942 3082 habet,
964 3020 997 3070 ut
1050 3010 1086 3065 ad
1102 3017 1215 3066 noctem
1230 3012 1299 3067 sotis
1322 3013 1462 3080 comedat,
1483 3019 1513 3068 et
1534 3029 1599 3069 cram
1621 3013 1779 3071 dormitum
1808 3015 1895 3080 radit,

149 3104 303 3175 aliquando
319 3104 409 3159 nubes
423 3109 477 3170 est,
500 3108 528 3158 ct
547 3102 578 3157 in
593 3100 635 3156 eis
648 3101 746 3172 aliquo
772 3100 858 3157 modo
879 3099 994 3173 caligat,
1050 3099 1118 3154 satis
1143 3115 1174 3155 ea
1189 3115 1222 3155 eo
1238 3100 1325 3158 bibat.
1354 3101 1383 3156 Si
1398 3107 1494 3158 autem
1522 3102 1552 3157 in
1565 3103 1705 3175 pulmone
1728 3102 1841 3159 modice
1869 3108 1897 3158 et

149 3197 352 3248 snccnmrotae
377 3191 507 3262 accipiat,
532 3194 562 3244 et
584 3188 628 3243 bis
644 3193 757 3244 tantum
782 3189 849 3261 puri
875 3189 996 3261 liquoris
1050 3189 1080 3244 in
1095 3187 1190 3263 jecore
1213 3189 1301 3260 dolet,
1326 3191 1427 3246 codem
1452 3191 1537 3247 modo
1567 3191 1659 3246 trihus
1679 3191 1781 3248 diebus
1806 3197 1896 3248 trans-

150 3278 253 3346 mellis,
273 3283 302 3334 et
329 3278 474 3333 modicum
496 3275 565 3331 boni
580 3281 608 3330 et
623 3274 693 3331 clari
719 3275 779 3331 vini
802 3276 848 3330 his
873 3276 994 3331 commi·
1049 3275 1119 3330 actis
1143 3276 1232 3345 bibat,
1258 3283 1287 3332 et
1304 3277 1359 3333 hoc
1381 3295 1456 3350 saepe
1481 3279 1575 3347 iaciat,
1600 3283 1630 3334 et
1658 3279 1816 3346 curabitur,
1841 3279 1896 3335 nisi

148 3370 235 3430 accat,
254 3368 285 3420 et
299 3364 403 3420 micam
415 3363 519 3419 triticei
536 3363 639 3434 pannis
653 3361 698 3418 his
710 3361 850 3433 imponat,
865 3369 895 3417 et
908 3375 996 3432 snper
1050 3365 1126 3420 Deus
1139 3379 1199 3421 non
1213 3365 1290 3421 colit.

149 3454 247 3508 oculos
267 3469 335 3508 suos
357 3452 388 3507 in
419 3456 501 3506 nocte
524 3467 590 3506 cum
614 3466 710 3523 pauno
741 3451 820 3523 ligat.
856 3451 937 3516 Ouod
971 3450 996 3504 si
1086 3451 1155 3527 [Sed
1181 3453 1206 3508 si
1229 3454 1311 3525 jecur
1346 3455 1382 3510 de
1419 3455 1534 3512 tristitia
1561 3456 1690 3512 hominis
1724 3455 1897 3522 iullrmatur,

149 3543 238 3596 lromo
256 3540 288 3596 io
301 3538 419 3595 renibus
433 3543 462 3595 et
489 3539 519 3593 io
534 3538 643 3594 lumbis
666 3537 810 3594 interdum
838 3538 925 3606 dolet,
941 3537 996 3592 hoc
1050 3548 1205 3614 numquam
1238 3542 1391 3599 infirmitas
1420 3544 1451 3599 in
1486 3560 1520 3601 ao
1555 3544 1779 3616 superabundet,
1804 3545 1898 3616 pullos

149 3629 295 3686 multoties
310 3628 346 3684 de
364 3629 532 3684 intirmitate
559 3627 699 3683 stomachi
726 3629 759 3682 lit
787 3645 795 3682 :
828 3635 897 3682 tunc
917 3627 995 3683 idem
1051 3630 1222 3698 gallinarum
1244 3636 1350 3703 coquat
1375 3647 1440 3688 cum
1467 3633 1588 3705 hysopo,
1617 3639 1647 3688 et
1671 3639 1730 3688 mm
1755 3633 1897 3705 hysopum

118 3720 236 3775 ‘lrcmo
260 3724 355 3773 rutam
385 3723 414 3771 ct
436 3715 614 3771 absinthium
644 3715 750 3787 aequali
769 3715 898 3786 pondere
920 3715 994 3769 acci·
1051 3735 1137 3789 quam
1150 3720 1243 3790 pullos
1257 3719 1326 3774 istos
1340 3735 1416 3792 saepe
1430 3720 1571 3776 comedat.
1589 3720 1646 3778 Sed
1670 3721 1832 3777 etcrndum
1849 3721 1899 3790 hy·

147 3807 218 3879 piat,
235 3812 265 3861 et
275 3806 340 3878 plus
353 3805 398 3860 his
413 3806 448 3861 de
461 3805 562 3860 arvina
578 3804 638 3860 ursi
652 3803 750 3872 addat,
774 3809 803 3858 et
825 3801 887 3857 haec
908 3801 994 3856 simul
1051 3822 1154 3878 sapum
1165 3809 1231 3862 aino
1246 3808 1413 3879 impositum
1426 3809 1764 3882 frequentermaudncsl,
1779 3814 1807 3865 et
1822 3808 1897 3864 idem

147 3897 313 3963 contundat,
329 3901 357 3950 et
379 3909 446 3950 curn
463 3895 508 3949 his
527 3893 603 3948 circa
626 3907 710 3948 renes
737 3896 765 3946 ct
789 3891 905 3945 lumbos
929 3903 996 3944 suos
1050 3895 1150 3950 viuum
1165 3894 1254 3963 hibat,
1270 3896 1338 3969 quie
1355 3896 1482 3970 hysopus
1498 3897 1525 3952 ei
1540 3897 1637 3954 utilior
1662 3902 1706 3954 est
1719 3898 1756 3954 ad
1771 3898 1897 3954 intlrmi-

149 3986 198 4041 nbi
215 3985 293 4042 dolet
308 4002 338 4040 se
358 3984 440 4055 juxta
458 3984 557 4055 ignem
580 3981 695 4037 fortiter
716 3980 849 4050 inungat.
864 3979 894 4034 Si
908 3978 995 4034 homo
1051 3989 1138 4040 taram
1148 3984 1331 4057 istamquam
1345 3986 1388 4040 illi
1397 3985 1448 4058 qui
1460 3987 1491 4042 in
1504 3987 1642 4058 pulmone
1651 3987 1740 4044 dolet.
1752 3987 1830 4043 Adel.
1842 3987 1898 4057 ed}

148 4076 305 4149 aliqnando
335 4076 376 4131 ita
403 4074 435 4130 in
466 4072 655 4129 delectatione
685 4073 893 4138 commovetur,
917 4067 995 4141 quud
1156 4073 1790 4148 Cac.hlitll.—1tsl·'au1cnmt3)[ll,tt].

147 4181 261 4238 sperma
295 4165 333 4219 ad
371 4163 526 4218 articulum
570 4158 735 4217 emissionis
770 4157 912 4230 persenit,
946 4157 995 4212 scd
1089 4161 1254 4217 Feniculum
1270 4178 1385 4218 suarem
1399 4164 1523 4219 calorem
1543 4163 1636 4232 habet,
1661 4179 1713 4219 nec
1737 4163 1819 4219 siccae
1845 4179 1898 4218 nec

147 4261 244 4310 tomen
258 4253 334 4307 intra
345 4251 377 4306 in
387 4267 507 4323 corpora
522 4249 621 4322 aliquo
637 4248 723 4304 modo
739 4252 883 4303 rstemum
896 4245 993 4314 tuerit,
1014 4236 1164 4322 ”frigide
1179 4255 1289 4306 naturas
1303 4255 1355 4306 cst.
1374 4252 1407 4306 Et
1421 4252 1542 4308 crudum
1556 4256 1725 4308 comestum.
1748 4251 1897 4308 bominem

147 4341 257 4398 atinde
280 4339 423 4396 iollrmari
441 4336 882 4411 coeperi1,rutametmodicom
901 4336 995 4391 miuus
1050 4355 1109 4394 nou
1123 4338 1211 4395 laedit.
1239 4339 1273 4394 Et
1294 4355 1468 4413 quocunque
1479 4340 1564 4396 modo
1591 4338 1778 4413 [comedatur]
1797 4340 1897 4396 laetum

147 4432 183 4487 de
197 4429 354 4500 absinthio,
378 4428 509 4501 accipiat,
537 4432 565 4483 et
581 4443 695 4482 succum
718 4442 820 4482 coriam
841 4425 993 4497 exprimat,
1050 4427 1118 4482 lacit
1136 4426 1293 4494 homiuem,
1319 4435 1347 4485 st
1370 4443 1486 4484 suarem
1508 4428 1633 4484 calorem
1660 4443 1693 4484 ac
1712 4427 1821 4483 bonum
1846 4445 1899 4482 su·

149 4520 354 4576 etbuicsucco
371 4519 553 4586 zuccharum,
568 4521 598 4573 et
621 4517 686 4589 plns
709 4515 744 4570 de
759 4517 857 4582 mette,
882 4519 911 4569 st
933 4521 996 4572 tan·
1049 4516 1149 4571 dorem
1170 4514 1197 4571 ei
1220 4515 1317 4584 iulert,
1341 4521 1428 4589 atque
1456 4517 1561 4572 honam
1588 4517 1781 4589 digestionem
1815 4517 1896 4572 iacit.

147 4615 210 4665 tum
225 4608 283 4664 vini
300 4612 440 4681 quantum
463 4621 614 4661 succorum
629 4606 752 4660 istorum
776 4610 828 4672 est,
855 4602 951 4674 addat,
967 4607 997 4658 ct
1050 4605 1155 4660 Samen
1170 4619 1286 4676 quoque
1310 4605 1372 4676 eius
1398 4605 1498 4661 calidae
1523 4610 1632 4662 naturas
1659 4608 1702 4660 est
1724 4608 1753 4661 et
1767 4604 1839 4660 utile
1860 4604 1898 4660 ad

147 4699 240 4771 ignito
253 4697 373 4770 chalybe
387 4699 420 4752 in
438 4712 512 4752 nova
524 4695 591 4761 olla,
607 4701 658 4750 aut
671 4694 702 4749 in
716 4694 822 4767 patella
841 4690 996 4764 quinquies
1050 4693 1202 4749 sanitatem
1217 4693 1353 4762 hominis,
1380 4696 1404 4750 si
1430 4694 1492 4749 aliis
1506 4694 1603 4750 herbis
1617 4694 1731 4750 additur
1753 4695 1784 4749 io
1804 4693 1898 4748 medi·

148 4787 304 4856 calefaciat,
330 4791 359 4841 ct
380 4790 534 4857 postquam
559 4784 706 4840 modicum
727 4780 895 4848 comederit,
919 4778 996 4835 istud
1050 4781 1198 4840 cementis.
1223 4784 1293 4839 Nam
1309 4783 1359 4855 qui
1377 4783 1534 4840 ianiculum
1550 4789 1600 4840 aut
1614 4799 1713 4839 semen
1737 4783 1799 4854 ejus
1819 4783 1899 4854 J'ey'u·

147 4875 273 4932 calidum
288 4875 378 4931 hibat.
393 4874 474 4941 Quod
499 4873 522 4928 si
546 4873 577 4928 in
602 4873 706 4944 hyeme
734 4876 787 4938 est,
816 4868 893 4942 quod
918 4884 994 4940 prae·
1050 4887 1105 4927 nris
1120 4871 1247 4945 quotidie
1265 4872 1400 4939 comedit,
1416 4873 1525 4928 malum
1539 4873 1641 4928 ilecma
1655 4877 1704 4927 aut
1728 4871 1897 4943 putredines

148 4965 239 5021 dictas
262 4963 365 5039 herbas
398 4964 503 5019 hahere
530 4977 588 5017 uon
612 4967 717 5033 potest,
744 4959 845 5015 baccus
868 4957 944 5014 lauri
967 4965 997 5015 et
1049 4962 1080 5018 in
1098 4977 1133 5017 eo
1152 4960 1266 5030 minuit,
1294 4965 1378 5034 atque
1406 4961 1539 5018 lectorem
1563 4961 1706 5018 anhelitus
1731 4960 1794 5031 ojus
1820 4975 1897 5015 com-

148 5053 193 5109 bis
206 5056 319 5111 taotnm
341 5052 377 5109 dc
398 5050 544 5107 dictamno
571 5049 738 5122 pulverizet,
758 5051 786 5102 et
814 5052 881 5118 post
905 5045 997 5101 modi·
1050 5049 1149 5120 pascit,
1180 5053 1210 5104 et
1233 5049 1332 5105 oculos
1363 5049 1426 5121 ejus
1460 5049 1535 5126 clarc
1571 5049 1668 5105 videre
1705 5047 1774 5103 iacit
1810 5045 1899 5119 [bono

149 5157 214 5199 com
238 5141 305 5210 cibi,
334 5141 364 5197 io
392 5140 486 5196 calido
507 5139 575 5194 aino
603 5137 698 5210 ignito
721 5135 840 5208 chalybe
859 5133 996 5191 caletacto
1050 5134 1153 5203 calore,
1183 5141 1213 5192 et
1242 5136 1325 5192 honis
1352 5137 1461 5195 viribus
1493 5138 1561 5194 suis.
1588 5137 1643 5205 Qui
1673 5141 1770 5193 autem
1798 5135 1898 5208 aliqua

150 5231 248 5300 bibat;
261 5237 290 5286 et
304 5229 345 5286 sic
367 5228 472 5286 noxius
494 5227 567 5285 livor
590 5226 641 5298 qui
667 5225 699 5281 in
723 5241 759 5280 eo
772 5222 911 5280 remansit
929 5239 996 5280 cum
1050 5224 1251 5281 contrarietate
1296 5231 1453 5297 occupatus
1503 5227 1629 5283 dormire
1681 5241 1742 5281 uon
1791 5229 1899 5297 potest,

186 5407 210 5471 (t
240 5408 313 5463 huto
327 5406 495 5476 proueolens.
1086 5399 1129 5472 (3)
1141 5401 1281 5458 Anetturn
1294 5401 1461 5458 Feniculum.

185 5477 213 5544 (2
239 5477 381 5546 hyssopus
391 5475 550 5544 officinalis.
