3984 6034
152 172 216 234 ssu
887 176 916 232 s.
936 167 1184 234 truncamus.
1263 229 1266 256 ζ
1415 179 1418 186 ·
1857 175 1914 234 aco

160 312 204 368 tui
218 329 226 366 ε
242 312 319 368 unda
342 311 430 367 etiam
451 310 550 368 nescio
577 310 649 384 quid
680 311 774 367 dicere
801 310 954 382 possim.»
979 311 1011 366 Et
1028 311 1154 383 agitare
1178 311 1305 386 nequivi,
1324 317 1354 368 ct
1375 311 1601 370 etiamtremula
1623 319 1719 370 manle
1749 315 1801 370 tali
1820 321 1916 372 tanta·

160 400 297 456 dominus
318 400 381 471 ejus
402 400 457 472 ipsi
481 400 686 470 responditzc
714 399 892 472 Nequissimo
917 416 1008 467 serve,
1063 415 1119 472 que
1144 416 1275 472 personae
1311 401 1468 473 quidquam
1504 401 1628 458 scribere
1653 401 1698 457 vix
1720 402 1913 475 presumpsi,

160 490 391 562 qnandosolem,
417 490 562 544 lunamet
585 487 680 543 stellas
700 489 847 556 constitui,
864 504 933 543 num
964 488 1011 543 ad·
1064 490 1112 545 sed
1133 505 1225 562 neque
1250 506 1295 544 me
1315 490 1437 561 dignum
1457 490 1492 546 ad
1517 490 1573 544 hoc
1589 491 1758 546 existimavi.
1788 491 1915 546 Proinde
1990 459 1991 516 3

156 576 260 649 jutorii
286 577 328 631 tui
353 575 488 647 indigui?
514 577 547 632 ut
570 591 658 647 quare
682 592 741 631 nou
768 576 897 632 erubesci
931 577 1007 648 quod
1064 575 1098 644 si,
1114 578 1191 632 salva
1206 576 1837 649 gratiavestra,audeo‚geuussexotremens
1851 595 1917 635 ora-

159 677 206 717 me
223 668 282 716 tam
297 668 405 717 temere
425 661 455 715 in
474 660 618 731 responsis
644 661 700 715 tois
725 661 844 734 tangis?
866 663 936 717 Nam
956 679 1009 734 pro
1064 666 1190 721 tionibus
1206 667 1307 721 vestris
1321 666 1351 721 in
1371 666 1527 722 visceribus
1552 668 1619 724 lesu
1633 667 1735 724 Christi
1752 684 1798 723 me
1812 684 1916 741 quam·

158 751 215 807 hoc
236 751 369 806 meruisti
388 754 420 805 ut
446 748 580 804 manibus
593 745 757 820 etpedibus
776 756 833 805 turs
858 752 964 822 ligeris,
980 755 1011 807 et
1063 754 1106 808 vis
1139 753 1286 810 sordidum
1319 753 1480 820 committo,
1515 759 1716 828 quantumque
1738 765 1915 829 cooperante

158 838 190 893 in
202 838 336 894 tenebras
351 838 474 893 mittaris
489 837 665 908 usquedum
686 838 785 893 omnia
804 838 946 894 reddasv
1062 842 1154 915 gralia
1170 858 1222 913 pro
1250 842 1367 898 modulo
1383 842 1499 898 desidiae
1527 858 1599 898 meae
1613 848 1746 914 potuero,
1762 847 1848 902 vestri
1865 864 1915 902 ve-

195 930 282 994 llito,
301 927 384 983 miles
399 926 513 995 Christi,
529 927 695 998 parabolam
713 927 748 981 ad
763 934 791 982 te
807 927 932 984 attende.
953 928 1009 982 Do·
1064 935 1188 1002 straeque
1223 930 1340 985 iamiliae
1363 929 1393 984 iu
1431 930 1541 986 Christo
1582 931 1771 988 libentissime
1800 947 1916 988 mernor

160 1015 256 1072 minus
277 1016 330 1071 iste
350 1016 424 1070 Deus
446 1020 499 1077 est,
522 1015 572 1084 qni
601 1014 631 1069 in
654 1015 805 1070 altitudine
831 1015 880 1070 illa
898 1016 1010 1087 vigilat,
1064 1033 1114 1073 ero
1129 1035 1136 1073 ε
1151 1023 1179 1074 et
1191 1017 1216 1073 si
1236 1032 1356 1090 corpore
1370 1018 1472 1074 abeam
1497 1034 1572 1087 snm,
1598 1019 1683 1075 corde
1697 1025 1727 1076 et
1747 1019 1915 1090 dilectione,

159 1107 237 1179 quod
254 1107 329 1161 lleus
340 1105 376 1160 ab
390 1104 526 1161 omnibus
544 1103 721 1160 invocandus
739 1110 792 1160 est.
809 1105 860 1160 llic
877 1104 1010 1161 homiues
1064 1107 1123 1162 Deo
1137 1110 1218 1175 teste,
1245 1107 1392 1162 vobiscum
1411 1123 1485 1162 sum.
1509 1109 1590 1164 Nunc
1616 1122 1685 1178 ergo
1712 1108 1744 1164 in
1772 1107 1916 1164 memoria

159 1196 190 1250 in
205 1192 403 1250 admonitione
426 1209 478 1248 sua
502 1193 544 1248 sic
558 1194 715 1263 alloquitur
731 1210 739 1249 ε
755 1195 795 1248 lle
809 1193 944 1264 operibus
965 1210 1011 1250 ve·
1063 1201 1156 1250 vestra
1174 1211 1220 1250 me
1240 1199 1390 1264 reservate,
1412 1195 1572 1253 aedbricto
1593 1200 1622 1252 et
1642 1195 1671 1251 S.
1694 1196 1799 1264 Mariae,
1824 1201 1916 1267 prout
1990 1251 1991 1272 ,

160 1283 227 1338 stris
238 1283 361 1354 judicari
383 1283 503 1336 debetis.
519 1282 573 1338 Sed
597 1282 714 1353 quidam
739 1283 768 1338 in
783 1282 881 1338 divino
901 1284 1010 1338 bonore
1064 1283 1144 1339 vobis
1165 1284 1289 1349 coulldo,
1313 1283 1426 1339 assidue
1446 1299 1492 1339 me
1515 1285 1724 1348 commendate,
1740 1289 1826 1356 alque
1850 1299 1915 1340 ver·
1990 1307 1991 1326 l

160 1372 303 1429 laborant.
328 1372 452 1438 Quidam
471 1376 568 1425 autem
595 1371 625 1424 in
656 1370 790 1426 molestia
813 1372 891 1427 tedii
917 1381 1010 1443 torpe·
1064 1371 1107 1426 bis
1141 1371 1369 1427 consolationum
1403 1377 1564 1427 vestrarum
1594 1373 1752 1428 secundum
1782 1372 1915 1428 divinam
1990 1393 1991 1414 τ

159 1466 252 1516 scunt.
283 1462 316 1515 lit
338 1461 386 1531 qui
406 1461 496 1514 Deum
525 1459 668 1515 honorant
694 1460 815 1516 dicunt:
838 1461 876 1516 lle
904 1476 1008 1532 sugge·
1064 1458 1258 1515 ostensionem
1282 1475 1328 1515 ma
1351 1460 1494 1515 consolari
1520 1461 1643 1517 studete.
1668 1461 1765 1517 Gratia
1788 1461 1916 1533 Spiritus

158 1550 251 1605 stione
271 1549 379 1604 diaboli
403 1549 432 1602 in
453 1563 521 1603 casu
542 1547 610 1604 Adra
631 1547 660 1602 in
684 1548 916 1619 peregrinatione
940 1549 1010 1604 ccci·
1066 1550 1156 1604 sancti
1170 1548 1316 1604 vobiscum
1331 1548 1378 1604 sit.

158 1638 263 1703 dimus,
278 1641 307 1692 et
321 1638 352 1691 in
372 1636 509 1708 operibus
530 1635 637 1691 nostris
659 1635 749 1690 multa
771 1636 839 1690 vitia
864 1617 1049 1692 contraxi·B
1241 1652 1448 1710 ggspopsgp
1479 1654 1725 1710 fflfflggpflffls,

159 1743 234 1795 mus,
259 1741 347 1798 quam
379 1725 639 1795 transgressionem
668 1724 803 1780 llebiliter
825 1725 1007 1796 plangemus.
1063 1739 1207 1798 pmmstm
1222 1739 1270 1798 ,¹115
1278 1741 1404 1811 susum
1428 1742 1648 1812 emmam,
1667 1745 1765 1816 ,ΑΜΒ
1785 1741 1835 1816 qm·
1856 1745 1916 1798 030

159 1816 280 1886 Propter
289 1813 411 1885 gloriam
423 1818 520 1868 autem
528 1812 655 1868 nominis
664 1814 706 1867 toi
719 1813 916 1884 promittimus
931 1813 1008 1884 qrrod
1423 1815 1550 1886 placeat.

158 1904 311 1976 apeceatis
335 1902 441 1957 nostris
465 1918 517 1956 nos
536 1901 680 1956 abstinere
703 1901 910 1957 desideramus.
931 1903 1010 1958 Atta·
1096 1900 1185 1956 vtdeo
1206 1901 1282 1972 quod
1309 1902 1383 1956 Deus
1412 1901 1513 1958 faciem
1533 1918 1613 1957 suam
1632 1919 1650 1957 a
1671 1908 1699 1958 te
1714 1917 1772 1957 non
1796 1902 1916 1957 abscon-

157 2008 224 2048 meu
249 1993 389 2046 honorem
412 1996 506 2057 tuum,
523 1989 668 2060 justitiam
690 1994 718 2044 et
740 1989 888 2061 Scriptura
907 2006 960 2061 per
979 1994 1009 2044 te
1062 1987 1115 2056 dit,
1130 1988 1178 2044 sed
1196 2004 1261 2044 cum
1288 1987 1410 2060 flagellis
1437 1989 1496 2044 suis
1522 1995 1550 2045 te
1572 1989 1751 2061 constringit,
1768 1989 1840 2044 sicut
1854 1991 1915 2061 ipsi

158 2083 239 2137 datas
253 2081 381 2136 venerati
395 2094 495 2134 sumus
515 2079 545 2134 in
565 2079 729 2134 dilectione.
753 2081 785 2133 lit
799 2079 940 2134 Dominus
959 2079 1009 2150 qui
1062 2076 1163 2147 placet.
1184 2077 1256 2132 ltem
1274 2077 1303 2132 in
1319 2077 1445 2133 animam
1463 2082 1543 2134 tuam
1564 2082 1593 2132 et
1606 2077 1784 2150 ingaudium
1809 2093 1913 2150 corpo·

157 2167 458 2242 incomprehensibilis
478 2172 531 2234 est,
553 2166 618 2222 illos
639 2167 745 2234 laudat,
760 2181 794 2222 ac
812 2182 899 2238 supra
913 2170 1005 2222 multa
1061 2161 1101 2216 ris
1115 2163 1157 2218 tui
1175 2177 1315 2234 ‚magnum
1337 2165 1435 2218 lumen
1455 2163 1658 2220 consolationis
1678 2165 1727 2222 liei
1756 2169 1914 2220 venturam

157 2257 404 2324 bonaconstituit,
430 2271 483 2312 nec
498 2271 547 2311 eos
568 2255 696 2322 damnat,
718 2255 787 2326 qnia
806 2255 902 2327 ipsum
922 2255 1010 2327 poeni-
1061 2250 1154 2318 rideo,
1178 2268 1242 2307 cunr
1265 2252 1326 2324 ipse
1341 2253 1470 2308 voluerit.
1497 2255 1570 2310 lleus
1596 2259 1694 2309 autem
1715 2255 1746 2309 in
1773 2255 1915 2310 taberna·

156 2345 245 2401 tendo
270 2344 451 2399 invocabant.
477 2343 533 2409 Qui
560 2348 657 2400 autem
684 2343 714 2399 in
736 2343 823 2400 taedlo
843 2344 1008 2400 divinorum
1061 2340 1125 2394 culo
1139 2347 1190 2396 tuo
1206 2340 1283 2410 vivit,
1300 2357 1352 2397 nco
1378 2342 1470 2414 gratia
1491 2340 1553 2412 ejus
1565 2341 1596 2397 in
1610 2357 1645 2397 eo
1664 2341 1830 2398 obnubilata
1849 2349 1913 2410 est;

156 2438 337 2506 torpescunt,
352 2431 473 2488 dicunt:
491 2435 589 2488 lloncr
608 2436 675 2487 tuos
699 2432 878 2499 nosatutxu,
895 2431 1007 2503 J'ustitia
1062 2428 1138 2483 unde
1153 2432 1262 2484 stante
1287 2431 1377 2486 baum
1405 2431 1435 2484 in
1464 2429 1561 2485 anima
1589 2435 1639 2486 tua
1665 2430 1819 2486 laudabilis
1842 2431 1914 2500 aris,

157 2527 206 2578 tua
221 2538 274 2578 nos
297 2520 467 2587 vulneravit,
490 2522 645 2577 multitudo
660 2521 872 2591 scripturarum
893 2525 1007 2576 tuarum
1061 2517 1192 2589 quamvis
1218 2517 1254 2573 de
1279 2516 1332 2573 hoc
1360 2517 1485 2587 dubites,
1512 2517 1649 2590 quoniam
1671 2518 1841 2574 victoriosus
1867 2521 1916 2574 vir

75 2676 78 2685 ¹
156 2627 210 2667 nos
233 2609 391 2678 collocavit,
418 2611 596 2682 voluptatem
620 2609 726 2666 mentis
745 2615 851 2664 nostrie
878 2609 1008 2663 viriditas
1062 2606 1184 2661 Domino
1210 2621 1262 2660 suo
1290 2605 1422 2662 amabilis
1435 2611 1487 2662 est.
1503 2607 1558 2662 Sed
1581 2612 1610 2662 et
1631 2606 1782 2680 mysticum
1811 2608 1915 2663 lumen

158 2699 276 2772 spiritus
303 2699 346 2753 toi
365 2699 477 2766 evertit,
494 2705 581 2770 atque
607 2698 709 2754 effusio
727 2699 805 2754 zalus
818 2697 860 2753 lui
876 2713 927 2752 nos
945 2697 1008 2752 iati-
1060 2694 1148 2749 dicit:
1176 2696 1262 2749 Terra
1282 2710 1346 2767 quse
1368 2695 1575 2767 pinguedinem
1603 2695 1784 2768 germinandi
1811 2696 1913 2764 babel,

157 2785 246 2856 gavit,
262 2785 304 2840 ita
317 2786 395 2858 quod
408 2785 438 2841 in
453 2785 553 2843 laetitia
566 2792 594 2841 te
607 2786 748 2858 inspicere
768 2800 826 2841 non
843 2800 1006 2857 possumus,
1062 2782 1166 2838 multos
1177 2782 1286 2838 tructus
1300 2783 1418 2855 profert.
1431 2783 1484 2839 Sed
1502 2784 1602 2839 lolium
1618 2801 1650 2840 ac
1664 2789 1775 2839 cataras
1794 2785 1915 2840 inutiles

155 2889 210 2929 nec
232 2891 286 2930 nos
312 2891 447 2931 excusare
470 2876 609 2930 valemus.
635 2877 667 2930 at
693 2875 831 2930 Dominus
859 2874 924 2929 illos
939 2873 1008 2930 dicit
1061 2871 1914 2946 berbaesamultotiesbisingerunt.Sadaliquaudcquaedam

157 2963 349 3034 nequissimos
365 2978 462 3018 servos
481 2979 553 3030 esse,
568 2968 597 3016 et
616 2962 692 3034 quod
705 2963 734 3016 in
753 2960 874 3032 justitiis
887 2959 947 3015 suis
961 2960 1008 3015 ad·
1063 2959 1254 3030 temperantia
1263 2959 1411 3031 qu'usdam
1421 2959 1499 3016 venti
1511 2977 1598 3035 super
1611 2963 1685 3016 hauc
1692 2965 1798 3017 terram
1808 2977 1912 3017 ascen·

155 3051 260 3122 jutorii
282 3067 383 3106 eorum
411 3066 471 3106 non
495 3051 660 3122 indiguerit,
688 3051 795 3118 dicens,
822 3053 850 3104 et
875 3064 926 3104 cur
949 3065 1008 3104 nou
1063 3048 1113 3115 dit,
1130 3049 1212 3119 cujus
1239 3049 1281 3104 vis
1304 3049 1370 3104 tulis
1385 3053 1437 3118 est,
1456 3050 1534 3120 quod
1557 3049 1674 3107 inutiles
1691 3050 1793 3107 herbas
1807 3051 1912 3107 debili·

160 3138 331 3195 erubescant
349 3139 426 3210 quod
446 3139 541 3211 ipsum
557 3139 587 3193 in
603 3138 763 3194 temeritate
780 3138 929 3193 verborum
945 3154 1008 3192 suo·
1062 3137 1117 3192 tari
1135 3137 1246 3192 inducit
1266 3142 1405 3193 ettamen
1432 3140 1516 3194 utiles
1528 3139 1638 3195 tructus
1652 3155 1710 3195 uon
1726 3139 1812 3196 ledit.
1829 3141 1913 3196 Nunc

158 3243 225 3282 rom
239 3227 390 3296 invadunt,
406 3228 482 3282 unde
497 3230 527 3281 et
546 3226 654 3297 ligandi
669 3227 727 3282 sint
744 3231 773 3282 et
783 3225 813 3281 in
826 3241 926 3298 paenas
940 3225 1008 3282 mit·
1062 3225 1131 3281 audi
1147 3241 1154 3280 :
1170 3225 1292 3292 Quidam
1314 3226 1447 3282 homines
1472 3227 1521 3298 qoi
1550 3228 1580 3282 iu
1598 3227 1775 3300 pinguedine
1798 3233 1912 3286 naturae

95 3310 97 3315 ’
159 3315 249 3384 tendi,
267 3316 337 3372 dum
351 3316 450 3371 omnia
465 3315 533 3370 vitia
545 3332 596 3370 sua
612 3315 643 3370 iu
667 3314 830 3386 semetipsis
852 3314 1006 3370 aestimant.
1062 3329 1122 3369 suae
1138 3313 1172 3369 ad
1188 3329 1311 3388 quaeque
1332 3314 1429 3371 idonei
1445 3320 1522 3386 suut,
1544 3315 1613 3372 huic
1631 3317 1806 3389 plenitudini
1817 3318 1911 3374 scicn-

158 3403 200 3459 Tu
224 3408 330 3472 autem,
345 3420 363 3458 o
380 3403 462 3458 miles
483 3403 598 3474 Christi,
623 3403 787 3459 boecatiem
808 3402 844 3458 ad
865 3403 1007 3475 teipsum
1062 3401 1110 3457 tia
1132 3403 1265 3474 quadam
1284 3403 1398 3459 inutilia
1429 3420 1516 3476 opera
1545 3421 1597 3476 per
1624 3406 1798 3478 voluptatem
1816 3407 1912 3462 carnis

158 3492 297 3563 intellige.
316 3493 385 3547 Nam
404 3507 505 3548 servus
518 3491 568 3564 qui
594 3491 696 3559 stabat,
712 3496 740 3547 te
766 3491 919 3564 significat.
936 3493 1008 3546 Cum
1062 3491 1273 3560 intermiseram
1299 3492 1348 3547 sed
1367 3492 1527 3549 admonitio
1553 3493 1654 3566 gratim
1676 3494 1728 3549 Dei
1756 3494 1911 3567 aliquando

159 3580 283 3638 enimin
310 3581 413 3636 secolo
435 3579 526 3647 inisti,
546 3595 639 3651 pauca
660 3579 737 3635 bona
750 3579 864 3635 iecisti:
891 3579 941 3634 sed
961 3579 1009 3634 ad·
1062 3578 1113 3635 hos
1129 3585 1237 3647 monet,
1254 3585 1304 3636 aut
1321 3597 1375 3655 per
1393 3581 1596 3638 contritionem
1611 3583 1715 3638 mantis
1730 3587 1779 3639 ant
1793 3599 1844 3656 per
1856 3585 1910 3640 tri·

158 3669 280 3726 monitio
304 3669 426 3740 Spiritus
454 3669 588 3724 sanctita
611 3669 764 3737 concussit,
786 3674 815 3725 et
840 3668 877 3724 ad
896 3669 1006 3724 bonum
1061 3667 1167 3723 stitiam
1191 3668 1407 3738 imbecillitatis,
1431 3671 1589 3742 corporalis
1608 3671 1783 3727 iulirmitatis
1803 3678 1833 3728 et
1858 3690 1912 3745 per

157 3763 186 3814 te
202 3759 353 3815 convertit.
379 3759 451 3814 Cave
473 3762 570 3813 autem
597 3773 633 3813 ne
649 3758 796 3813 sedentem
811 3772 925 3812 servum
940 3756 1007 3812 imi·
1062 3755 1178 3824 similia,
1195 3761 1227 3812 ut
1253 3758 1329 3812 mala
1356 3758 1493 3825 devitent,
1519 3765 1548 3814 et
1574 3759 1649 3815 bona
1675 3775 1763 3830 opera
1792 3760 1908 3816 iaciunt.

157 3847 237 3910 teris,
264 3846 371 3902 scilicet
397 3861 434 3901 ne
458 3846 536 3901 dicas
552 3846 629 3917 quod
649 3845 681 3900 in
701 3846 802 3917 regula
816 3845 890 3900 sicut
903 3845 933 3899 in
948 3845 1008 3899 sole
1062 3845 1128 3900 llmc
1142 3845 1178 3900 ad
1205 3850 1234 3899 te
1252 3843 1391 3918 intellige.
1410 3847 1485 3902 Deus
1499 3862 1568 3919 ergo
1586 3863 1682 3904 rorem
1706 3848 1741 3904 de
1762 3848 1835 3904 coelo
1857 3848 1910 3904 tibi

157 3936 270 4003 ardeas,
287 3939 315 3990 et
329 3951 366 3990 na
381 3934 579 4005 magisterium
600 3933 683 4005 quasi
697 3933 726 3989 in
742 3934 811 3988 luna
830 3936 1005 4000 contemnas,
1061 3931 1204 4001 infundat,
1217 3939 1245 3990 et
1258 3933 1288 3990 iu
1300 3939 1440 3990 aeternum
1458 3936 1543 3992 vives.

157 4040 192 4079 ac
207 4040 243 4078 ne
263 4023 298 4078 de
324 4023 529 4078 communione
541 4022 664 4077 fratrum
677 4026 794 4077 tuorum
816 4021 929 4076 sicutin
943 4020 1008 4076 stel·
1319 4042 1484 4098 Eppsvpom
1511 4041 1646 4100 010(an

157 4109 194 4165 lis
214 4109 350 4180 tetigeris,
373 4114 460 4180 atque
492 4123 529 4164 ne
552 4107 778 4163 admonitionem
801 4107 925 4179 Spiritus
944 4123 1009 4162 san-
1208 4144 1234 4183 „
1254 4143 1472 4188 mmmm„
1495 4148 1531 4186 A„
1552 4146 1759 4188 mmmm

158 4197 198 4254 cli
217 4197 247 4253 iu
270 4196 433 4252 irrisionem
457 4195 562 4252 mentis
581 4200 640 4252 tuce
656 4195 737 4268 quasi
756 4196 786 4250 in
800 4210 867 4250 rore
887 4195 1046 4263 inducasn
1081 4215 1657 4291 Peoeampprewqmmdegea,
1671 4219 1769 4276 adm
1783 4237 1803 4276 a
1832 4221 1893 4276 Deo

158 4289 187 4341 et
212 4301 248 4340 ue
263 4284 476 4357 correptionem
491 4283 564 4339 sicut
585 4283 616 4338 in
640 4283 738 4356 pluvia
761 4283 941 4355 dedigneris;
956 4285 1006 4340 sed
1090 4299 1091 4302 ’
1348 4306 1467 4362 sperare
1492 4289 1616 4347 aoniam.

158 4375 251 4430 llaum
269 4373 301 4428 in
313 4373 388 4428 bona
403 4373 551 4428 voluntate
570 4377 600 4427 at
611 4371 747 4443 opinione
768 4388 882 4443 semper
899 4373 1008 4444 emple-
1095 4377 1269 4433 Hrnoaoaunr
1287 4383 1393 4434 sanctu
1409 4395 1441 4434 ac
1464 4379 1516 4434 Dei
1534 4379 1645 4447 amice,
1668 4395 1782 4451 sponsae
1805 4379 1911 4437 Christi

158 4467 234 4518 ctere
253 4460 495 4534 etamplectendo
510 4461 603 4517 retina
617 4465 646 4516 et
659 4460 744 4518 vives.
1061 4465 1092 4519 v,
1120 4465 1327 4522 Wessioneusis
1348 4467 1475 4524 calamus
1513 4467 1685 4537 contractus,
1708 4468 1801 4524 forma
1829 4469 1909 4537 mali,

426 4565 592 4624 epistola
610 4566 735 4624 CXlillll.
1061 4568 1126 4609 asca
1139 4553 1256 4610 diaboli.

213 4673 244 4714 a.
273 4672 398 4714 aoracar
417 4672 451 4712 oa
477 4671 545 4711 rana
566 4670 764 4712 massanensis
789 4671 901 4713 oanrsrs
919 4673 954 4712 an
1096 4641 1239 4713 Scriptum
1269 4643 1572 4701 ⁰³t²N⁰1¹h²b⁰¹²2⁰⁵
1595 4647 1773 4716 “Summis
1801 4647 1911 4718 mill*

480 4741 691 4783 nuoroannru.
1060 4734 1165 4785 rantur
1195 4731 1304 4803 lapides
1329 4731 1396 4804 (Job
1423 4735 1508 4802 xxiv).
1535 4732 1591 4790 Sed
1617 4733 1680 4803 boo,
1711 4733 1907 4806 prohdolor!

157 4818 256 4890 Ipsius
278 4833 309 4873 se
328 4814 509 4897 commendat
534 4813 891 4899 orationibus-verbaque
910 4831 1008 4872 conso·
1060 4823 1190 4889 tempore
1211 4819 1300 4875 ablati
1321 4825 1388 4876 sunt
1406 4821 1440 4877 da
1455 4821 1500 4878 via
1515 4822 1635 4894 lapides,
1653 4823 1703 4896 qni
1726 4824 1779 4879 vie
1800 4824 1909 4897 iniqui·

406 4887 512 4943 lam
526 4886 607 4942 ⁰⁶⁰⁰
622 4887 758 4959 emm·
1060 4891 1128 4964 tatis
1147 4907 1295 4964 obsistant.
1325 4909 1477 4966 Cesserunt
1502 4915 1626 4978 montes,
1654 4913 1704 4984 qui
1731 4929 1818 4985 super
1843 4929 1909 4986 pec·

193 4995 325 5051 Domine
351 5009 384 5049 ac
410 4993 497 5050 matri
528 5008 588 5049 suae
625 4994 805 5056 uranicum,
834 4991 1008 5051 beatissima
1061 5000 1157 5052 cantes
1170 4996 1291 5066 cadant;
1306 4997 1404 5068 colles,
1427 4997 1478 5070 qui
1498 4999 1635 5070 prologos
1650 4999 1755 5056 Christi
1767 5001 1907 5073 operient.

157 5083 263 5140 Christi
286 5082 382 5150 olivce,
403 5083 437 5138 Ν.
475 5084 608 5154 peccator
634 5081 668 5136 de
699 5081 783 5147 libra,
813 5080 1008 5137 Cisterciensis
1061 5084 1212 5140 Denudata
1225 5090 1293 5141 sunt
1306 5085 1385 5158 apud
1401 5086 1492 5141 Deum
1506 5087 1603 5158 turpia
1621 5087 1774 5146 hominum
1788 5090 1861 5145 lacta
1879 5091 1910 5147 in

158 5171 267 5226 ordinis
291 5171 402 5228 inutilis
426 5169 594 5239 monachus,
610 5168 734 5226 Domino
754 5167 847 5225 vivere
861 5169 893 5226 in
909 5170 1007 5226 Domi·
1061 5188 1114 5228 suo
1129 5189 1214 5229 cursu
1227 5173 1355 5230 medium
1370 5173 1427 5231 iter
1440 5174 1585 5245 habentia,
1603 5177 1752 5250 nulloque.
1766 5180 1911 5236 mediante

1 5236 2 5273 ³
88 5307 95 5321 .
157 5273 254 5332 noque
267 5260 352 5318 mori.
1061 5261 1193 5319 certatim
1222 5261 1254 5318 in
1269 5261 1395 5336 lapidem
1418 5263 1581 5320 offensionis
1595 5269 1624 5320 at
1643 5269 1754 5338 petram
1784 5269 1911 5325 scandali

193 5349 296 5404 Noscat
317 5346 431 5405 dilectio
461 5351 555 5404 vestra
569 5345 648 5420 quod
662 5344 729 5402 ideo
746 5347 885 5418 panculas
897 5347 1008 5404 litteras
1062 5348 1238 5421 impingunt.
1255 5351 1294 5408 Er
1309 5349 1414 5423 quibus
1428 5356 1457 5408 et
1468 5353 1499 5409 in
1518 5353 1632 5426 quibus,
1647 5355 1688 5410 mi
1713 5355 1841 5425 domina,
1856 5373 1910 5430 ego

158 5435 239 5496 robis
260 5437 326 5494 misi
348 5437 417 5512 quia
442 5436 586 5494 muctitati
610 5441 711 5493 vestrae
734 5435 805 5492 satis
821 5435 911 5510 digna
923 5452 1010 5494 eroo-
1062 5437 1372 5512 desperatosquctidie
1398 5440 1466 5498 huic
1478 5441 1643 5516 impingens
1657 5447 1747 5516 petrae
1769 5445 1911 5504 contritos
