3984 6034
88 202 146 252 {ioli
718 195 862 253 sntt‘lAS.
880 225 916 238 -
929 197 993 252 llll.
1016 195 1051 264 ll,
1072 196 1162 250 vls'lu
1184 195 1225 250 vl.
1794 197 1846 252 506

88 338 185 393 ctiam
208 338 245 392 ad
268 334 499 408 cognoscendum
521 349 586 389 enm
616 332 756 405 insipiens
782 331 847 388 fuit.
870 333 945 398 Quo·
963 333 1191 388 dmonstratum
1205 336 1247 388 est
1266 330 1301 386 iis
1313 331 1364 404 qui
1392 347 1441 387 ros
1463 331 1493 386 iu
1523 331 1694 406 antiquitate
1721 349 1846 406 praeees-

87 425 290 490 rnodolQuia
308 440 407 478 verum
425 422 514 478 Mum
535 437 588 476 nec
610 421 682 477 scire
709 438 762 477 neo
781 422 943 493 inlelligere
995 427 1105 486 serunt,
1125 436 1158 476 ue
1172 420 1333 476 dividerent
1355 419 1384 474 in
1407 419 1526 476 bomine
1557 422 1634 492 quod
1663 422 1760 477 divina
1788 422 1845 478 dis·
1941 491 1944 498 Δ

87 513 197 579 voluit,
216 528 282 568 cum
311 512 343 567 in
365 511 506 566 obdurato
532 526 619 564 sensu
645 510 772 565 dicebat:
799 508 873 574 Quid
899 513 943 564 est
994 509 1140 581 positione
1157 509 1187 564 in
1213 509 1262 562 illo
1291 508 1476 578 conjunctum
1492 513 1544 564 est.
1572 509 1646 575 Quid
1677 509 1749 566 hoc?
1773 511 1846 577 Quia

87 601 192 656 Deus?
215 602 291 656 deus
311 615 372 655 uon
396 603 449 653 esl.
472 599 505 653 lit
523 597 721 670 quidvelego
743 596 942 654 sumtusscio
995 597 1126 670 quidda
1151 597 1263 669 lignum
1284 597 1409 651 scientia»
1438 596 1506 651 boni
1535 602 1563 652 et
1592 599 1659 652 mali
1687 597 1843 666 interdixit,

87 687 165 760 qnid
189 704 264 743 som.
292 687 347 755 Qui
379 688 441 742 haec
463 686 532 740 elicit
556 684 695 756 iusipiens
722 690 775 752 est,
803 685 941 757 quoniam
995 683 1571 758 diceos21nquocnmquediecomederis
1587 701 1671 756 eaeo,
1688 690 1845 742 mortemo-

88 791 192 828 veram
205 774 377 846 sapientiam
392 789 451 845 qua
471 774 545 828 licus
559 773 742 845 cognoscitur
755 788 814 831 non
843 771 938 827 babel.
994 773 1219 844 riertaffiemrr)
1238 774 1287 828 llic
1316 773 1403 828 etiam
1430 789 1483 844 per
1512 774 1627 845 ldoyscn
1655 775 1754 845 generi
1782 777 1844 846 ejus

88 863 150 918 Sed
176 861 308 934 quisqnis
337 863 428 917 Deum
463 861 493 915 in
523 866 662 932 potestate
697 877 750 917 sua
773 865 942 932 regnantem
994 864 1107 918 loontns
1130 868 1187 918 est:
1219 862 1287 918 Non
1313 860 1432 928 occides,
1456 879 1508 918 nee
1529 862 1678 934 dissipabis
1705 863 1781 934 qnod
1809 863 1844 918 ad

87 967 151 1006 non
167 951 233 1007 ticte
259 951 404 1022 cognovit,
438 950 613 1020 bicsapians
640 953 693 1016 est,
721 949 853 1021 quamvis
871 965 941 1021 pec·
995 952 1152 1023 imaginem
1166 951 1336 1006 bellantum
1364 955 1416 1006 est.
1434 951 1488 1006 Sed
1513 949 1587 1004 sicul
1611 951 1700 1006 Adam
1717 967 1844 1023 praecep-

86 1044 173 1094 cator
192 1040 238 1094 sit.
267 1038 349 1094 Unde
374 1037 505 1111 quisquis
534 1038 587 1094 hoc
607 1040 696 1094 lirum
720 1039 750 1092 in
780 1039 865 1094 corde
889 1054 941 1092 sno
995 1046 1056 1094 tum
1081 1044 1277 1110 transgressus
1307 1039 1364 1092 vita
1392 1039 1492 1093 salutis
1521 1039 1709 1111 semetipsum
1739 1043 1768 1094 el
1795 1057 1843 1110 ge-

87 1126 309 1193 babet,del)ei
337 1125 532 1182 misericordia
560 1127 704 1198 desperat,
732 1126 848 1182 dieens:
868 1127 941 1181 lleus
995 1145 1050 1183 nus
1071 1143 1155 1182 suum
1185 1126 1318 1198 privavit,
1346 1127 1384 1182 ita
1413 1128 1499 1182 etiam
1528 1129 1616 1183 horno
1640 1128 1689 1200 qni
1705 1129 1844 1182 lecturam

87 1213 167 1268 nihil
182 1219 236 1281 est,
256 1213 335 1268 bunc
365 1213 471 1279 nescio,
494 1213 556 1282 jam
584 1229 630 1268 me
655 1211 785 1278 nescirit,
812 1217 841 1266 et
865 1213 942 1267 bonc
996 1217 1046 1272 llei
1075 1217 1105 1272 in
1127 1216 1245 1272 bomine
1275 1215 1406 1282 destruit,
1436 1215 1536 1270 lideles
1574 1217 1774 1287 generationes
1802 1231 1844 1270 sa·

88 1318 182 1373 nego,
206 1301 345 1374 qnoniam
359 1317 407 1356 me
427 1301 552 1370 negarit.
576 1302 610 1355 Et
631 1301 697 1356 ideo
723 1301 772 1355 ille
793 1300 828 1357 ad
854 1300 940 1355 eitam
994 1305 1131 1361 lutarium
1173 1320 1294 1375 operum
1321 1304 1356 1358 ab
1399 1303 1495 1359 anima
1523 1311 1553 1359 et
1578 1321 1595 1359 a
1624 1320 1744 1376 corpore
1788 1320 1840 1358 suo

87 1407 150 1446 non
176 1396 316 1462 resurget,
338 1405 391 1445 nec
413 1390 504 1444 ullam
531 1391 668 1460 gandium
696 1389 802 1444 babere
835 1394 939 1458 potest,
995 1394 1148 1448 abscindit.
1174 1393 1212 1447 Er
1232 1391 1387 1448 bocetiam
1415 1408 1498 1448 reum
1522 1393 1669 1464 judicialis
1691 1392 1842 1448 sententiae

87 1478 160 1550 qnia
185 1495 286 1534 onrnes
323 1484 460 1534 creaturae
489 1495 556 1534 eum
592 1478 762 1545 destituunt,
803 1477 940 1550 quoniam
994 1482 1157 1544 selectam,
1174 1482 1205 1537 in
1234 1481 1365 1536 exsilium
1395 1481 1518 1536 miserias
1546 1481 1632 1536 vadit.
1658 1483 1843 1553 Quapropter

86 1570 254 1623 Creatorem
271 1583 371 1623 aarum
386 1566 544 1637 pronihilo
572 1567 683 1622 habuit.
699 1567 755 1622 Sed
782 1567 939 1639 atillequi
992 1571 1040 1625 ille
1069 1571 1119 1642 qui
1146 1576 1204 1626 tam
1218 1571 1366 1626 crudelem
1393 1569 1604 1640 separationem
1648 1571 1678 1625 iu
1711 1569 1842 1624 bomine·

86 1655 264 1726 depereatis
286 1655 554 1726 snisdesperabila
577 1656 719 1727 quiaprar
740 1655 940 1727 magnitudine
959 1630 1102 1727 Btrecerit,
1133 1675 1169 1714 en
1197 1659 1301 1715 mullas
1325 1659 1499 1714 calamitates
1532 1675 1561 1713 se
1585 1658 1685 1726 mittit,
1710 1656 1844 1713 videlicet

87 1743 228 1815 ponderis
243 1759 342 1799 eornm
358 1760 389 1798 se
402 1759 486 1815 posse
505 1743 608 1799 salvari
622 1759 681 1799 nou
706 1744 807 1809 credit,
835 1745 937 1799 inlide-
993 1747 1047 1803 boc
1061 1763 1196 1820 separans
1225 1747 1303 1820 quud
1327 1762 1423 1802 meum
1439 1753 1491 1815 est,
1516 1745 1585 1819 quia
1609 1761 1713 1815 corpus
1729 1750 1758 1798 et
1780 1743 1842 1800 ani-

88 1833 123 1887 lis
139 1839 195 1902 est,
217 1836 246 1887 et
274 1833 340 1888 ideo
371 1827 520 1889 ad'vitam
550 1849 609 1888 non
631 1834 770 1904 pervenit,
800 1833 869 1906 quia
898 1834 940 1889 illi
995 1852 1072 1892 ruant
1088 1836 1173 1892 simul
1196 1834 1224 1890 in
1251 1835 1366 1892 bomine
1394 1835 1539 1906 conjunxi.
1568 1835 1603 1890 Et
1633 1832 1697 1905 quis
1729 1837 1772 1888 est
1795 1832 1843 1888 ille

88 1921 243 1991 quiritans
271 1921 406 1976 omnibus
429 1921 479 1977 dat
492 1921 672 1978 contradicit.
688 1921 771 1987 Quod
787 1923 809 1976 si
826 1922 891 1994 quis
905 1939 940 1978 ex
994 1926 1046 1996 qui
1060 1925 1121 1980 baec
1135 1924 1240 1980 audeat
1253 1924 1407 1994 seperare?
1420 1923 1455 1978 Et
1469 1939 1534 1977 cum
1550 1922 1598 1977 ille
1614 1921 1645 1976 iu
1660 1921 1750 1976 mullo
1774 1937 1843 1992 gra·

89 2008 136 2064 his
152 2009 289 2065 omnibus
306 2011 479 2082 paenitentia
507 2011 620 2078 duetus,
646 2010 939 2083 mereraciterquas·
995 2014 1097 2068 vedius
1125 2011 1234 2084 peccati
1261 2012 1299 2066 sil
1326 2010 1375 2083 qui
1412 2010 1502 2066 alium
1529 2011 1641 2077 oceidit,
1674 2009 1742 2081 qnid
1775 2016 1843 2065 tunc

88 2097 181 2165 sicrit,
197 2114 244 2153 me
269 2098 407 2165 inveniet,
431 2098 569 2171 quoniam
596 2099 743 2154 neminem
768 2095 939 2171 abjicio'qni
994 2100 1179 2173 isteeritqui
1199 2101 1325 2171 seipsum
1350 2099 1381 2154 in
1411 2105 1533 2154 mortem
1560 2098 1713 2154 tradrt‘lel
1736 2097 1789 2152 boo
1813 2097 1843 2152 in

86 2200 166 2256 puro
179 2186 266 2242 corda
279 2187 402 2242 recurrit
416 2187 452 2243 od
470 2203 526 2242 me.
992 2190 1139 2261 pulverera
1156 2188 1243 2244 mittit
1258 2203 1324 2242 oum
1335 2203 1392 2260 quo
1410 2187 1510 2243 debuit
1523 2185 1643 2241 crimina
1660 2203 1711 2240 sira
1720 2185 1841 2240 diluere.

123 2274 154 2329 Si
174 2280 273 2330 antem
299 2276 665 2349 nigerrimaetempestotes
694 2276 780 2348 bnjns
804 2277 938 2347 blasphe-
995 2280 1068 2334 Nam
1097 2277 1147 2349 qui
1178 2294 1207 2332 se
1237 2277 1332 2348 ipsum
1366 2276 1501 2332 occiderit
1530 2275 1675 2346 perditum
1702 2274 1839 2346 angelum

87 2364 158 2418 miae
181 2367 211 2418 et
237 2364 447 2435 desperationis
480 2380 569 2437 snper
594 2366 762 2436 quempiam
789 2364 937 2420 hominem
993 2367 1133 2433 imitator,
1151 2365 1201 2436 qui
1227 2365 1337 2436 primus
1365 2364 1551 2435 iniquitatem
1579 2363 1729 2418 inveniens
1752 2377 1782 2416 sa
1796 2362 1840 2432 ip·

87 2452 255 2518 ceciderint,
278 2453 595 2525 etipsenecincorde
625 2469 678 2509 suo
701 2471 754 2510 nec
778 2455 807 2508 iu
837 2455 937 2509 volun·
994 2471 1058 2509 sum
1072 2454 1101 2508 in
1115 2453 1306 2526 perditionem
1336 2451 1456 2508 tradidit
1473 2455 1546 2506 etse
1576 2452 1671 2522 ipsum
1701 2451 1840 2505 inmorlu

87 2544 147 2594 tate
160 2557 223 2609 sua,
243 2557 295 2596 nec
308 2541 339 2596 in
351 2558 454 2613 sapore
468 2541 595 2613 perversi
619 2549 720 2615 gnstns
748 2543 790 2597 ais
816 2559 938 2598 consen·
994 2542 1107 2598 occidit.
1125 2541 1295 2608 Quomodo?
1324 2540 1465 2607 Quoniam
1495 2543 1554 2596 lieo
1580 2540 1698 2606 invidil;
1722 2539 1772 2611 qui
1788 2554 1841 2594 nec

87 2628 168 2694 serit,
190 2633 241 2685 sed
260 2630 293 2686 in
316 2631 370 2685 hoc
396 2631 552 2686 cartamine
578 2631 660 2686 valde
688 2632 842 2697 cruciator,
870 2635 938 2686 tuno
993 2636 1088 2686 ortum
1105 2628 1216 2696 lubuit,
1233 2644 1286 2683 nee
1308 2627 1395 2684 linem
1416 2628 1546 2700 accipiet,
1563 2627 1656 2699 etqui
1682 2627 1779 2682 omnia
1795 2642 1839 2680 re·

88 2717 158 2772 siin
186 2719 288 2774 eodem
315 2734 408 2790 agone
435 2720 549 2774 fortiter
582 2735 747 2792 repugnans
775 2736 938 2792 persevera·
992 2718 1036 2790 git
1051 2733 1116 2789 qua
1134 2717 1247 2772 incoelo
1262 2722 1291 2770 et
1305 2716 1334 2770 in
1349 2721 1425 2772 terra
1450 2721 1526 2772 sont.
1557 2718 1589 2772 lit
1604 2715 1677 2770 sicut
1698 2715 1839 2786 superbus

87 2805 173 2872 verit,
187 2806 272 2860 citius
295 2805 322 2860 ei
339 2806 486 2862 subvenio.
504 2808 538 2863 m
554 2813 673 2880 propter
699 2809 751 2863 lras
765 2807 934 2879 gravedines
992 2807 1041 2862 ille
1069 2805 1201 2862 diabolus
1223 2806 1315 2860 noluit
1344 2805 1472 2877 aspicere
1490 2805 1519 2858 in
1536 2819 1661 2860 mecum
1689 2819 1718 2857 se
1745 2804 1839 2876 ipsum
1943 2837 1945 2845 ι

89 2910 148 2950 non
173 2894 295 2964 dubitet,
321 2895 388 2967 quin
412 2902 512 2952 contra
537 2897 677 2952 maximas
704 2898 842 2969 procellas
869 2911 936 2952 enm
955 2895 1021 2961 cin
1055 2895 1243 2967 perditionem
1264 2893 1376 2964 dejecit,
1400 2894 1439 2950 sic
1468 2910 1521 2950 neo
1545 2895 1570 2949 is
1585 2895 1672 2950 homo
1697 2909 1743 2948 me
1767 2893 1838 2948 scire

88 2983 278 3038 fortissimum
296 2989 488 3057 pugnatorem
518 2984 592 3052 diem
618 2991 726 3041 eteum
747 2985 932 3056 relocinsJ'u·
987 2984 1188 3056 digneturqui
1209 3000 1238 3038 se
1255 2983 1350 3055 ipsum
1374 2982 1513 3038 violenter
1544 2981 1695 3048 discindil;
1720 2981 1839 3037 undeet

88 3073 162 3126 rabo
197 3076 285 3143 atque
316 3087 384 3128 eum
411 3073 442 3127 iu
474 3073 599 3128 amicum
635 3072 757 3141 habebo,
795 3075 931 3145 qrsouiam
987 3074 1017 3128 in
1032 3079 1154 3128 mortem
1169 3071 1255 3141 cadit,
1269 3071 1342 3127 sicut
1366 3078 1395 3126 et
1422 3072 1470 3127 ille
1499 3087 1564 3128 cunr
1594 3071 1781 3140 semetipsum
1808 3070 1838 3124 in

88 3165 207 3232 propter
235 3176 365 3216 amorem
387 3177 486 3216 meum
511 3166 604 3216 tantas
617 3161 801 3217 adversitates
818 3163 933 3233 palian—
987 3161 1177 3233 perditionem
1192 3161 1392 3232 praecipitarit.
1415 3161 1486 3216 Nam
1501 3165 1658 3231 antequam
1680 3163 1836 3224 corrueret,

88 3254 132 3303 lcr
149 3247 294 3304 sustineus
307 3249 445 3306 nobiliter
467 3248 623 3321 superarit.
648 3249 704 3304 Sed
728 3254 758 3304 el
785 3249 859 3304 sicut
885 3250 932 3306 ille
986 3249 1170 3324 iniquitatem
1194 3266 1276 3304 suam
1303 3265 1388 3320 super
1416 3265 1527 3322 pennas
1554 3253 1705 3304 ventorum
1729 3247 1838 3301 elevare

88 3336 139 3408 qni
152 3353 200 3392 rna
218 3352 319 3392 aarum
333 3339 426 3393 ileum
445 3336 636 3404 nullomodo,
667 3337 795 3393 ullalide
821 3343 933 3410 autspe
985 3340 1086 3408 voluit,
1107 3339 1232 3411 etquasi
1252 3340 1366 3394 volatile
1395 3339 1472 3411 quod
1500 3339 1530 3392 in
1556 3353 1623 3393 aere
1647 3336 1789 3400 notatam
1808 3334 1837 3389 in

88 3425 118 3478 in
127 3426 212 3479 corda
233 3441 285 3480 sno
299 3426 361 3480 vult
381 3426 464 3490 scire,
490 3425 526 3481 ad
551 3426 638 3481 vitam
667 3440 727 3480 uon
750 3427 885 3498 remugit,
902 3432 934 3483 ut
986 3429 1147 3485 coelestibus
1182 3427 1276 3483 volare
1302 3427 1430 3482 tentavit.
1466 3429 1545 3482 Unde
1572 3432 1601 3481 et
1628 3425 1658 3480 in
1689 3426 1743 3481 lrao
1766 3439 1838 3494 prse-

87 3513 194 3568 dietum
210 3520 264 3581 esl,
289 3514 328 3568 ila
355 3529 408 3570 nec
436 3514 484 3569 ille
503 3513 553 3585 qni
577 3530 606 3568 se
630 3515 724 3585 ipsum
752 3513 782 3568 in
812 3520 932 3568 mortem
986 3517 1160 3589 sumptione,
1189 3515 1374 3586 semetipsum
1396 3533 1411 3569 a
1434 3514 1615 3570 beatitudine
1658 3513 1691 3569 in'
1708 3511 1837 3568 infelici-

88 3601 217 3673 corporis
239 3602 285 3657 sui
312 3603 546 3674 praecipitaverit,
576 3602 644 3674 quia
670 3601 883 3673 separationem
902 3601 933 3655 il·
987 3613 1075 3662 tatem
1099 3605 1211 3676 dejecit.
1242 3604 1297 3660 Sed
1325 3620 1378 3676 ego
1407 3604 1441 3660 de
1483 3608 1560 3657 terra
1592 3601 1713 3657 formavi
1741 3600 1837 3655 homi·

87 3691 144 3746 lam
169 3707 257 3763 quam
271 3691 438 3748 hominibus
464 3691 599 3748 constitui
620 3707 679 3746 non
705 3695 868 3762 exspectat;
883 3690 932 3744 sed
987 3711 1064 3755 nem.
1086 3699 1117 3748 ut
1132 3692 1167 3747 ab
1189 3691 1375 3748 inferioribus
1397 3691 1431 3746 ad
1453 3691 1602 3762 superiora
1620 3689 1834 3752 conscenderet,

87 3796 116 3834 se
131 3781 228 3851 ipsam
242 3779 436 3851 sinenllaepe
455 3779 658 3834 misericordiae
687 3778 833 3834 discindit.
854 3779 933 3833 Unda
986 3787 1016 3837 et
1031 3786 1062 3836 ut
1072 3780 1236 3852 incipiendo
1258 3787 1287 3835 et
1301 3779 1475 3852 perficiendo
1498 3779 1574 3834 boua
1600 3793 1697 3848 opera,
1723 3792 1836 3831 sursum

88 3867 160 3921 etin
175 3867 367 3938 perditionem
384 3866 474 3935 cadit,
503 3867 642 3939 qnoniam
668 3867 722 3922 boc
747 3864 852 3921 occidit
866 3883 931 3921 cunr
987 3871 1137 3943 praeclaras
1153 3868 1273 3925 virtutos
1298 3869 1334 3924 ad
1355 3869 1445 3923 ardna
1469 3867 1632 3923 aedilicnret.
1656 3866 1836 3937 Quapropter

87 3973 144 4028 quo
159 3956 297 4027 paenitere
312 3956 422 4012 debuit.
448 3957 519 4011 Nam
535 3955 585 4028 qui
596 3955 668 4011 illud
683 3957 719 4010 ab
746 3954 861 4010 homine
885 3971 931 4009 se·
987 3965 1017 4015 et
1030 3960 1117 4014 lromo
1132 3957 1181 4030 qni
1196 3963 1224 4013 et
1239 3973 1343 4029 corpus
1356 3965 1387 4012 el
1401 3955 1527 4012 animam
1556 3956 1651 4024 habet,
1675 3969 1739 4009 cnm
1760 3953 1837 4008 bona

87 4049 168 4114 paral
182 4044 259 4115 qood
273 4045 304 4100 in
319 4043 437 4100 homine
452 4043 547 4115 posui,
572 4059 678 4115 magno
699 4043 789 4098 reatui
818 4060 847 4097 se
867 4043 933 4099 sub·
986 4047 1100 4119 operari
1127 4051 1229 4118 potest,
1247 4053 1354 4102 etcum
1370 4045 1510 4118 poenitere
1534 4044 1619 4112 valet,
1648 4043 1835 4114 semelipsnm

88 4132 136 4197 dil,
153 4132 398 4202 qrremadmodum
421 4131 451 4187 in
476 4132 635 4203 Evangelio
664 4131 752 4187 Filius
780 4148 861 4186 meus
886 4149 931 4186 os·
988 4151 1048 4190 non
1073 4134 1194 4202 occidat,
1222 4139 1371 4207 nepostea
1397 4135 1492 4190 locum
1524 4133 1606 4188 illum
1630 4131 1759 4204 recipiat,
1786 4130 1836 4184 nbi

87 4219 321 4288 tendit,dicens:
338 4218 471 4276 Audmlir
495 4219 565 4293 quic
582 4220 691 4276 dictum
716 4223 759 4275 esl
786 4219 931 4292 antiquis:
950 4205 1040 4280 1inec
1057 4241 1130 4295 opus
1155 4239 1206 4278 nec
1233 4223 1431 4297 paenitentiam
1461 4223 1566 4278 habere
1590 4225 1691 4295 potest,
1716 4220 1790 4275 sicut
1809 4223 1837 4274 et

87 4307 358 4375 Νθηθθάᾶθὸῗθϋὶ
371 4311 470 4364 “ulem
496 4306 633 4364 metuerit
655 4307 929 4380 rewerisjudicio.
986 4313 1264 4385 diabolusquidum
1295 4314 1481 4384 semetipsum
1500 4311 1650 4376 occideret,
1672 4311 1702 4364 in
1728 4315 1836 4364 tartara

89 4396 201 4466 (Malli-
219 4399 257 4466 v.)
284 4396 358 4462 Quid
382 4397 516 4453 esibile?
532 4398 649 4469 Eosqssi
676 4397 778 4470 podem
806 4404 931 4453 vestrum
985 4403 1115 4474 dejectus
1135 4408 1176 4458 est
1215 4403 1269 4458 Sed
1293 4403 1344 4474 qui
1372 4401 1559 4474 vigilantibus
1586 4401 1677 4456 oculis
1704 4399 1781 4455 videt
1808 4405 1837 4452 ct

89 4500 173 4556 super
200 4485 422 4542 tundamentum
446 4491 535 4558 petrae
566 4501 674 4558 ponere
710 4486 806 4554 vullis,
836 4490 932 4541 notate
986 4492 1102 4546 attentis
1134 4491 1253 4547 auribus
1290 4490 1381 4557 audit,
1414 4491 1460 4546 bic
1492 4489 1620 4561 mysticis
1643 4487 1736 4542 verbis
1763 4485 1835 4540 meis

88 4574 223 4645 quoniam
238 4589 290 4645 per
303 4589 407 4629 sonum
418 4573 499 4629 illurn
511 4575 561 4647 qui
574 4575 609 4630 de
636 4574 730 4630 radice
755 4575 932 4629 rationalita·
986 4580 1115 4634 osoulum
1145 4579 1334 4650 amplexionis
1362 4579 1489 4650 praebeat
1510 4593 1575 4650 quse
1598 4577 1632 4631 de
1657 4591 1702 4630 mo
1723 4573 1834 4628 vivente

86 4662 191 4726 lisexit
214 4663 389 4735 percepistis,
408 4663 476 4735 qoia
504 4663 534 4719 in
558 4664 650 4718 verbis
682 4664 838 4734 Scriptura
866 4680 930 4736 «puae
986 4673 1134 4723 emanant.

89 4766 203 4806 sensnm
224 4751 307 4806 illum
332 4752 418 4807 habet
447 4769 535 4825 quem
565 4751 674 4824 digitus
703 4751 754 4808 liei
780 4751 860 4807 dedit
883 4752 932 4808 de-

774 5010 927 5086 VlSIO
967 5011 1151 5087 SEXTA.

86 5167 278 5246 Sensimus.
298 5197 331 5206 -
349 5169 392 5222 De
404 5168 562 5223 namabili
578 5175 760 5226 cenomanie
772 5169 900 5239 corporis
912 5168 1027 5228 Christi.
1043 5171 1124 5237 Quod
1136 5173 1267 5230 Ecclesia
1285 5172 1402 5231 Christo
1422 5173 1453 5227 iu
1466 5171 1605 5242 passione
1621 5172 1793 5241 conjuncta
1807 5175 1836 5228 el

116 5253 256 5308 smigmata
270 5239 331 5308 ejus
345 5237 486 5320 ‘decorata
510 5243 563 5302 est,
584 5243 613 5293 et
635 5239 759 5295 salvatio
773 5240 938 5295 animorum
957 5245 1058 5296 coortu
1076 5246 1128 5298 est.
1145 5243 1222 5308 Quod
1243 5247 1313 5298 lteris
1332 5245 1423 5298 Pater
1446 5243 1477 5297 in
1501 5241 1665 5298 ircmililnte
1690 5241 1760 5298 Filii
1779 5242 1829 5300 sui

118 5311 441 5382 nrpeolemontsquum
451 5310 529 5377 eicit,
545 5327 603 5365 non
616 5311 650 5367 in
664 5315 817 5382 potestme.
842 5313 936 5367 Verbo
951 5313 1121 5370 Psalmisla.
1138 5315 1216 5381 Quod
1236 5313 1363 5372 Ecclesia
1380 5330 1519 5382 mercaris,
1534 5313 1625 5370 dotem
1639 5329 1724 5368 mum
1738 5315 1835 5370 desole

122 5379 181 5433 Deo
200 5394 300 5435 eornm
319 5380 433 5461 nopotis
452 5381 550 5452 offert:
565 5385 593 5436 el
608 5381 793 5454 prosmrdilos
809 5386 1056 5438 sacramentorum
1076 5383 1188 5457 Spiritu
1217 5389 1318 5441 eorwlo
1340 5385 1503 5456 inspirante
1528 5383 1720 5455 manifestato
1738 5389 1790 5452 eal,
1807 5388 1835 5439 cl

121 5448 281 5506 diuidundo
299 5467 375 5507 orm.
392 5453 473 5517 Quod
496 5453 644 5508 sacerdote
666 5453 705 5508 od
727 5452 823 5508 dicre
844 5452 885 5510 od
908 5452 1121 5511 imrnolnndum
1145 5457 1307 5523 accedente,
1337 5471 1446 5528 rnuguo
1461 5455 1580 5512 claritas
1607 5472 1673 5512 cum
1696 5455 1834 5528 mysterio
