3984 6034
179 215 232 267 603
905 210 931 264 S.
952 207 1200 266 armamenta.
1877 214 1926 268 aot

179 344 292 400 tantum
314 357 343 398 m
367 340 510 398 exteriore
538 356 608 398 sono
638 339 791 398 verborum
813 355 931 396 suorum
947 356 1022 413 proe-
1042 341 1246 398 hlaseoundo
1261 356 1327 398 vero
1355 340 1461 410 llosen,
1490 341 1628 415 quoniam
1655 341 1759 400 deinde
1787 343 1928 418 plantatio

179 430 387 486 monstrabant.
1077 429 1199 486 surrexit
1213 429 1399 503 inspiratione
1432 431 1483 487 liei
1505 433 1535 487 in
1561 432 1643 488 initio
1671 432 1746 488 datm
1775 434 1846 504 legis
1870 449 1924 506 per

212 518 261 572 Est
295 531 411 590 quoque
443 516 523 571 vaide
565 515 701 572 terribilis
728 519 856 587 aspectu,
884 515 1023 587 quoniam
1075 519 1168 589 ipsum
1183 520 1633 592 Maeoniapraefigurationel'itii
1661 520 1812 591 Altissimi,
1841 527 1872 576 et
1897 523 1929 576 iu

174 606 286 676 justitia
300 605 331 660 in
345 605 432 660 verbo
454 605 505 660 llei
531 604 685 660 metuenda
714 610 755 658 est
779 606 914 659 humanus
931 604 1023 658 scien·
1078 607 1161 663 tertio
1175 608 1272 674 iosue,
1295 607 1363 679 quia
1380 607 1442 680 ipse
1461 610 1644 682 postmodum
1672 609 1773 666 habuit
1792 608 1930 681 spiritum

177 695 226 750 tiae
240 694 271 750 iu
285 694 375 766 impio
386 693 495 766 judicio
510 694 684 765 injustorum
699 733 702 736 .
711 692 841 763 judicum
865 692 1022 747 secuudum
1078 696 1183 751 banca
1200 697 1268 766 lico,
1278 700 1310 752 ut
1325 697 1564 754 consuetudinem
1593 697 1664 767 legis
1690 699 1742 754 Dei
1767 697 1928 754 confirma-

177 809 207 846 se
225 790 301 865 ipsos
321 791 503 864 solummodo
521 790 723 861 judicantium.
747 791 845 844 Tantas
869 793 912 844 est
935 789 1023 844 'etiam
1078 787 1120 837 rel
1148 783 1338 840 robustiorem
1361 783 1391 839 in
1425 791 1568 857 praecepto
1605 785 1712 842 divino.
1747 789 1786 843 dc
1822 787 1929 842 deinde

178 879 385 952 magnitudinis
400 894 433 935 ac
448 879 618 947 altitudinis,
634 884 842 933 ulmensuram
862 879 924 948 ejus
943 878 1023 933 nullo
1076 871 1155 928 vides
1169 871 1295 944 reliquos
1316 872 1491 944 patriarchas
1509 877 1538 928 et
1561 875 1717 946 prophotas
1740 872 1782 929 ita
1811 891 1926 930 sursum

178 967 262 1023 modo
278 967 439 1022 discernere
454 966 554 1038 possis,
571 966 638 1038 qnia
656 966 750 1037 ipsum
781 965 905 1020 Verbum
935 965 1023 1020 Filios
1078 960 1381 1034 aiugulosinsingulis
1403 962 1492 1017 remis
1521 963 1927 1033 ordinatosedentes,{socun·

177 1053 727 1126 scilicetliciiumagnitudinegloriac
748 1070 818 1120 sure,
835 1053 1023 1108 etinaltitu-
1077 1049 1145 1103 dum
1161 1053 1346 1121 tempusque
1369 1049 1399 1104 in
1428 1049 1481 1104 hoc
1510 1051 1614 1106 sacculo
1639 1049 1694 1106 sihi
1715 1049 1836 1105 invicem
1865 1065 1927 1104 suc-

178 1143 243 1200 dine
263 1143 419 1199 divinitatis
445 1159 504 1198 sum
527 1158 628 1198 omncs
656 1148 799 1196 creaturas
825 1141 1025 1213 superexcellit
1077 1143 1233 1204 cesserunt,
1273 1139 1411 1210 quoniam
1445 1137 1476 1193 iu
1507 1154 1624 1210 unoque
1659 1143 1794 1210 tompore·
1825 1139 1926 1193 subse-

176 1233 208 1288 iu
221 1238 342 1304 paterna
360 1232 520 1303 maJestate,
537 1231 577 1286 ita
593 1235 625 1285 ut
638 1232 691 1286 hoc
704 1231 801 1286 nullus
822 1230 972 1286 hominum
992 1231 1023 1285 in
1078 1228 1229 1298 quantiam
1257 1227 1484 1298 patriarcharum
1505 1231 1534 1282 et
1556 1229 1765 1299 prophatarum
1776 1227 1928 1298 inspiravit

177 1321 358 1394 corruptibili
380 1338 466 1377 carue
487 1321 515 1376 id
539 1321 573 1376 ad
599 1322 758 1393 perlectum
782 1321 871 1392 possit
892 1320 1022 1376 conside·
1079 1317 1152 1371 licus
1171 1317 1295 1387 desuper
1306 1316 1342 1371 ad
1367 1316 1546 1372 altitudinem
1569 1320 1781 1388 preceptorum
1806 1331 1927 1372 snorum

177 1427 251 1471 mre,
1077 1405 1302 1477 unimcujusque
1318 1405 1461 1476 singulare
1472 1421 1601 1476 germen,
1616 1421 1681 1460 cum
1696 1405 1752 1477 ipsi
1767 1405 1796 1460 in
1822 1405 1927 1461 diebus

212 1499 291 1565 Quod
316 1504 414 1554 autem
436 1499 536 1553 cadom
560 1497 694 1553 columna
713 1501 770 1552 tres
792 1498 914 1570 angulos
937 1498 1024 1553 hahet
1076 1494 1134 1548 suis
1159 1494 1296 1564 disposite
1316 1498 1344 1548 et
1372 1493 1502 1548 ordinate
1531 1492 1561 1549 in
1585 1497 1699 1549 ostensa
1737 1491 1928 1566 sibiljustitia

177 1586 211 1642 alr
226 1586 285 1642 imo
295 1602 387 1658 usque
402 1587 435 1641 ad
446 1601 591 1641 summum
615 1585 706 1640 instar
726 1584 814 1656 gladii
831 1590 939 1651 acutos,
968 1585 1023 1640 hoc
1077 1582 1271 1655 quiescebant,
1296 1581 1401 1637 diuinae
1425 1581 1566 1653 nrajestati
1594 1581 1718 1638 fideliter
1739 1582 1869 1654 subjecti,
1895 1587 1928 1638 ut

176 1680 219 1731 est
239 1676 316 1748 quod
337 1674 478 1731 circuiens
495 1679 524 1729 et
547 1673 681 1729 volubilis
704 1674 734 1729 in
761 1672 854 1744 gratia
882 1672 1021 1728 tortitudo
1042 1644 1106 1727 Bia
1121 1672 1298 1744 temporibus
1313 1670 1528 1726 suisreniontes
1543 1675 1635 1726 erant.

178 1761 259 1818 Verbi
281 1762 331 1817 Dei
367 1778 455 1834 quam
486 1763 572 1817 Vetus
598 1763 813 1816 Testamentum
839 1761 1023 1833 presignavit
1111 1761 1146 1816 Et
1157 1760 1187 1815 hi
1200 1775 1301 1815 omues
1321 1765 1492 1816 convertunt
1507 1775 1537 1815 se
1565 1759 1600 1815 ad
1622 1760 1761 1832 angulum
1782 1761 1927 1816 columneo

177 1849 207 1904 iu
224 1850 302 1905 Nouo
329 1849 531 1906 declarandam
555 1849 747 1904 manifestarit
781 1866 835 1921 per
881 1849 1022 1920 Spiritum
1076 1847 1126 1921 qui
1141 1848 1257 1919 respicit
1283 1849 1319 1904 ad
1347 1847 1583 1920 septentrionem,
1607 1849 1783 1904 admirantes
1802 1864 1836 1904 ea
1859 1866 1928 1921 quae

176 1942 319 2008 sanctum,
334 1938 390 1993 tria
408 1937 564 1994 incidentia
586 1938 728 2005 acumina,
750 1937 781 1993 id
803 1942 846 1992 est
872 1938 1022 2010 antiquam
1076 1939 1106 1993 in
1122 1937 1222 2005 spiritu
1240 1937 1336 1994 lutura
1353 1937 1450 1993 vidant
1466 1937 1497 1993 in
1526 1937 1587 2010 ipsa
1613 1937 1681 2010 quia
1700 1952 1799 1992 omues
1825 1937 1928 1992 admo·

176 2027 270 2097 legem
284 2031 313 2081 et
324 2042 426 2082 novam
441 2027 563 2098 gratiam
585 2031 671 2098 atquo
695 2025 925 2081 enucleationem
951 2025 1022 2080 lide-
1076 2026 1127 2082 niti
1142 2027 1256 2098 spiritu,
1272 2041 1324 2100 per
1345 2025 1486 2098 Spiritum
1515 2031 1645 2082 sanctum
1672 2041 1702 2080 se
1722 2029 1869 2081 verterunt
1899 2029 1929 2080 et

176 2114 452 2171 liumdoctorumin
473 2114 577 2187 quibus
600 2115 690 2170 factus
711 2114 798 2170 homo
814 2113 892 2186 quod
910 2114 1022 2185 iustum
1074 2115 1208 2171 uiderunt
1238 2117 1273 2171 ad
1308 2115 1503 2186 evangelicam
1540 2114 1701 2171 doctrinam
1743 2113 1927 2170 tortitudinis

177 2208 220 2259 est
233 2208 378 2274 operatur,
395 2202 430 2258 ah
451 2203 536 2258 initio
556 2202 688 2259 uidelicet
710 2202 883 2274 inceptionis
907 2218 967 2257 sure
991 2206 1023 2257 ut
1077 2203 1139 2259 Filii
1157 2201 1205 2260 liei
1218 2204 1331 2260 diaholo
1345 2203 1545 2275 repugnantis,
1570 2203 1606 2260 de
1634 2202 1833 2258 incarnatione
1862 2202 1927 2274 ejus

176 2291 279 2347 inimo
294 2307 359 2346 cum
382 2291 490 2347 bonum
508 2290 618 2364 incipit,
641 2291 681 2346 ita
707 2307 822 2346 sursum
841 2291 963 2347 tendens
985 2291 1021 2346 od
1076 2294 1236 2366 loquentes,
1250 2297 1278 2347 ot
1292 2292 1469 2348 admirantes
1484 2292 1561 2366 quod
1583 2293 1644 2365 ipse
1672 2291 1791 2348 ueniens
1805 2307 1839 2346 ex
1864 2307 1929 2345 cor·

177 2378 337 2451 perlectum
361 2378 445 2452 quasi
465 2379 501 2435 ad
529 2395 674 2434 summum
696 2395 761 2435 cum
777 2379 831 2434 hoc
854 2385 1021 2448 consumam
1076 2383 1110 2438 do
1125 2380 1217 2437 Patris
1235 2385 1264 2436 ot
1276 2381 1311 2436 de
1325 2384 1408 2437 utero
1420 2379 1546 2453 Virginis
1559 2381 1590 2435 iu
1606 2379 1718 2451 maguis
1742 2377 1926 2434 mirabilibus

176 2465 244 2538 quia
262 2481 347 2522 omne
361 2467 559 2539 quodjustum
574 2471 625 2535 est,
641 2467 697 2523 luit
712 2472 741 2523 et
756 2473 809 2536 est,
821 2471 849 2523 et
871 2473 1022 2539 pormanet
1075 2487 1105 2526 se
1117 2469 1244 2527 ostendit
1253 2469 1284 2524 in
1312 2486 1363 2524 suo
1387 2485 1475 2540 opere
1500 2473 1528 2524 et
1547 2469 1729 2542 sequentium
1750 2468 1800 2541 qui
1827 2467 1925 2539 ipsum

176 2553 204 2608 in
219 2558 344 2612 alentem
365 2555 747 2628 insimplicissimadeitato
772 2557 950 2629 quaomnia
973 2573 1022 2627 pc·
1075 2558 1292 2630 innovagratia
1306 2557 1476 2614 mirabiliter
1498 2557 1643 2612 imitantes
1670 2557 1777 2612 caduca
1805 2559 1925 2611 corrent-

174 2647 279 2711 notrat,
300 2644 342 2700 ita
364 2645 442 2718 quod
468 2646 546 2701 nulla
574 2648 701 2717 potestas
725 2650 819 2718 potest
835 2652 967 2702 constare
991 2647 1021 2701 iu
1074 2647 1190 2714 cabant,
1217 2653 1246 2701 et
1274 2647 1309 2702 ad
1339 2653 1512 2702 ortoruorum
1539 2646 1645 2717 gaudia
1671 2645 1783 2701 fortiter
1806 2646 1925 2700 anhela-

176 2733 286 2788 malitia
300 2749 361 2801 sna,
379 2750 466 2806 quem
482 2735 540 2790 vult
556 2733 705 2790 devincere
716 2734 901 2807 pietatisejus
915 2734 1017 2807 gloria.
1076 2735 1155 2789 bunt.
1171 2733 1225 2789 Sed
1238 2733 1313 2804 quod
1330 2732 1404 2787 intur
1426 2733 1478 2787 laos
1500 2733 1572 2787 duos
1594 2733 1719 2806 langulos
1743 2738 1842 2797 (unum
1869 2731 1926 2786 sci-

209 2822 240 2875 Et
254 2821 366 2893 primus
389 2823 512 2893 angulus
536 2822 649 2895 respicit
671 2823 707 2878 ad
729 2823 881 2893 orientem,
904 2825 955 2896 qui
979 2830 1022 2878 est
1074 2823 1140 2878 licet
1154 2825 1319 2893 vergentem
1331 2820 1366 2876 ad
1383 2820 1523 2875 orientem
1551 2825 1581 2876 et
1598 2821 1719 2876 alterum
1748 2821 1782 2876 ad
1805 2825 1927 2892 septen-

173 2909 284 2979 primus
299 2916 379 2965 ortus
394 2911 566 2983 inceptionis
579 2927 751 2982 cognoscere
767 2913 857 2967 Deum
872 2912 903 2966 iu
924 2911 1021 2968 diviua
1039 2941 1059 2994 C
1075 2909 1208 2980 trionem)
1237 2913 1302 2964 ante
1340 2907 1441 2964 faciem
1470 2907 1600 2980 ipsorum
1631 2907 1858 2979 patriarcharum
1896 2916 1928 2964 ot

174 2998 246 3070 lege,
268 3003 335 3054 ante
358 2999 518 3070 perfectum
543 3000 620 3055 diem
642 3000 735 3057 omnis
757 3000 886 3072 justitiae.
909 3001 1020 3056 Secun-
1074 3000 1278 3072 prophetarum
1295 2997 1481 3052 estcolnmna
1496 2997 1545 3052 illa
1561 2995 1665 3052 abiuro
1680 3013 1772 3070 usque
1787 2997 1823 3053 ad
1840 3013 1925 3054 sum·

173 3084 227 3140 dns
246 3090 343 3142 antem
361 3087 398 3142 ad
431 3087 666 3158 septentrionem,
692 3089 829 3159 quoniam
842 3088 914 3160 {post
940 3089 1018 3144 ince·
1074 3103 1154 3143 mum
1169 3085 1250 3160 quasi
1267 3083 1410 3141 tornatilis
1424 3092 1452 3141 ot
1465 3085 1598 3151 rotunda,
1612 3086 1755 3157 plenaque
1782 3101 1924 3158 rugarum

153 3171 302 3245 'ptionem
319 3176 402 3230 boum
417 3180 445 3230 et
460 3176 598 3230 institutor
625 3177 811 3248 operationis,
834 3176 1019 3249 Euangeliou}
1074 3180 1105 3231 ut
1128 3176 1162 3231 de
1189 3174 1299 3231 arboris
1322 3173 1426 3230 cortice
1448 3174 1521 3229 solet
1536 3190 1655 3245 germen
1682 3175 1845 3246 pullulare:
1867 3175 1925 3231 hoc

173 3262 576 3335 l'iliimeietatiapraecepta
596 3265 627 3318 iu
647 3281 693 3319 ma
723 3267 806 3320 Patre
834 3271 1019 3322 surrexerunt
1073 3270 1116 3320 est
1130 3264 1208 3336 quod
1223 3263 1300 3318 iuter
1311 3263 1395 3317 binas
1409 3263 1599 3332 summitates,
1613 3262 1745 3318 videlicet
1767 3261 1843 3318 inter
1864 3279 1925 3318 ma·

173 3355 396 3422 contrapartem
421 3353 574 3424 aquilonis,
597 3353 648 3408 uhi
674 3357 768 3409 omnis
795 3354 936 3427 injustitia
954 3360 1018 3411 orta
1073 3351 1415 3424 nilestamaoguitionem
1445 3367 1538 3406 meam
1568 3355 1596 3406 et
1620 3351 1842 3424 subsequentem
1872 3353 1922 3408 do·

173 3443 224 3495 est.
240 3441 353 3496 Tertius
361 3457 429 3496 vero
441 3441 478 3496 ad
492 3441 645 3497 meridiem
661 3443 785 3498 exterius
815 3443 871 3515 ipsi
895 3444 1017 3499 aedificio
1072 3441 1193 3496 utrinam
1209 3439 1272 3496 Filii
1283 3439 1350 3507 mei,
1366 3439 1451 3495 latuit
1475 3455 1527 3511 per
1554 3445 1656 3511 typum
1677 3439 1926 3511 praefigurationis

173 3527 386 3600 aliquantulum
401 3530 582 3601 conjunctus,
599 3531 650 3602 qui
665 3538 709 3585 est
723 3532 865 3587 roboratis
880 3535 1016 3604 operibus
1072 3532 1101 3586 in
1120 3529 1270 3586 animabus
1297 3528 1483 3599 antiquorum
1515 3533 1630 3598 patrum
1658 3527 1689 3583 in
1713 3527 1825 3598 legibus
1849 3530 1925 3584 meis

171 3617 287 3688 justitiae
301 3618 445 3689 protunda
460 3623 488 3672 et
502 3619 643 3690 exquisita
657 3620 799 3692 sapientia
813 3621 1016 3692 principalium
1072 3617 1326 3682 commorantium,
1342 3617 1459 3672 unicum
1476 3615 1599 3671 Verbum
1611 3615 1714 3687 quiesi
1729 3615 1817 3672 Filius
1839 3633 1923 3672 meus

173 3706 377 3776 magistrorum
398 3721 452 3778 per
473 3707 599 3762 calorem
623 3707 746 3779 Spiritus
773 3708 863 3763 sarrcti
891 3711 941 3781 qui
969 3711 1017 3764 ob·
1071 3708 1196 3780 aprima
1209 3707 1398 3777 electousque
1411 3705 1447 3760 ad
1460 3704 1592 3760 ultimum
1611 3709 1761 3773 sanctum3
1784 3705 1816 3760 in
1844 3719 1924 3776 mys-

172 3795 298 3850 scurain
321 3797 383 3867 lege
404 3801 434 3850 et
454 3796 604 3868 prophetis
625 3804 831 3869 apparuerunt,
852 3803 881 3853 ot
910 3798 960 3870 qui
987 3799 1017 3852 in
1071 3796 1126 3851 tica
1143 3800 1315 3850 coronatura
1337 3793 1572 3862 circumornatus,
1583 3793 1652 3864 quia
1673 3791 1735 3864 ipse
1754 3792 1853 3848 omnia
1878 3794 1922 3849 iu·

174 3885 335 3957 Evangeliis
349 3885 537 3940 ostenderunt
547 3901 667 3956 germen
682 3887 759 3958 quod
774 3886 952 3942 fructuosum
974 3887 1016 3943 ie·
1071 3888 1230 3940 strumenta
1247 3899 1299 3938 sua
1320 3883 1394 3938 bene
1421 3882 1582 3953 composuit
1608 3897 1640 3936 ac
1669 3881 1788 3949 limavit,
1812 3882 1924 3938 scilicet

171 3979 272 4028 cerunt
294 3973 329 4028 ad
366 3973 595 4045 intelligendum,
639 3978 698 4029 tam
726 3981 825 4046 gaules
845 3976 1016 4030 exteriorem
1070 3972 1261 4045 pernobilem
1276 3972 1543 4042 gratiamomnibus
1567 3987 1596 4026 se
1616 3971 1696 4042 pium
1719 3969 1918 4036 manifestans,

171 4061 321 4116 materiam
347 4061 558 4133 Scripturarum
597 4062 627 4117 iu
664 4063 1015 4135 operabonitatisPatris,
1071 4065 1104 4116 ut
1122 4059 1363 4133 praetlgurabatur
1379 4061 1409 4115 in
1437 4061 1516 4129 rugis
1528 4058 1841 4132 circumcisionisque
1864 4060 1921 4116 luit

172 4150 200 4201 et
222 4148 348 4203 suaviter
386 4149 562 4205 ruminantes
576 4150 607 4205 in
640 4166 674 4206 ea
702 4151 850 4223 mysticam
875 4151 1017 4224 significa·
1072 4149 1174 4204 umhra
1197 4148 1407 4204 futurorumin
1431 4147 1569 4220 appositis
1599 4147 1921 4220 significationibusper

173 4234 293 4289 tionem.
1035 4235 1266 4292 hausteritutem
1286 4235 1357 4308 legis
1374 4235 1405 4291 in
1426 4253 1455 4292 so
1475 4233 1607 4292 habentia
1635 4237 1824 4292 rectissimum
1852 4253 1919 4308 ger·

206 4323 287 4388 Quod
300 4327 395 4380 eutem
410 4341 441 4380 ex
455 4327 562 4397 angulo
584 4329 634 4399 qui
660 4327 775 4400 respicit
801 4328 836 4384 ud
864 4328 1015 4398 orientem,
1072 4341 1139 4381 men
1163 4326 1263 4392 latens,
1285 4341 1404 4381 summm
1425 4331 1455 4380 et
1487 4325 1665 4381 sanctissino
1699 4325 1917 4382 incarnationis.

172 4413 331 4483 procedunt
351 4415 423 4469 rami
446 4415 577 4472 aradice
598 4433 690 4489 nsque
714 4417 747 4472 ad
772 4433 910 4474 cacumen
929 4419 1015 4490 ejus:
1071 4414 1151 4479 Quod
1167 4429 1260 4469 veroa
1275 4414 1401 4469 secundo
1416 4415 1522 4486 angulo
1544 4414 1714 4486 respiciente
1741 4414 1777 4471 ud
1805 4419 1920 4488 septen·

172 4500 227 4556 hoc
251 4502 394 4575 estquod
425 4504 456 4559 in
483 4511 547 4561 ortu
571 4507 743 4577 cognitionis
772 4507 824 4562 uei
844 4524 896 4580 per
924 4508 1016 4580 legem
1071 4511 1194 4568 trionem
1209 4510 1267 4566 exit
1287 4510 1423 4582 splendor
1448 4511 1528 4567 mirae
1548 4511 1684 4567 claritatis
1706 4528 1736 4566 se
1761 4511 1921 4569 extendens

169 4588 300 4659 justitiae,
316 4591 438 4662 qnasiin
457 4594 564 4664 angulo
592 4594 724 4651 orientali
754 4599 952 4666 apparuerrmt
974 4611 1016 4650 ra·
1071 4601 1260 4656 acrotlectens
1274 4599 1309 4654 ad
1331 4600 1469 4670 angulum
1484 4599 1533 4672 qui
1551 4601 1667 4672 respicit
1693 4600 1730 4657 ad
1755 4601 1918 4668 meridiem,

172 4677 220 4743 mi,
237 4684 368 4750 tempore
381 4680 488 4736 scilicet
501 4682 728 4753 patriarcharum
749 4688 776 4739 et
798 4685 1015 4757 prophetarum,
1070 4687 1124 4744 hoc
1144 4692 1186 4742 est
1213 4688 1290 4760 quod
1315 4688 1350 4742 ab
1379 4689 1481 4755 altero,
1498 4689 1574 4744 Nouo
1603 4689 1710 4744 scilicet
1737 4689 1920 4745 Testameuto

172 4767 241 4839 quie
254 4767 304 4822 illa
317 4773 401 4824 acuta
418 4770 551 4826 columna
571 4771 737 4840 divinitatis,
763 4773 826 4829 haec
846 4774 944 4829 omnia
966 4790 1016 4830 ex·
1071 4775 1340 4849 diaholoopposito,
1358 4782 1464 4832 exeunt
1480 4779 1567 4834 verba
1582 4776 1645 4833 Filii
1669 4777 1726 4833 mei
1745 4793 1808 4851 quae
1833 4793 1920 4848 egre-

171 4855 262 4910 tendit
276 4856 312 4911 ah
331 4856 416 4912 initio
430 4858 543 4924 radicis,
570 4859 658 4915 idest
685 4858 768 4915 bonae
795 4861 966 4934 inceptionis
986 4863 1017 4918 in
1071 4866 1191 4922 dinntur
1206 4865 1241 4920 da
1265 4879 1312 4920 me
1328 4870 1356 4920 et
1377 4871 1559 4922 revertuntur
1574 4866 1609 4922 ad
1632 4883 1694 4936 me;
1708 4867 1776 4938 quia
1795 4865 1920 4922 micante

172 4944 1015 5022 mentibuseleotorumsnorumusqueadcacrrmeuejns:
1071 4955 1129 5010 sole
1152 4954 1183 5009 iu
1204 4971 1300 5022 carne,
1326 4955 1375 5026 qui
1412 4960 1454 5011 est
1481 4955 1569 5012 Filius
1598 4971 1689 5023 meus,
1713 4957 1803 5027 turget
1819 4957 1919 5010 lumen

173 5033 308 5103 quodest
330 5050 421 5106 nsque
444 5035 479 5091 ud
504 5035 763 5093 manifestationem
789 5038 852 5096 ritu
880 5041 1016 5109 hominis,
1071 5044 1160 5100 sancti
1174 5042 1321 5114 Evangelii
1335 5043 1365 5098 in
1381 5043 1585 5115 predicatione
1614 5046 1685 5118 ejus,
1713 5045 1749 5100 ab
1770 5045 1832 5117 ipso
1857 5047 1920 5098 eta

173 5123 225 5194 qui
237 5123 332 5177 omnis
350 5123 463 5195 justitia
485 5130 537 5178 est.
569 5123 649 5180 Unde
673 5125 758 5180 etiam
781 5127 865 5198 J‘nxta
891 5130 1016 5185 radicem
1072 5131 1220 5201 discipulis
1234 5131 1296 5203 ejus
1311 5147 1341 5186 se
1365 5130 1567 5188 diffundensiu
1588 5132 1712 5189 trucium
1742 5131 1919 5188 henedictio-

172 5209 321 5281 ejusrides
336 5211 365 5266 in
380 5212 475 5282 primo
493 5227 574 5267 ramo
597 5213 741 5270 Abraham
767 5217 925 5284 sedentem,
949 5218 1018 5290 quia
1070 5219 1124 5287 nis,
1140 5225 1169 5274 ct
1183 5236 1213 5274 se
1229 5225 1397 5291 retorquens
1414 5221 1571 5277 inloutem¹
1584 5219 1759 5289 salvationis,
1788 5221 1829 5277 sic
1856 5237 1922 5293 per·

172 5300 336 5370 peremnia
350 5301 520 5355 subeuntem
542 5301 720 5359 divinitatem
744 5304 943 5376 exspirabatur
962 5307 1018 5362 hoc
1071 5307 1189 5364 veniens
1208 5309 1350 5381 usquead
1380 5314 1514 5376 rectores,
1542 5309 1673 5366 uidelicet
1701 5310 1737 5367 ad
1759 5310 1920 5382 prolnndos

172 5391 286 5462 tempus
302 5386 531 5461 quoderimitus
551 5394 648 5447 ortum
665 5397 709 5447 est
722 5393 753 5449 in
773 5394 928 5463 Abraham,
950 5412 1017 5452 cum
1071 5400 1242 5453 scmtatores
1260 5397 1412 5454 verborum
1439 5397 1546 5454 Veteris
1567 5403 1596 5455 et
1619 5399 1690 5455 Nori
1732 5399 1920 5465 Testamenti,

172 5476 270 5548 quieta
279 5482 376 5533 mente
394 5477 513 5551 reliquit
530 5479 654 5552 patriam
676 5496 758 5537 suem
785 5481 921 5539 obediens
947 5485 1014 5542 lieo.
1072 5485 1254 5542 ostendentes
1276 5485 1353 5559 qnod
1366 5486 1506 5560 sapientie
1533 5490 1625 5542 erecta
1653 5493 1696 5542 est
1719 5487 1748 5542 iu
1772 5489 1836 5560 ipso
1860 5487 1920 5544 sole
