3984 6034
161 140 231 193 rori
888 128 921 185 S.
945 126 1181 183 ffltueoeums
1843 130 1922 185 t⁰28

157 268 363 341 perbellorum
388 262 583 322 incursionem
610 262 754 331 evenient,
774 277 808 317 ex
838 264 921 333 parte
934 275 1010 333 quo·
1028 258 1172 332 ejudicia
1189 258 1341 333 potestatis
1369 257 1421 316 [lei
1440 258 1556 316 turbida
1570 262 1600 317 et
1622 261 1779 333 procellosa
1793 261 1827 317 in
1853 262 1924 317 die-

160 373 216 429 que
239 372 293 428 per
310 369 463 411 commune
477 351 632 407 consilium
655 355 685 406 ct
697 365 867 405 consensum
881 352 910 404 et
923 345 1008 421 spiri·
1063 350 1117 405 hus
1130 348 1290 417 illiserunt,
1302 364 1369 405 cnm
1381 364 1434 404 nec
1461 348 1619 421 puritatem
1634 365 1687 405 nec
1706 350 1838 422 quietem
1866 366 1923 405 ca-

159 445 262 501 talium
282 448 311 500 et
334 441 515 499 secularium
533 440 708 513 populorum
724 438 922 508 perficientur,
944 436 1009 506 lillis
1063 438 1175 495 tholicoe
1203 438 1270 495 lidei
1293 438 1325 493 in
1348 438 1483 493 cordibus
1514 438 1728 496 incredulorum
1757 439 1921 495 hominnm

159 532 339 591 hortantibus
364 536 397 587 nt
417 530 541 604 quisque
562 526 707 584 secularis
731 527 867 599 princeps
878 525 1008 598 lregnum
1063 526 1138 582 circu
1151 527 1240 583 tinem
1258 526 1436 584 fortitudinis
1451 526 1530 582 iilius
1548 527 1578 584 in
1605 544 1662 600 qua
1679 528 1920 599 mundnslmodo

159 623 343 695 etpopulum
362 636 448 676 snum
478 619 590 674 muniat
617 623 647 673 et
662 623 754 688 regat,
771 620 803 672 ut
816 615 939 688 quilibet
961 632 1008 672 ar·
1062 616 1139 688 viget
1159 615 1317 685 inveniant,
1337 616 1471 672 videlicet
1491 616 1685 673 uhivoluntas
1706 617 1757 673 ilci
1786 622 1920 689 potesta·

160 711 363 784 chiepiscopus
376 724 427 763 seu
456 707 529 761 alius
557 704 695 777 spiritalis
722 703 860 775 magister
880 703 1009 757 subditos
1061 704 1188 777 tiipsius
1201 704 1449 778 itacnnjungitur‚
1468 710 1611 777 quatenus
1632 705 1664 761 in
1685 706 1838 762 voluntate
1865 706 1919 761 Dei

160 816 227 856 suos
266 798 303 854 ad
334 794 536 853 rectitudinem
565 793 724 866 discipline
751 791 937 864 constringat,
971 807 1009 847 ue
1062 794 1109 861 sit,
1125 794 1244 866 quando
1263 793 1390 850 mundus
1417 797 1448 849 et
1468 810 1503 849 ee
1518 810 1582 867 quae
1606 794 1637 849 in
1653 794 1761 851 mundo
1775 800 1849 850 snut
1865 810 1919 864 per

159 889 295 959 deinceps
309 886 393 943 malis
411 884 469 939 illis
491 882 669 955 affligantur,
685 881 791 953 quibus
815 879 913 937 divino
935 884 1008 936 nutu
1061 884 1220 955 potentiam
1231 882 1294 955 ejus
1310 882 1459 951 finiantur,
1474 882 1543 955 qnia
1562 882 1695 940 homines
1713 884 1861 955 temporis
1882 885 1918 939 il

158 973 352 1048 prinsaltlicti
364 977 440 1030 sunl.
1061 971 1118 1027 iius
1145 972 1339 1028 sinceritatem
1365 976 1450 1042 atque
1479 970 1667 1028 stabilitatem
1685 988 1761 1027 vere
1774 972 1844 1028 tidei
1869 973 1916 1029 tn-

159 1063 358 1133 Quodilerum
372 1064 439 1117 tunc
467 1056 606 1131 temporis
632 1056 788 1130 iniquitate
807 1072 952 1129 repressa,
979 1060 1008 1112 ct
1062 1061 1152 1131 gient,
1166 1065 1230 1117 ela
1253 1076 1319 1116 vero
1344 1061 1402 1116 tien
1424 1060 1560 1116 recedent
1573 1061 1609 1117 ad
1623 1060 1718 1117 tilium
1737 1060 1916 1133 perditionis

192 1128 681 1204 iwlilt'ssrssvssltss‘nlbdt'tit'plinfl
695 1128 902 1196 Mttetmlib‘l
931 1126 1008 1186 Μ’·
1062 1166 1092 1205 se
1119 1153 1326 1217 convertentes,
1348 1148 1396 1221 qui
1439 1149 1539 1205 omnia
1561 1148 1751 1205 ecclesiastica
1777 1149 1916 1207 instituti

193 1199 636 1347 gfflssfflgfflffmae
645 1198 1007 1339 mifussfflmffgffi]
1061 1237 1246 1307 conturbans,
1274 1238 1413 1293 maximas
1437 1238 1577 1310 procellas
1603 1237 1783 1293 adversitatis
1815 1237 1915 1294 fideti-

192 1350 346 1419 pgmrum
369 1343 549 1416 ,ammaim
573 1342 722 1413 parebunt,
735 1340 873 1414 plurimi,
890 1340 1008 1398 interim
1061 1328 1115 1384 bus
1134 1327 1190 1399 ipsi
1205 1326 1405 1383 resistentibus
1423 1326 1550 1383 inducet.
1575 1326 1647 1383 Nam
1666 1342 1732 1383 cuni
1748 1331 1816 1399 poet
1839 1327 1914 1382 mut-

195 1417 347 1473 heresibus
353 1415 465 1488 possim
478 1412 687 1483 ebullientibus,
702 1428 763 1484 que
773 1412 948 1468 Aviliobrisii
961 1411 1007 1468 oi·
1061 1422 1104 1473 tas
1121 1415 1331 1484 tribulationes,
1348 1431 1420 1488 quas
1431 1415 1564 1472 homines
1577 1415 1608 1471 in
1623 1415 1823 1472 invasionibus
1845 1417 1915 1472 alie·

192 1484 469 1545 &nummum
486 1484 651 1540 ‘'dvm'um·
1062 1521 1166 1565 narum
1182 1504 1322 1577 gentium,
1338 1510 1367 1560 et
1384 1504 1416 1560 in
1425 1505 1587 1577 semetipsis
1605 1520 1670 1561 curn
1694 1504 1838 1561 divisione
1856 1506 1913 1559 im-

193 1578 280 1633 xxvi.
298 1578 331 1631 Et
346 1579 414 1631 tnnc
440 1575 546 1629 iterum
560 1572 700 1645 iniquitas
715 1571 926 1645 aliquantulum
956 1571 1007 1628 de·
1026 1538 1048 1593 B
1062 1596 1135 1669 per„
1149 1595 1279 1667 perpessi
1294 1600 1386 1661 mm.
1403 1593 1463 1665 jam
1476 1595 1555 1649 ,Μ
1568 1594 1599 1649 in
1614 1594 1711 1667 quim
1739 1594 1911 1661 medem„

158 1666 227 1721 hibe
242 1664 363 1738 jacebit,
378 1663 524 1720 interdum
552 1678 668 1735 quoque
696 1678 814 1735 surgere
838 1661 1007 1730 attentabit;
1061 1683 1404 1755 itemmrepgmgmupae
1419 1682 1553 1749 mm,
1568 1683 1727 1757 muptaequg
1751 1684 1911 1739 watteric-

159 1755 209 1811 sed
221 1753 333 1826 justitia
358 1752 389 1807 in
404 1749 577 1807 rectitudine
591 1766 642 1805 sua
665 1749 782 1805 interim
801 1749 897 1819 stabit,
913 1749 954 1804 ita
977 1752 1009 1803 ut
1061 1776 1133 1828 tate,
1147 1770 1345 1827 ecclesiastic„
1357 1770 1505 1843 dignum,
1517 1771 1666 1829 ebullient·

157 1843 289 1899 homines
303 1841 421 1896 iliorum
436 1840 550 1895 dierum
571 1838 607 1894 ad
628 1837 769 1936 antiquas·
784 1837 1008 1893 consuetudines
1063 1880 1106 1934 De
1117 1878 1300 1960 conceptione
1314 1880 1343 1934 el
1354 1880 1419 1934 orm
1433 1877 1605 1935 Amicam&
1623 1878 1783 1951 ammuh
1793 1878 1911 1933 mdiv

158 1938 187 1989 et
201 1930 366 2001 disciplinas
384 1929 572 2000 antiquorum
595 1926 747 1981 bominum
761 1926 953 1981 inhonestate
976 1942 1007 1981 se
1095 1949 1236 2006 diagolwo
1256 1949 1363 2022 ‚pin-,u
1402 1950 1538 2021 repletus,
1577 1918 1615 2004 ef
1633 1949 1665 2005 in
1694 1948 1802 2005 “baim
1841 1950 1911 2005 m

157 2022 335 2085 convertant,
365 2020 393 2072 et
420 2032 468 2071 eas
487 2018 613 2083 teneant,
628 2018 656 2069 et
676 2015 838 2083 observent,
854 2014 928 2071 sicut
955 2031 1008 2072 an·
1096 2021 1256 2077 occultatus
1283 2024 1309 2076 et
1344 2022 1481 2087 nutritus,
1517 2018 1651 2077 omnibus
1687 2019 1812 2092 inspicis
1837 2022 1910 2075 0111.

157 2106 233 2179 tiqui
255 2106 319 2161 illas
340 2109 438 2161 tencre
458 2108 487 2159 et
509 2118 678 2158 conservare
707 2107 923 2158 consueverant.
953 2103 1008 2160 Sed
1096 2090 1912 2218 9⁸⁸2&th3111,viriltmaelsstemt'mbtwturgelevante

158 2194 330 2251 etiamtunc
357 2192 556 2264 unusquisque
571 2208 619 2247 rex
644 2191 830 2263 etprinceps,
845 2206 878 2247 ac
898 2191 1009 2263 episco-
1095 2179 1126 2217 Μ
1145 2162 1192 2247 ‘33⁶
1211 2178 1244 2218 “⁸
1266 2162 1329 2218 ιη’*
1348 2178 1445 2218 mum
1480 2160 1532 2243 ⁰⁸¹.
1553 2168 1713 2245 mimum.
1736 2179 1767 2217 ²⁷⁸
1791 2162 1910 2230 mma

157 2300 213 2356 piis
229 2283 426 2339 ecclesiastico.
455 2281 605 2352 dignitatis
619 2296 649 2337 se
672 2280 768 2352 ipsum
792 2279 822 2335 in
851 2279 907 2335 alio
922 2280 1007 2335 casti-
1095 2232 1146 2361 2:³11
1159 2249 1191 2288 m
1212 2233 1348 2290 mma
1369 2232 1588 2305 pamma
1608 2232 1782 2289 ‘mmm
1798 2233 1911 2305 summ

157 2372 247 2445 gabit,
270 2388 337 2428 cum
377 2371 467 2427 alium
491 2369 635 2441 justitiam
657 2369 810 2425 ohservare
833 2374 862 2424 et
886 2368 1007 2424 honeste

157 2463 250 2518 vivere
283 2461 401 2529 videbit,
430 2465 517 2532 atque
551 2473 735 2531 unaquaeque
758 2473 830 2527 gens
854 2458 1007 2513 correctio-

156 2568 225 2609 nem
238 2550 275 2607 ab
293 2550 351 2606 alia
362 2553 468 2616 sumet,
494 2563 559 2603 cuni
578 2548 658 2603 illam
673 2546 709 2602 ad
723 2546 799 2602 hona
813 2546 954 2618 prolicere
978 2550 1008 2602 et

156 2641 194 2697 ad
215 2639 418 2697 rectitudinem
438 2652 556 2709 surgere
584 2636 690 2692 audiet.
717 2638 774 2691 Aci
798 2650 916 2708 quoque
937 2639 1007 2692 tunc

156 2729 263 2787 iturum
290 2729 385 2785 suavis
417 2727 483 2795 erit,
512 2731 541 2783 et
562 2726 672 2783 tructus
695 2730 780 2781 terroe
798 2726 886 2796 iitiiis,
908 2726 1006 2783 hoini-

156 2835 266 2893 nesque
294 2819 357 2874 sani
381 2821 411 2873 et
433 2816 521 2873 fortes
548 2814 628 2872 ttent.
654 2816 686 2871 ln
718 2814 788 2888 ipsis
802 2815 889 2871 etiam
904 2815 1045 2888 diebusc

158 2910 257 2965 multae
272 2906 437 2983 prophetiae
450 2921 483 2962 ac
497 2904 616 2978 plurimi
634 2903 780 2975 sapientes
795 2908 890 2971 erunt,
907 2904 948 2959 ita
974 2905 1008 2958 ut

157 2996 243 3052 eliani
267 2995 378 3051 occulta
401 2992 610 3065 prophetarum
638 2996 668 3047 et
692 2991 815 3046 elisium
844 2990 1006 3062 Scriptura·

156 3101 222 3140 rum
244 3082 424 3155 sapientibus
448 3086 519 3137 tunc
534 3080 568 3135 nd
584 3080 704 3151 plenum
718 3082 847 3151 pateant,
862 3083 892 3135 el
909 3078 963 3134 titii
977 3083 1007 3135 et

157 3173 225 3228 titire
245 3188 347 3228 eornm
375 3170 561 3243 prophetent,
582 3169 748 3223 volutante
770 3167 863 3223 multa
875 3171 1008 3239 tempora

156 3260 326 3333 predictum
341 3264 395 3323 est,
410 3262 439 3313 el
454 3257 508 3313 hoe
536 3256 567 3311 in
581 3256 632 3311 teti
647 3255 772 3328 puritate
788 3255 917 3312 veritatis
944 3255 1005 3325 liet,

156 3354 190 3405 ut
203 3348 281 3404 aerei
302 3347 421 3419 spiritus
435 3345 598 3401 irrisionem
623 3344 653 3400 in
675 3344 733 3400 illis
759 3350 828 3401 tnnc
841 3344 934 3401 iacere
947 3360 1007 3401 non

156 3437 276 3510 possint.
293 3437 327 3491 ln
345 3435 447 3492 eodem
473 3451 588 3507 quoque
606 3433 710 3507 spiritu
729 3434 772 3489 illi
793 3433 1007 3506 prophetabunt

156 3544 215 3600 quo
241 3524 393 3598 prophete
415 3528 523 3581 secreta
546 3523 595 3580 [lei
620 3523 690 3579 otim
711 3522 964 3589 annuntiaverunt,
978 3528 1007 3580 ct

156 3614 392 3671 insimilitudine
420 3612 560 3669 doctrinae
577 3613 786 3684 apostolorum,
802 3628 927 3684 quorum
953 3611 1003 3668 dn·

155 3705 245 3761 ctrina
264 3718 352 3776 super
366 3719 483 3760 omnem
499 3703 661 3758 humanum
675 3701 853 3758 intellectum
868 3701 931 3757 init.
957 3702 1005 3757 ln·

154 3794 239 3850 “sim
262 3794 350 3850 ‘stim
374 3796 434 3849 Μ
459 3791 559 3847 ”¹⁰¹1ae
579 3790 703 3846 ΜΝ
727 3795 757 3847 et
788 3794 848 3847 Μ
868 3790 1005 3863 plurim
1058 3828 1311 3886 baereticierrores
1329 3844 1397 3885 suos
1412 3834 1510 3901 aperte
1532 3834 1561 3885 et
1586 3829 1783 3886 indubitanter
1806 3831 1909 3903 preadi-

155 3881 348 3955 turpimdin⁸⁸
370 3896 437 3979 Ψ
462 3878 527 3976 ⁸¹5?
546 3879 629 3935 mam
650 3877 802 3947 ‘munient'
826 3894 893 3952 ΨΜ
912 3879 1004 3978 ,etiam
1059 3924 1137 3974 cent·
1152 3922 1288 3991 tantaque
1307 3918 1437 3974 dubietas
1464 3922 1493 3974 et
1513 3917 1688 3973 incertitudo
1712 3919 1742 3975 in
1765 3920 1908 3976 catholica

154 3969 363 4026 Antichristnm
386 3984 416 4022 ιιι
445 3982 575 4039 proximo
603 3967 702 4022 adesse
723 3966 886 4037 ostendent,
910 3972 951 4021 ita
971 3970 1007 4022 ut
1046 3960 1139 4063 ,Μ’

155 4057 288 4115 homines
315 4055 485 4112 eorumdem
506 4054 618 4111 dierum
641 4054 738 4111 dicant
762 4056 839 4127 quod
854 4060 935 4112 tenta
953 4056 1006 4111 cri·
1143 4007 1373 4064 mmmmm
1397 4007 1461 4076 Μ’
1484 4010 1517 4063 m
1531 4008 1664 4063 h⁰mi¹¹⁰³
1687 4007 1717 4063 in
1741 4008 1830 4065 ΜΟ
1857 4010 1907 4065 ¹¹*

188 4145 194 4156 .
412 4143 418 4155 .
547 4144 577 4155 ..
655 4144 661 4155 .
944 4144 950 4156 .
1059 4096 1145 4152 beant
1172 4111 1258 4168 quern
1283 4097 1374 4153 Deum
1390 4096 1536 4164 invocent3
1561 4100 1647 4169 alque
1668 4096 1794 4169 piurima
1821 4097 1908 4171 signa

156 4148 278 4200 minuet
302 4147 387 4199 lentie
410 4144 604 4200 immunditie
617 4160 699 4215 prius
713 4159 772 4199 non
789 4144 907 4200 inerunt
928 4148 1003 4246 sicut
1020 4132 1089 4242 Diu
1105 4186 1173 4254 301⁰,
1190 4188 1219 4241 e,
1241 4185 1320 4255 luna,
1336 4188 1366 4241 e,
1380 4184 1412 4241 in
1435 4185 1535 4253 mnis,
1551 4188 1580 4241 e,
1598 4184 1629 4240 in
1644 4186 1735 4259 aquis,
1752 4189 1781 4241 et
1796 4185 1827 4241 in
1854 4204 1908 4243 effi

155 4233 187 4333 ip
214 4232 436 4332 diebuffoeum
460 4231 657 4332 apparuerint?
680 4231 763 4299 ΟΜ
788 4236 828 4332 ⁰t.
844 4248 1004 4334 p⁰r⁰¹¹⁸.¹⁰
1058 4275 1128 4331 teris
1143 4273 1293 4331 elementis
1306 4278 1333 4329 et
1343 4273 1481 4329 creaturis
1496 4273 1686 4346 apparebunt,
1702 4272 1743 4330 iui
1755 4278 1789 4329 nt
1816 4275 1905 4331 etiam

155 4322 230 4378 hbm
253 4323 363 4379 scm
386 4320 547 4393 dampna
575 4320 750 4390 mmmm
780 4338 848 4393 ΨΜ
868 4322 937 4378 dum
954 4338 1002 4395 ‘¹¹¹‘
1057 4364 1135 4420 velut
1155 4362 1183 4418 in
1200 4362 1312 4435 pictura
1326 4362 1356 4418 in
1370 4363 1512 4435 portentis
1535 4362 1594 4417 suis
1613 4362 1710 4418 lutura
1727 4362 1805 4418 mals
1829 4378 1906 4434 pra»-

156 4411 235 4467 ⁵55⁸
261 4410 418 4483 “ntum
444 4414 557 4484 ‘⁰⁸⁰⁸t·
584 4409 723 4484 iniquim
742 4409 822 4465 mm
840 4414 1002 4483 ⁰pp⁰⁸⁰⁸t3
1058 4452 1201 4509 nuntient.
1229 4450 1310 4507 Unde
1335 4451 1423 4507 etiam
1443 4454 1524 4507 tante
1555 4450 1673 4507 tristitia
1699 4450 1750 4506 illo
1774 4455 1907 4523 tempore

1057 4538 1190 4595 homines
1215 4535 1375 4610 occupabit,
1402 4541 1434 4593 nt
1459 4536 1534 4593 mori
1559 4536 1642 4610 quasi
1667 4552 1719 4610 pro
1738 4537 1832 4594 nihilo
1852 4540 1906 4595 da·

1057 4631 1132 4684 cant.
1152 4626 1207 4693 Qui
1225 4631 1323 4683 entem
1337 4626 1368 4682 in
1383 4624 1585 4683 catholicatide
1596 4626 1793 4700 tnncpertecti
1808 4634 1904 4695 eruut,

154 4762 534 4838 nequalimlejudidmm
548 4762 651 4821 dim
663 4762 902 4836 poteslalimm
914 4764 1003 4837 finem
1057 4717 1097 4819 iiii
1127 4730 1232 4816 magne
1254 4715 1433 4817 contritione·
1458 4715 1663 4815 exspectabunt
1678 4715 1748 4788 qnid
1770 4716 1845 4771 bens
1859 4734 1904 4772 or-

189 4836 290 4893 mungg
317 4835 612 4902 ,nafisfflandmm'
636 4836 665 4889 εἰ
690 4838 760 4906 qm„
779 4839 846 4894 tm
871 4835 1003 4909 plurima
1057 4806 1157 4862 clinare
1179 4805 1257 4860 velit.
1280 4804 1377 4904 Ethie
1397 4804 1598 4905 tribulationes
1621 4803 1676 4860 hoc
1699 4805 1786 4861 modo
1804 4821 1904 4877 proce·

188 4923 260 4981 pars
273 4905 420 4964 hominum
434 4905 632 4961 sinceritatem
657 4903 804 4962 calholica
828 4906 896 4977 Mei
919 4907 1001 4963 (1223.
1058 4894 1126 4950 dent
1140 4909 1147 4949 :
1161 4892 1323 4965 usquedum
1337 4892 1414 4948 filius
1427 4893 1597 4965 perditionis
1616 4908 1648 4947 oe
1662 4906 1747 4948 suum
1775 4892 1811 4947 sd
1834 4906 1903 4947 con·

188 4978 307 5034 remed
313 4976 412 5048 filium
425 4974 594 5050 perditionis
605 4979 796 5031 convetetur.
1056 4982 1174 5039 trariem
1197 4982 1355 5039 doctrinam
1376 4982 1496 5054 aperiat.
1523 4980 1577 5038 Sed
1591 4996 1656 5037 cnm
1676 4981 1725 5039 ille
1739 4982 1827 5037 verba
1854 4982 1904 5037 ial-

187 5066 294 5124 xxvii.
324 5066 405 5121 Nunc
423 5071 531 5134 antem,
561 5081 579 5120 o
606 5064 705 5133 homo,
724 5065 803 5137 quod
819 5064 908 5133 vides,
928 5082 1002 5139 quo·
1056 5070 1161 5140 sitatis,
1179 5076 1208 5127 et
1223 5070 1424 5143 deceptionum
1438 5084 1557 5126 suarum
1571 5070 1736 5142 protulerit,
1751 5070 1857 5126 coeium
1876 5076 1904 5126 et

153 5155 231 5211 niam
247 5153 387 5226 praedicta
413 5153 541 5209 citerior
559 5167 628 5224 pars
647 5152 820 5225 supradicte
844 5158 917 5210 rote
932 5159 1001 5219 ten·
1056 5164 1133 5217 terra
1144 5159 1376 5229 contremiscent,
1391 5158 1674 5231 catenaquemonilis
1685 5158 1903 5231 iustitiaeqnam

154 5242 220 5300 deni
242 5243 321 5299 vetut
338 5240 454 5298 turbida
478 5244 507 5297 et
532 5240 691 5314 procellosa
715 5245 880 5314 tempestas,
895 5243 1003 5301 scilicet
1056 5248 1161 5305 Paulus
1179 5264 1271 5321 usque
1285 5249 1321 5305 ed
1344 5248 1432 5320 pedes
1451 5247 1580 5320 ejusdem
1596 5247 1711 5305 virtutis
1726 5247 1902 5304 descenden-

1095 2409 1209 2465 xxvnl.
1238 2409 1391 2465 immunde
1408 2424 1524 2482 qnoqm
1540 2410 1645 2466 mulier
1670 2410 1700 2466 in
1715 2411 1818 2466 codem
1832 2415 1911 2466 tem-

1060 2513 1131 2570 pore
1155 2498 1338 2555 immundum
1362 2498 1456 2553 fllium
1489 2498 1639 2571 concipiet,
1665 2498 1803 2572 quoniam
1834 2500 1911 2554 anti·

1060 2602 1135 2659 quus
1153 2602 1280 2659 serpens,
1305 2586 1461 2660 quiedam
1476 2587 1634 2659 absorbuit,
1649 2587 1732 2643 illum
1747 2588 1802 2643 hoc
1822 2590 1911 2643 modo

1060 2690 1125 2731 cuni
1149 2676 1228 2731 omni
1253 2676 1339 2731 turba
1360 2691 1412 2731 sua
1431 2674 1553 2746 inflabit,
1578 2680 1611 2732 ut
1635 2691 1688 2731 nec
1703 2676 1812 2748 aliquid
1839 2677 1911 2732 boni

1059 2765 1091 2820 in
1113 2764 1206 2837 ipsum
1228 2764 1326 2832 intret,
1358 2780 1412 2821 nec
1436 2764 1467 2820 in
1486 2766 1599 2821 eo'esse
1620 2763 1720 2837 possit.
1750 2766 1781 2819 lii
1804 2764 1912 2822 abditis

1060 2854 1138 2909 enim
1153 2852 1221 2909 etin
1235 2852 1353 2910 diversis
1367 2852 1439 2908 locis
1464 2852 1618 2920 nutrietur,
1635 2868 1672 2908 ne
1687 2853 1722 2909 ab
1741 2852 1911 2909 bominibus

1059 2946 1258 3015 cognoscatur,
1281 2941 1472 3014 omnibusque
1487 2940 1636 2997 diabolicis
1663 2940 1772 2998 artibus
1793 2942 1910 2998 imbue·

1059 3036 1118 3101 tur,
1134 3035 1164 3087 et
1190 3046 1281 3103 usque
1302 3030 1339 3087 ad
1361 3030 1462 3104 plenos
1477 3030 1540 3087 dies
1556 3032 1648 3087 celatis
1663 3046 1722 3087 sua
1746 3031 1907 3087 occultabi-

1059 3124 1116 3184 tur,
1141 3135 1194 3175 nec
1208 3120 1420 3191 perversitates,
1443 3120 1552 3192 quaein
1571 3135 1601 3175 ee
1621 3124 1715 3189 erant,
1740 3120 1908 3175 manifesta-

1059 3208 1113 3277 bit,
1127 3210 1289 3282 usquedum
1317 3224 1348 3265 se
1376 3209 1540 3280 plenumst
1563 3208 1849 3281 superabundantem
1878 3209 1907 3263 in

1060 3296 1168 3353 cunctis
1196 3296 1397 3370 iniquitatibus
1418 3296 1593 3369 cognouerit.
1622 3297 1666 3353 eh
1698 3296 1782 3353 initio
1810 3301 1907 3354 autem

1060 3390 1140 3442 ortus
1171 3385 1250 3442 iltius
1285 3385 1377 3442 multa
1400 3386 1560 3441 certamina
1588 3386 1738 3459 multaque
1763 3387 1908 3443 contrsria

1059 3480 1203 3532 rectarum
1226 3474 1440 3530 ordinationum
1458 3474 1607 3542 ebullient,
1625 3478 1654 3531 et
1674 3474 1778 3530 ardens
1796 3476 1907 3547 justitia

1059 3580 1077 3620 a
1094 3564 1265 3621 rectitudine
1284 3579 1336 3619 sua
1363 3562 1609 3633 obtenebrabitur,
1625 3567 1654 3620 et
1668 3563 1792 3619 charitas
1805 3565 1836 3619 in
1854 3564 1908 3619 bo·

1059 3652 1186 3710 minibus
1205 3651 1414 3725 exstinguetur.
1444 3652 1477 3708 In
1501 3652 1542 3707 eis
1569 3666 1686 3725 quoque
1696 3652 1859 3710 amaritudo
1880 3658 1910 3709 el

1059 3742 1201 3814 asperitas
1220 3741 1342 3811 orietur,
1366 3756 1398 3797 ac
1416 3744 1504 3797 tentoe
1521 3740 1646 3797 hereses
1664 3740 1745 3809 itant,
1760 3746 1795 3798 ut
1818 3742 1908 3798 etiam

155 4504 184 4557 et
208 4499 280 4575 ditm
304 4498 460 4572 aliquando
484 4498 624 4571 iniquitas
662 4497 751 4572 viget,
777 4496 890 4571 justitia
923 4498 1005 4556 illum

154 4588 312 4657 contundit,
336 4588 474 4660 quoniam
498 4588 625 4643 mundus
643 4586 675 4643 iii
690 4603 749 4644 uno
763 4591 840 4644 statu
852 4603 1003 4662 nunquam

153 4681 316 4749 permanet.

153 5344 244 5401 prope
267 5327 356 5386 tinem
378 5328 510 5401 ejusdem
529 5327 690 5385 medietatis
705 5328 755 5385 ubi
780 5329 901 5401 pretate
923 5330 1002 5389 linea
1055 5338 1115 5391 tem
1143 5334 1221 5406 tecit,
1240 5341 1374 5408 utsupra
1393 5334 1502 5391 dictum
1524 5338 1577 5405 est,
1602 5334 1681 5391 velut
1708 5348 1813 5406 magno
1833 5332 1903 5390 ttatn

153 5417 247 5474 eidem
262 5423 332 5475 rote
347 5416 434 5475 auxi
448 5422 492 5474 est
507 5421 637 5491 apparet,
660 5418 715 5475 hoc
726 5417 905 5479 demonstrat
922 5422 1001 5495 quod
1055 5423 1213 5480 ventitrcta
1223 5426 1292 5480 tunc
1314 5422 1441 5495 primuni
1458 5423 1630 5493 movebitur,
1646 5422 1785 5497 quoniam
1808 5438 1901 5496 usqne
