3984 6034
105 203 169 259 litt

101 352 113 381 ι
127 332 242 399 Spiritus
259 330 367 383 Domini
378 328 514 383 lersbstur
526 343 606 399 super
616 343 699 445 aguas
717 331 771 383 sin
786 330 912 395 apostolis
926 332 952 381 et

100 396 200 463 populo
220 396 351 447 credente
374 408 422 460 per
441 394 554 459 gratiam
575 394 643 461 spiri
657 409 688 445 ιιι
708 394 793 446 ιιιιιι
812 395 954 506 ιιιιριιιιὲῗό

102 461 145 509 ιιι.

133 520 204 571 xxl.
219 548 250 557 -
263 522 330 570 ltem
352 520 433 569 verba
448 518 532 567 David
551 520 579 568 in
592 518 693 580 psalmo
707 533 788 568 xxviii
808 518 953 583 prophetie,

102 581 215 693 apotstoii
230 586 257 633 et
276 582 398 632 doctores
413 593 532 631 consona
546 594 620 643 voce,
635 586 662 631 et
673 582 787 645 qualiter
800 580 954 692 ⁸⁰⁰i⁹¹⁸¹iffss

104 660 167 696 siu.

134 707 214 755 xliii.
230 732 261 742 -
274 704 418 764 Quomodo
431 705 511 755 verbu
523 704 570 754 Dei
582 704 705 761 dicentis,
722 724 734 748 ιι
749 704 807 754 Fiat
824 702 885 763 lux,
900 720 914 750 ι
928 708 955 753 ιι

103 772 299 831 celeriusque
318 768 351 816 ad
374 766 409 823 id,
426 786 438 812 s
456 768 563 816 Factum
584 771 624 817 ιιι
642 780 749 829 ιιιριιι
764 770 791 815 ιι
807 779 884 814 uisne
898 764 955 815 dies

104 844 175 879 uuus
190 847 203 876 ι
220 830 247 879 iu
258 834 352 879 exortu
364 829 425 878 lidei
440 828 607 884 Christianis,
618 828 839 891 otpraedicatioue
851 832 955 889 apiosto-

104 891 202 953 lorum,
218 898 244 942 et
258 892 388 941 divisione
402 891 565 963 fideliumab
575 891 718 940 incredulis
730 889 878 940 secundum
891 890 955 939 alie·

104 955 500 1075 goficlffit-{nffiriffistllbpliessc
508 957 608 1087 ‘effigia
620 1027 682 1087 pure
696 1014 729 1064 de
739 1014 873 1087 creatione
893 952 954 1062 ιῗὲιῖ

104 1082 131 1125 ιι
145 1082 231 1136 terrie,
246 1080 288 1128 rel
305 1078 337 1126 de
354 1091 441 1188 ogere¹
454 1090 532 1141 primi
552 1076 604 1126 diei
619 1090 645 1125 iu
662 1078 755 1125 Genesi
769 1081 865 1139 scriptu
879 1080 952 1132 sunt,

105 1139 133 1188 iu
148 1140 350 1190 couversatione
389 1139 486 1188 ominis
505 1152 537 1187 ex
558 1138 669 1187 diversis
687 1139 790 1187 naturis
813 1138 910 1187 animai
929 1141 955 1186 et

105 1202 224 1265 corporis
246 1201 394 1251 coustantii
417 1201 496 1264 justa
521 1200 648 1249 moralem
674 1213 782 1249 sensum
801 1198 955 1310 accipieggz

105 1269 178 1312 sttui.

136 1323 227 1373 xxiii.
240 1324 420 1384 —Quomodo
433 1336 463 1373 ea
476 1336 536 1386 qum
551 1323 584 1373 de
595 1323 784 1373 constitutione
795 1322 955 1372 firmamenti

105 1390 133 1437 et
151 1386 281 1435 divisione
301 1399 430 1449 aqiiarum
453 1385 580 1449 leguntur
598 1386 630 1435 ad
645 1386 759 1435 litteram
782 1384 956 1449 intelligenda

105 1449 199 1498 sinlei
210 1449 291 1498 verba
304 1447 387 1496 David
406 1460 441 1497 ex
459 1450 562 1512 psalmo
581 1462 645 1497 xiiii
662 1447 694 1496 ad
716 1447 786 1497 idern
799 1446 955 1563 ιριιιιιιὸιῖιὲ.

139 1570 215 1629 xxv.
244 1597 275 1606 -
304 1570 380 1629 Quod
406 1571 552 1620 secundum
578 1569 729 1629 allegoriam
758 1570 955 1620 firmamentum

106 1632 235 1691 Christus,
246 1632 288 1682 val
302 1633 366 1681 tides
379 1632 483 1682 Christi.
498 1632 594 1682 divisio
608 1648 623 1683 ι
644 1646 736 1683 uarum
750 1632 824 1682 lirma
841 1633 955 1697 interpo-

107 1695 168 1745 sitio
184 1695 304 1758 ejusdem
319 1694 388 1755 lidei,
404 1708 457 1757 qua
475 1694 508 1743 ab
529 1646 680 1745 intestibus
694 1694 784 1745 fldeles
802 1695 954 1753 diruuntur,

107 1770 154 1807 ves
173 1761 250 1807 eraet
260 1768 338 1805 mane
348 1756 375 1805 in
386 1770 448 1805 casu
461 1755 517 1805 vitii
527 1761 554 1806 et
563 1757 668 1807 virtutis
677 1760 737 1807 ortu
745 1756 891 1814 accipiatur
910 1757 955 1807 928

164 1819 231 1867 xvi.
250 1846 281 1855 -
303 1818 372 1877 Quis
389 1818 458 1868 sicut
473 1818 530 1867 dies
548 1819 682 1869 secundus
701 1819 758 1868 sina
782 1819 956 1868 luminaribus

108 1881 169 1930 coeli
189 1880 249 1939 luit,
273 1880 311 1928 itu
333 1885 358 1930 et
386 1880 449 1929 lldes
465 1880 563 1943 absque
583 1880 679 1930 lucidis
707 1880 832 1945 operibus
855 1881 956 1931 nuliius

107 1942 194 1992 laudis
207 1942 250 2001 sit,
262 1946 289 1991 et
304 1942 364 1991 ideo
377 1942 403 1990 iii
419 1954 496 2005 opere
511 1942 630 2005 ejusdem
641 1943 693 1992 diei
706 1943 777 1992 sicut
786 1944 814 1991 iu
828 1944 956 2006 operibus

108 2009 264 2055 ceterorum
279 2018 333 2053 uon
349 2007 388 2054 est
403 2004 530 2067 positum,
544 2022 557 2049 ιι
570 2004 636 2055 vidit
649 2005 720 2055 Deus
737 2005 808 2067 quod
823 2008 892 2053 esset
904 2004 954 2114 1331

110 2080 185 2115 uum.
198 2082 212 2111 ι

140 2126 242 2177 xxvii.
258 2152 288 2162 -
305 2126 382 2184 Quod
394 2128 541 2177 secundum
553 2127 679 2177 moralem
690 2140 797 2177 sensum
810 2126 957 2176 lirniameu·

109 2192 167 2239 tum
191 2188 354 2251 intelligatur
366 2190 449 2239 vitriis
468 2188 644 2248 discretionis,
659 2190 722 2253 quis
741 2188 825 2238 tidelis
841 2188 954 2252 quisque

109 2252 138 2300 in
157 2250 242 2299 activa
261 2256 287 2299 et
307 2249 512 2314 contemplativa
528 2252 582 2301 rita
605 2255 631 2300 et
648 2252 752 2315 corpori
774 2252 921 2301 necessaria
940 2264 955 2299 a

110 2314 260 2377 superliuis,
273 2312 319 2361 sed
333 2318 360 2363 et
373 2314 469 2363 animae
481 2313 597 2363 salubris
611 2328 627 2363 a
646 2314 734 2363 noxiis
752 2326 889 2364 secernere
903 2326 955 2425 [ligi

110 2374 155 2424 vil.
926 2390 932 2399 ’

141 2435 256 2485 xxviii.
278 2461 309 2471 -
334 2436 524 2486 Testimonium
549 2436 695 2500 Evangelii,
717 2436 745 2486 in
776 2450 812 2486 uo
835 2436 955 2499 Sponsus

111 2498 193 2548 istuis
206 2496 353 2561 virginibus
367 2498 431 2548 dicit
445 2511 451 2546 ι
468 2514 483 2545 ι
494 2499 587 2547 Νιιιιο
600 2512 657 2556 vos,
674 2518 686 2542 ι
699 2504 726 2549 ιι
739 2450 774 2549 ag
787 2499 851 2563 quid
862 2498 905 2549 bic
917 2513 956 2547 us·

110 2565 245 2670 sumptum
257 2564 284 2609 ιι
293 2574 347 2681 διο
359 2573 438 2610 sensu
451 2560 633 2625 accipiendum
647 2561 691 2611 sit.
910 2562 955 2611 92⁵

142 2623 162 2672 x
189 2623 233 2672 ll.
248 2647 279 2656 -
316 2635 379 2671 aare
393 2622 472 2671 etiam
499 2626 561 2672 uxta
576 2622 750 2672 moralitatem
766 2636 833 2687 opus
845 2622 955 2673 secundi

110 2684 172 2737 diei.
188 2698 249 2733 eum
262 2684 362 2733 bouum
375 2683 417 2744 sit,
431 2636 509 2733 laude
521 2684 647 2755 bonitatis
658 2689 755 2734 careat.
909 2686 955 2734 926

142 2746 219 2795 xxx.
235 2762 268 2782 ·-
284 2745 422 2804 Quomodo
439 2746 510 2809 quod
530 2750 656 2809 scriptum
671 2752 720 2805 est,
734 2766 746 2791 ιι
760 2751 956 2810 congregentur

110 2821 187 2871 aqum
202 2826 214 2851 ι
230 2808 359 2873 usquead
372 2806 399 2856 id
421 2824 435 2854 s
452 2808 550 2857 tactum
572 2813 612 2857 est
629 2822 737 2871 vespere
758 2813 785 2857 et
805 2822 883 2858 mane
900 2808 956 2858 dies

112 2869 230 2981 tetrtiusu
246 2870 392 2920 secundum
418 2869 534 2919 litterum
547 2878 726 2933 competenter
752 2870 956 2983 intelligendgffl

111 2946 154 2981 sl.

144 2992 236 3043 xxxi.
252 3021 283 3030 -
302 2994 388 3043 Verba
401 2992 448 3043 bei
467 2992 494 3043 in
509 2992 577 3043 libro
592 2993 666 3043 isaim
687 2992 820 3056 prophetui
834 2994 955 3054 dicentis,

112 3055 227 3113 «Tacui,
241 3070 345 3119 semper
358 3056 428 3111 silui.
444 3056 547 3119 patiens
560 3054 608 3114 lui,
622 3056 690 3105 sieut
702 3055 806 3127 pariens
821 3056 921 3120 loquar,
940 3076 952 3099 n

112 3122 139 3168 et
156 3118 184 3167 in
204 3119 307 3181 psalmo
328 3119 445 3168 secundo
465 3118 598 3182 loquentis
616 3118 650 3167 ad
664 3117 770 3178 Filium,
785 3118 865 3181 «Ego
879 3117 957 3169 bodie

113 3180 193 3289 genpi
207 3184 241 3241 te,
258 3196 271 3226 ι
287 3184 313 3229 ιι
326 3180 359 3230 ad
373 3180 437 3243 quid
449 3179 492 3230 hle
506 3180 593 3244 posita
605 3178 667 3239 sint,
679 3182 707 3229 et
717 3182 851 3243 quomodo
861 3180 957 3293 ιιιιιὲιῖιέ

131 3254 163 3289 ιιι
180 3253 219 3291 ur.

113 3256 130 3305 g
145 3300 246 3359 xililll.
261 3329 291 3339 -
306 3301 374 3361 Quia
385 3301 412 3351 id
423 3302 493 3366 quod
505 3302 688 3355 Deusvocavit
698 3302 798 3353 aridam
813 3306 918 3361 terram,
932 3309 959 3354 et

113 3364 331 3428 congregationes
343 3377 470 3436 aquarum
485 3378 518 3428 ap
537 3365 627 3415 allusit
640 3365 732 3437 maria,
744 3365 822 3429 juxta
840 3366 958 3417 diversos

113 3432 248 3490 respectus
263 3426 402 3491 allegorica
417 3426 449 3475 de
466 3380 580 3477 Eccfesia
599 3430 752 3490 accipiatur,
776 3440 835 3489 quse
854 3429 886 3477 de
902 3428 959 3490 plu·

113 3489 188 3538 ribus
202 3488 308 3552 populis
321 3488 440 3549 collecta,
454 3493 480 3539 et
494 3489 554 3539 lidei
567 3488 699 3538 soliditate
711 3489 832 3557 lundata,
846 3504 862 3539 a
875 3490 958 3540 David

113 3556 182 3600 terra
197 3551 353 3606 viventium,
368 3555 418 3599 eta
429 3552 533 3601 loaune
544 3551 664 3613 apostolo
679 3550 706 3600 in
714 3551 871 3615 Apocalypsi
887 3566 959 3602 mars

112 3614 225 3663 vitreum
238 3612 345 3662 mistum
369 3625 429 3661 eum
450 3613 511 3685 igne
526 3613 680 3663 nominatur
693 3617 720 3663 et
735 3627 789 3678 quo
807 3628 886 3663 sensu
902 3614 959 3663 baec

113 3675 206 3725 eudem
218 3674 371 3724 testimonia
383 3674 466 3738 accipi
480 3674 601 3724 debeant.
913 3678 959 3727 928

146 3736 263 3786 xxxiii.
278 3762 309 3772 -
324 3734 401 3795 Quod
413 3742 504 3787 uterus
519 3736 650 3793 Ecclesiae,
664 3736 895 3801 instarqu'usdam
910 3744 960 3789 ter·

114 3812 160 3857 rie,
177 3804 204 3848 et
215 3798 325 3848 barbam
340 3799 468 3848 virentem
482 3798 511 3848 in
525 3799 693 3864 simplicitate
707 3797 825 3848 fidelium
838 3800 960 3863 parvulo·

114 3874 182 3919 rum,
203 3864 230 3910 et
249 3860 322 3925 ligna
342 3861 469 3921 pouiilera
484 3860 513 3911 iti
531 3861 641 3910 robusta
659 3860 813 3925 operatione
834 3862 961 3925 periecto-

113 3936 173 3972 rum
186 3921 265 3972 modo
279 3922 418 3986 germinet,
434 3929 461 3971 st
469 3921 546 3986 juxta
561 3936 651 3973 semen
664 3923 722 3973 laus
737 3923 797 3972 fidei
810 3923 838 3972 iu
853 3938 960 3974 sueces-

115 3985 189 4035 sioue
204 3984 368 4034 credentium
383 3998 468 4057 usque
486 3986 514 4034 in
529 3984 608 4035 duem
628 3985 803 4048 germinativa
816 3986 860 4045 sit,
872 3992 899 4036 et
909 3986 961 4035 boc

114 4047 295 4107 iudiciariis,
313 4046 413 4096 scilicet
424 4060 451 4095 in
465 4047 583 4097 claritate
594 4047 712 4111 ejusdem
728 4047 799 4097 iidei.
915 4050 960 4098 939

145 4108 259 4158 xxxiv.
281 4135 312 4144 -
333 4109 398 4157 item
437 4109 552 4181 uomodo
575 4123 606 4158 es
626 4123 686 4173 quei
708 4110 799 4159 eodem
822 4110 899 4159 tertio
918 4110 961 4159 die

114 4170 184 4219 iacta
198 4175 350 4228 narrantur,
363 4122 560 4241 perbistoriam
573 4170 599 4220 iu
613 4171 732 4221 moribus
749 4171 862 4222 filiorum
876 4172 962 4222 Eccle-

115 4233 161 4281 siae
178 4232 348 4283 invenientur
355 4236 435 4305 Juxta
448 4232 630 4297 tropologiam,
643 4232 769 4297 adjuncto
783 4234 816 4283 ad
827 4233 878 4283 hoc
889 4248 960 4283 com-

114 4293 214 4358 petenti
229 4295 380 4345 testimonio
396 4294 541 4356 Evangelii,
556 4300 583 4345 et
596 4309 649 4359 quo
661 4310 740 4345 seusu
754 4295 836 4361 accipi
856 4296 960 4407 debe9u3ti

145 4418 247 4468 XXXV.
261 4444 292 4455 -
307 4418 449 4478 Quomodo
462 4417 495 4467 ad
509 4417 624 4469 litteram
642 4417 826 4481 accipiendum
845 4420 880 4469 sit
891 4419 963 4483 quod

115 4481 351 4593 tilieti!
359 4480 862 4607 l{dilituit..illelius
871 4481 963 4594 liis

116 4604 569 4725 βρξιιῗιῖιῑιιιΜ-ιῖθὃιιθιῗιᾳιυιιιῖιιιιιιιειιιιιιι
587 4666 740 4730 allegoriam
767 4608 962 4741 uruauieniffi

117 4728 226 4777 drmitas
240 4728 395 4777 Christianus
410 4728 481 4789 fidei,
500 4743 547 4792 per
567 4729 620 4778 duo
637 4742 734 4793 magna
748 4728 889 4779 luminario
902 4730 962 4780 duae

116 4792 268 4853 potestates,
281 4790 425 4854 spiritualis
440 4792 466 4839 in
481 4790 673 4851 sacerdotibus,
689 4796 715 4841 et
727 4791 862 4841 saecularis
876 4792 903 4840 in
920 4807 961 4842 re·

117 4852 204 4925 gibus,
219 4865 264 4914 per
275 4851 365 4900 stellas
381 4852 497 4901 minores
511 4853 556 4917 qui
569 4853 619 4903 suli
635 4852 687 4902 illis
705 4858 777 4911 sunt,
800 4853 903 4918 praeloti
922 4854 964 4903 ιιι

113 4914 217 4979 iudices
229 4913 420 4975 designantem
434 4914 480 4977 qui
494 4928 589 4965 omnes
602 4914 681 4978 positi
694 4922 756 4965 sunt
770 4920 799 4965 ut
812 4916 964 4965 illuminent

117 4984 223 5032 terram,
238 4975 381 5025 Ecclesium
403 4990 450 5039 per
461 4977 531 5026 diem
548 4980 575 5026 ιι
588 4979 692 5026 noctem
707 4978 874 5036 instruendo,
889 4978 963 5041 spiri·

117 5037 182 5088 tales
194 5038 321 5087 doctrinm
331 5042 361 5111 et
374 5037 557 5109 exemplorum
573 5038 684 5100 lumine,
702 5044 730 5090 et
742 5040 889 5091 coercendo
903 5054 964 5089 car-

116 5098 190 5151 nates
206 5114 318 5148 censura
326 5102 445 5163 justitiis.
918 5104 963 5153 334

148 5161 276 5211 llxxvii.
294 5188 325 5197 -
343 5162 407 5210 item
424 5163 486 5225 quis
500 5162 647 5213 secundum
668 5162 841 5227 tropologiam
861 5177 907 5228 per
919 5166 963 5214 iir-

116 5227 278 5273 msmentam
298 5222 422 5273 discretio
442 5224 561 5283 rationis,
576 5238 623 5288 per
638 5224 691 5275 duo
711 5240 807 5290 magua
821 5226 964 5276 luminaria

116 5286 169 5335 duo
191 5290 322 5358 praecepta
344 5284 488 5348 charitatis,
511 5300 558 5350 per
579 5286 669 5335 stellas
691 5292 769 5337 rectae
791 5288 963 5351 cogitationes

116 5348 309 5411 intelligentur,
326 5351 355 5397 ut
366 5361 415 5419 per
428 5348 478 5398 ista
493 5348 604 5412 quisque
616 5348 700 5397 tidelis
714 5349 879 5399 illuminatus
889 5350 962 5399 solii·

117 5410 168 5459 cite
181 5410 315 5459 discernat
327 5410 391 5473 quid
405 5408 515 5459 honoris
529 5415 556 5460 et
566 5410 658 5473 gratim
672 5412 726 5459 Deo
751 5412 814 5473 quid
828 5419 855 5462 et
867 5424 922 5461 sure
936 5417 965 5462 et

117 5472 507 5584 Εἱιιιιῑιᾶιιιιὲιιιιᾝιίιΐιξιὲιέὲὲιιιιι
529 5472 675 5522 secundum
693 5486 721 5522 ιι
733 5477 805 5522 uteui
821 5474 963 5591 ιιιιιιιιιι93ιὲ

169 5549 176 5582 ι
233 5550 257 5583 ui
273 5550 286 5584 ι
368 5549 375 5582 ι
500 5570 506 5582 .

149 5550 350 5648 XXXXVlll.p-
364 5596 506 5655 Quomodo
519 5596 552 5646 ad
568 5595 682 5646 litteram
702 5596 903 5661 intelligendum
918 5597 962 5657 sit,

116 5658 411 5785 liiildiltbiltl
420 5658 646 5772 {sitierit-⁶.
656 5659 962 5786 “liliilliiulilt

668 199 749 269 ellit:
767 200 801 259 tlt
823 199 892 261 ttec
909 197 1003 261 ΤΟΙΟ
1021 198 1274 261 certiorarer.

1783 208 1849 267 tiit

1005 343 1072 443 rdsiieiis,
1087 330 1247 445 suitillsffluepd
1264 330 1291 383 ld
1307 345 1313 383 i
1331 350 1343 379 ι
1365 330 1397 387 tit
1416 328 1515 385 lactum
1535 334 1576 387 est
1597 347 1707 403 vespero
1728 338 1756 389 et
1771 350 1850 451 ιιιιθιέῗ

1040 456 1095 505 lilii
1111 455 1153 507 tx.
1176 456 1290 517 -Quia
1314 459 1383 507 lieus
1402 458 1509 509 unicum
1533 449 1626 510 liiliiim
1648 474 1725 511 suum
1750 462 1851 512 mundo

1008 516 1188 579 destinaverit,
1201 520 1276 583 cujus
1287 520 1473 583 praedicatione
1483 520 1606 571 sublimia
1621 523 1734 575 ccelesiis
1744 537 1852 574 conver·

1008 579 1118 629 sationis
1130 586 1261 645 prsecepta
1274 582 1414 637 dalasunt,
1431 582 1526 645 quibus
1535 584 1664 647 spiritales
1675 585 1852 636 acarualibus

1008 642 1240 692 discernerentur:
1256 648 1281 693 et
1293 646 1372 693 rerba
1386 644 1520 707 Evangelii
1528 646 1560 695 de
1572 646 1753 709 relinquendis
1767 650 1852 698 omui·

1008 703 1058 752 bus
1073 717 1131 752 cum
1147 705 1260 767 eleganti
1273 706 1437 769 expositione
1452 706 1485 755 ad
1500 707 1703 758 instructionem
1716 710 1852 773 evangeli-

1008 778 1045 814 ιιι
1058 764 1204 828 discipilum
1219 768 1374 831 pertinente.
1805 774 1851 823 939

1038 827 1088 875 xt.
1098 852 1128 862 -
1144 829 1206 877 item
1215 830 1296 879 verba
1308 828 1442 893 Evangelii
1452 829 1484 878 de
1494 830 1584 879 multis
1596 832 1780 881 mansionibus
1792 846 1852 897 quie

1007 887 1035 961 iii
1052 889 1136 961 donin·
1148 890 1232 963 Patris
1246 896 1317 964 sunt.
1333 896 1359 942 et
1371 891 1403 941 de
1416 889 1513 965 duplici
1523 904 1620 955 genera
1635 894 1749 945 liliorum
1763 896 1852 945 Eccle-

1007 953 1585 1087 erretissecubuere..
1719 1016 1751 1067 ..ι
1767 958 1852 1069 ..ιι

1008 1080 1127 1123 mentum
1141 1090 1156 1125 a
1170 1078 1222 1125 lieo
1236 1078 1296 1126 dala
1306 1090 1333 1125 in
1344 1077 1454 1140 spirituli
1467 1081 1636 1139 generatione
1649 1078 1851 1143 baptizatorum,

1008 1141 1034 1185 et
1046 1134 1075 1207 iu
1094 1138 1253 1187 fecunditate
1274 1139 1400 1188 virtutum
1415 1138 1543 1202 cujusque
1558 1140 1642 1189 tidelis
1657 1141 1805 1205 impleatur.
1827 1145 1854 1191 et

1008 1210 1056 1246 cur
1069 1202 1118 1249 ista
1132 1201 1225 1263 quinto
1238 1200 1290 1250 dici
1302 1201 1476 1250 ascribantur.
1807 1205 1849 1253 9ιι

1036 1259 1113 1331 ¹lilii.
1128 1288 1159 1297 -
1175 1262 1293 1322 Qualiter
1308 1276 1340 1312 ea
1356 1274 1415 1327 quse
1435 1274 1514 1324 opere
1547 1261 1614 1311 uinti
1631 1264 1683 1314 diei
1704 1270 1731 1315 et
1744 1264 1853 1315 benedi-

1008 1326 1092 1370 ctione
1107 1323 1153 1373 Dei
1169 1338 1248 1387 super
1261 1324 1331 1373 idem
1346 1338 1412 1388 opus
1433 1336 1510 1372 suuni
1528 1276 1594 1373 bais
1606 1326 1638 1375 ad
1651 1327 1854 1376 instructionem

1009 1384 1177 1435 mortalitatis
1198 1386 1290 1435 reterri
1320 1386 1441 1451 debeant,
1462 1384 1579 1435 adhibito
1609 1389 1760 1439 testimonie
1779 1389 1854 1437 lruiie

1009 1446 1142 1507 prophetie
1158 1448 1291 1497 dicentis:
1316 1467 1327 1493 ι
1348 1447 1398 1507 Qui
1412 1450 1475 1497 sunt
1489 1446 1532 1495 isti
1553 1446 1597 1509 qui
1614 1454 1642 1499 ut
1659 1450 1743 1499 nubes
1764 1449 1855 1499 volant

1009 1512 1036 1555 et
1054 1510 1133 1581 quusi·
1148 1510 1277 1582 columbae
1293 1510 1326 1559 ad
1341 1512 1469 1583 fenestras
1486 1522 1557 1569 etius,
1581 1526 1593 1550 r
1608 1516 1635 1562 st
1650 1510 1783 1575 quomedo
1805 1510 1855 1559 hoc

1009 1572 1471 1707 fluffi'llilfnssuffigrfflosbileteria
1489 1652 1548 1703 quie
1567 1639 1600 1689 de
1621 1649 1700 1699 opere
1718 1634 1785 1684 sexti
1803 1574 1855 1683 3³}

1010 1704 1037 1802 {ti
1049 1695 1223 1806 progenitoris
1232 1702 1414 1777 iumentorum
1430 1705 1456 1751 et
1469 1701 1603 1773 ¹reptilium
1619 1704 1695 1771 terris
1714 1701 1741 1807 ιᾶ
1760 1696 1855 1769 lorins-

1010 1766 1081 1925 {iii
1096 1760 1857 1892 iiiiiiilillubiiilliiiilliteratis}

1030 1876 1067 1950 ila
1080 1881 1134 1938 liei,
1149 1895 1228 1945 quam
1243 1882 1275 1931 ab
1291 1886 1389 1932 aeterno
1404 1899 1435 1935 es
1450 1886 1557 1950 Virgine
1571 1886 1768 1947 assumpturum
1786 1894 1856 1944 pria·

1010 1948 1131 2001 sciverat,
1154 1948 1181 1993 et
1194 1944 1340 1993 seeundum
1360 1946 1475 1998 animani
1498 1962 1543 2011 per
1561 1946 1698 1998 scientiam
1716 1944 1758 1994 rei
1771 1944 1856 1993 imita-

1009 2001 1108 2055 tionem
1124 2004 1188 2055 boni
1200 2004 1233 2054 ad
1248 2005 1448 2059 similitudinem
1464 2010 1611 2060 divinitatis
1622 2010 1707 2058 lactus
1719 2006 1761 2055 sit.
1810 2006 1856 2055 stt

1046 2068 1135 2117 itttv.
1151 2093 1181 2103 -
1200 2066 1338 2125 Quomodo
1347 2068 1424 2132 justa
1438 2072 1489 2121 alle
1508 2072 1590 2121 oriam
1613 2084 1660 2135 per
1678 2068 1793 2118 Verbum
1808 2065 1856 2116 Dei

1009 2128 1143 2193 loquentis
1158 2141 1204 2191 per
1218 2130 1352 2199 apostolos
1365 2130 1398 2180 de
1408 2137 1477 2182 terra
1490 2086 1613 2183 §cclesias
1628 2133 1656 2181 in
1669 2128 1857 2180 lidscatbolics

1008 2192 1139 2257 jumenta,
1152 2194 1179 2239 et
1192 2190 1303 2253 reptilis,
1325 2196 1351 2241 ιι
1366 2192 1466 2249 bestiae,
1483 2194 1563 2246 bomo
1578 2206 1684 2258 quoque
1696 2192 1741 2254 qui
1754 2191 1856 2239 cunctis

1011 2264 1124 2319 praeesse
1145 2250 1253 2301 deberet
1273 2252 1419 2303 secuudum
1438 2255 1601 2306 differentias
1621 2258 1739 2309 inlatum,
1752 2250 1856 2301 intelle·

1010 2320 1111 2371 ctuum,
1128 2312 1168 2362 vel
1182 2313 1312 2375 graduum
1329 2314 1356 2363 in
1372 2316 1487 2367 Ecclesia
1513 2316 1669 2375 virentium,
1691 2319 1718 2365 et
1732 2314 1776 2363 illa
1793 2326 1857 2376 pro-

1010 2378 1098 2435 ducta,
1114 2380 1140 2425 ιι
1154 2374 1202 2423 iste
1217 2374 1354 2435 ioruiatus,
1366 2382 1392 2427 et
1407 2379 1434 2427 in
1449 2393 1502 2443 quo
1517 2380 1558 2429 ιιι
1573 2378 1606 2429 ad
1622 2376 1684 2441 quid
1700 2388 1817 2426 crescere
1832 2376 1858 2423 ιι

1010 2438 1086 2489 multi
1107 2436 1179 2487 liceri
1190 2436 1361 2500 intelligatur.
1811 2438 1856 2485 stt

1041 2454 1115 2551 itte.
1130 2524 1161 2571 Ι-
1175 2498 1212 2547 be
1224 2498 1373 2549 diuersitate
1393 2500 1548 2550 victualium
1568 2500 1670 2570 homini
1685 2502 1716 2571 ιιΙ
1729 2497 1857 2569 jumentis

1010 2563 1038 2613 in
1054 2565 1147 2611 Genesi
1161 2574 1356 2618 concessorum,
1370 2563 1483 2625 qualiter
1495 2563 1574 2613 modo
1588 2561 1759 2625 spiritualiter
1771 2573 1798 2608 in
1812 2556 1857 2631 ilc-

1010 2624 1090 2677 elusis
1113 2622 1257 2672 secundum
1280 2622 1493 2673 distributionem
1515 2625 1557 2675 ιιι
1576 2623 1770 2689 perceptionem
1783 2634 1858 2685 spiri·

1011 2686 1090 2737 tuulis
1105 2684 1246 2742 alimonias,
1263 2686 1333 2748 quod
1346 2690 1386 2735 ιιι
1402 2686 1512 2735 verbum
1532 2686 1586 2741 Dei.
1603 2688 1737 2743 teneaturi
1752 2686 1778 2733 el
1806 2695 1856 2731 uc-

1010 2749 1090 2799 modo
1114 2746 1263 2811 appositum
1287 2746 1382 2797 Christi
1403 2748 1585 2798 testimonium
1605 2746 1717 2797 dicentis
1733 2760 1739 2794 ι
1756 2696 1856 2795 «fleus

1011 2810 1085 2861 cibus
1100 2813 1140 2858 est
1153 2812 1183 2857 ul
1194 2808 1288 2857 luciam
1310 2808 1471 2859 voluntatem
1493 2810 1577 2860 Patris
1593 2810 1659 2870 mei3
1676 2827 1687 2853 ι
1703 2806 1748 2857 sed
1767 2811 1793 2857 et
1806 2805 1858 2855 boe

1011 2872 1080 2937 quod
1094 2870 1219 2934 scriptum
1233 2874 1273 2919 ιιι
1287 2884 1294 2918 z
1311 2870 1479 2921 alitlactum
1494 2877 1534 2923 est
1549 2884 1657 2937 vespere
1672 2876 1698 2922 et
1711 2882 1789 2919 mune
1800 2867 1857 2916 dies

1012 2938 1110 2987 sextus.
1125 2949 1139 2979 ι
1155 2930 1336 2995 accipiendum
1347 2932 1390 2982 sit.
1810 2932 1856 3001 959

1043 2994 1129 3047 itt-vt.
1143 3020 1175 3030 -
1197 2994 1326 3058 bepetitio
1343 2995 1462 3045 omnium
1483 3008 1543 3059 qun
1563 2995 1596 3045 de
1620 3007 1699 3058 opere
1723 2992 1790 3043 sesti
1805 2990 1857 3041 diei

1010 3058 1108 3121 scripta
1122 3056 1225 3106 suntin
1241 3056 1344 3113 Genesi,
1365 3058 1498 3121 quomodo
1517 3056 1664 3107 secuudum
1679 3054 1857 3105 moralitatem

1012 3118 1124 3185 intelligi
1139 3118 1180 3167 vel
1193 3118 1276 3168 teneri
1290 3118 1412 3177 debeant,
1425 3122 1451 3169 ιι
1469 3118 1599 3185 appositio
1612 3119 1726 3169 duorum
1738 3117 1856 3167 testimo·

1012 3183 1117 3255 niorum
1134 3179 1230 3252 Psalmi
1251 3185 1278 3230 et
1299 3180 1440 3245 Evangelii,
1462 3188 1488 3232 et
1507 3194 1560 3245 quo
1586 3194 1667 3230 seusu
1681 3180 1739 3244 ipsa
1751 3190 1857 3242 quoque

1013 3242 1242 3355 somffridus-sugg
1256 3303 1413 3377 perfectione
1425 3304 1485 3355 coeli
1497 3309 1523 3355 ιι
1537 3308 1622 3377 terrie,
1637 3306 1663 3353 el
1674 3302 1746 3375 omni
1762 3239 1857 3373 οιιιὲῗιὶι

1014 3381 1114 3424 eorum,
1138 3370 1165 3416 st
1183 3366 1359 3430 completione
1377 3379 1485 3431 operum
1512 3367 1568 3423 Dei,
1590 3378 1649 3428 quas
1672 3369 1784 3430 septimo
1807 3364 1859 3413 diei

1014 3428 1162 3486 ascribitur.
1185 3432 1212 3479 et
1231 3429 1263 3478 de
1282 3428 1489 3479 sanctificatione
1509 3428 1627 3493 ejusdem
1647 3427 1708 3485 diei,
1727 3430 1753 3475 et
1769 3426 1801 3475 de
1815 3438 1857 3474 re·

1014 3492 1074 3557 quie
1092 3490 1175 3554 ipsius
1196 3490 1243 3540 Dei
1260 3490 1393 3554 quomodo
1416 3491 1449 3540 ad
1473 3490 1586 3541 litteram
1609 3488 1782 3553 intelligenda
1796 3487 1859 3597 si9nnt:i

1831 3566 1844 3597 9

1045 3614 1158 3664 XLVlll.
1173 3638 1204 3650 -
1221 3612 1341 3671 Qualiter
1355 3612 1411 3663 brec
1425 3613 1571 3663 secundum
1586 3612 1739 3675 allegoriam
1754 3623 1801 3674 per
1817 3610 1859 3659 iu-

1015 3676 1194 3726 carnationem
1208 3674 1265 3725 Filii
1278 3675 1325 3725 Dei
1336 3679 1363 3725 ιι
1375 3674 1589 3739 praedicationem
1602 3672 1737 3731 Evangelii
1752 3678 1778 3722 ιι
1796 3684 1860 3743 ope·

1013 3738 1143 3788 rationem
1159 3738 1241 3788 sancti
1264 3738 1376 3799 Spiritus
1396 3739 1578 3801 compleantur
1594 3736 1622 3785 in
1644 3734 1704 3785 liliis
1727 3733 1859 3788 Ecclesiae,

1015 3803 1041 3850 et
1054 3798 1179 3849 sub'ectis
1193 3798 1253 3849 iidei
1265 3800 1428 3850 Christianae.
1813 3798 1859 3845 953

1047 3813 1133 3914 xttit.
1162 3886 1192 3897 -
1215 3860 1282 3911 Item
1306 3860 1440 3925 quomodo
1459 3860 1516 3911 brec
1535 3860 1626 3911 eadem
1646 3858 1724 3922 juxta
1742 3856 1859 3931 tropolo-

1015 3924 1085 3986 giam
1100 3924 1127 3972 in
1143 3922 1260 3986 proiectu
1275 3922 1686 3987 elperiectioueuniuscujusque
1697 3918 1781 3970 tidelis
1794 3932 1861 3968 eon-

1016 3988 1191 4035 summantur.
1814 3981 1860 4031 954

1048 4046 1129 4097 PARS
1146 4045 1271 4095 taurii.

1046 4110 1118 4159 Visae
1135 4122 1224 4157 sssri.

1047 4170 1120 4219 1.-
1147 4170 1257 4234 llystica
1281 4168 1346 4219 risio
1373 4170 1406 4221 de
1428 4170 1539 4221 mdilicio
1564 4170 1593 4219 iii
1615 4168 1724 4219 modum
1749 4166 1862 4217 civitatis

1016 4236 1132 4292 ostenso,
1146 4231 1178 4281 ds
1193 4234 1282 4281 monte
1294 4244 1346 4295 quo
1367 4246 1398 4283 ue
1410 4238 1458 4283 ets
1477 4232 1553 4283 eeulo
1569 4232 1596 4281 in
1606 4232 1652 4282 illo
1667 4229 1861 4293 resplendente,

1016 4296 1049 4344 de
1064 4294 1135 4344 nube
1150 4294 1271 4357 superius
1291 4246 1407 4353 candidi,
1422 4296 1450 4345 in
1462 4296 1533 4346 erius
1555 4295 1641 4359 nigra,
1665 4297 1691 4343 ιι
1709 4291 1813 4342 ceteris
1833 4291 1861 4339 iri

1016 4356 1106 4407 eadem
1119 4355 1220 4405 visione
1235 4356 1430 4427 apparentibus.
1816 4354 1862 4402 955

1048 4418 1079 4467 ιι.
1094 4444 1124 4455 -
1137 4418 1173 4467 ιιι
1187 4418 1353 4481 prescientia
1370 4422 1396 4469 et
1407 4418 1642 4482 predestinatione
1656 4421 1681 4467 ιι
1696 4414 1863 4466 ordinatione

1017 4480 1063 4531 Dei
1077 4481 1111 4530 ab
1123 4482 1222 4529 reteruo
1235 4479 1325 4529 omnia
1338 4480 1538 4543 ριιιιιοιιιιιιιι,
1552 4485 1579 4531 ιι
1591 4481 1618 4530 ia
1634 4485 1753 4553 tempore
1767 4479 1864 4527 cuncta

1017 4542 1139 4603 creantis,
1166 4545 1190 4591 ιι
1212 4553 1292 4606 opera
1311 4542 1448 4592 rationalis
1469 4548 1596 4593 creaturae
1624 4542 1743 4592 districto
1762 4538 1863 4603 judicio

1018 4603 1203 4655 examinantis.
1816 4602 1862 4651 956

1050 4666 1094 4716 ιιι.
1109 4693 1138 4702 -
1153 4664 1232 4724 Quod
1246 4665 1356 4715 scientia
1374 4666 1420 4715 Dal
1435 4664 1517 4715 multu
1530 4665 1665 4729 incognita
1680 4669 1706 4715 et
1722 4668 1819 4715 secrete
1834 4662 1862 4712 iii

1018 4742 1045 4778 ιι
1055 4728 1164 4783 habens,
1173 4727 1351 4777 ostensionem
1361 4728 1520 4777 mirabilium
1532 4741 1640 4778 suorum
1652 4726 1798 4777 seeundum
1806 4725 1862 4789 pla·

1018 4790 1100 4841 citum
1115 4803 1194 4861 suiiui
1208 4789 1346 4861 producat,
1364 4795 1390 4862 et
1401 4788 1464 4852 quid
1477 4788 1607 4863 significet
1621 4790 1736 4840 trimoda
1753 4787 1862 4853 angelo-

1017 4867 1082 4963 rufill
1089 4866 1106 4917 q
1107 4851 1202 4963 3313?
1208 4850 1308 4978 slptilrrliltau‘⁵
1323 4856 1738 4985 322⁰2setffi'1pffiup'2'rosaios
1755 4852 1864 4975 auggg}

1018 4976 1052 5027 ad
1066 4974 1243 5040 repellendam
1255 4978 1281 5025 et
1293 4974 1517 5047 comprimendam
1529 4978 1761 5037 presumptionem
1771 4988 1863 5037 repro-

1018 5040 1113 5089 borum
1129 5038 1285 5101 angelorum
1305 5040 1448 5093 excitante,
1468 5034 1539 5085 etde
1560 5036 1720 5099 symphonia
1732 5038 1864 5087 bonorum

1018 5100 1173 5165 angelorum
1185 5099 1352 5163 infatigabili,
1367 5104 1393 5149 et
1407 5098 1475 5148 ultra
1486 5098 1623 5147 bominum
1642 5097 1804 5147 intellectum
1820 5098 1862 5148 iu-

1018 5163 1168 5213 aestimabili
1181 5166 1207 5212 et
1219 5176 1322 5226 semper
1333 5174 1402 5212 nora
1410 5158 1583 5211 admirabere
1594 5159 1677 5209 Deum
1688 5158 1864 5273 ιιιιιιιιιιιιιθιέιέ

1049 5286 1080 5337 V.
1096 5313 1126 5323 -
1141 5286 1217 5345 Quod
1233 5284 1321 5349 aliqua
1341 5300 1402 5349 pars
1415 5285 1552 5336 beatorum
1570 5281 1710 5347 spirituum
1725 5295 1821 5353 arcana
1836 5286 1863 5333 in

1018 5349 1086 5399 ereio
1107 5362 1226 5404 maneus.
1252 5354 1278 5398 et
1296 5348 1380 5397 vultui
1402 5348 1442 5397 sui
1460 5345 1590 5397 Crantoris
1607 5356 1710 5405 semper
1728 5348 1862 5403 assistens,

1018 5424 1078 5460 raro
1098 5410 1130 5461 nd
1148 5410 1279 5460 exteriora
1296 5411 1425 5469 mittatur,
1446 5410 1534 5469 alisius
1552 5420 1613 5457 vero
1635 5418 1694 5469 qum
1709 5404 1863 5479 augelorum

1018 5473 1126 5522 nomine
1143 5476 1273 5530 censetur,
1291 5473 1323 5521 ad
1344 5472 1447 5521 diversa
1461 5470 1546 5521 ollicia
1567 5482 1671 5533 sempor
1682 5480 1792 5540 exurens,
1803 5480 1863 5516 eum

1019 5548 1126 5585 necesse
1138 5542 1185 5589 est,
1202 5534 1353 5584 hominibus
1365 5540 1502 5598 apparest;
1516 5536 1543 5582 et
1556 5532 1626 5597 quod
1643 5543 1730 5581 omnis
1745 5532 1861 5577 rationa-

1018 5596 1052 5646 lis
1065 5600 1186 5646 creatura
1203 5609 1257 5647 non
1272 5610 1357 5661 suam,
1372 5597 1418 5647 sed
1431 5594 1561 5646 Creatoris
1575 5594 1687 5660 gloriam
1702 5603 1806 5655 semper
1817 5589 1864 5640 da-

1018 5659 1078 5708 bset
1092 5671 1218 5722 quaerere.
1816 5652 1862 5703 959

1050 5720 1093 5770 Vl.
1109 5720 1236 5771 -Verba
1250 5720 1395 5771 Psalmistas
1414 5735 1446 5771 ss
1468 5719 1570 5786 psalmo
1591 5735 1641 5771 xcii
1660 5720 1692 5770 ad
1713 5716 1782 5769 idem
1804 5728 1865 5781 spe-
