3984 6034
161 177 208 232 lll
905 174 932 230 S.
955 170 1195 230 ultuuuanurs
1862 176 1911 228 tlt

156 312 255 369 dolore
277 311 313 368 ed
332 310 405 366 lilios
428 326 508 366 meas
536 309 620 366 redii.
651 309 693 366 nd
724 309 782 365 alie
804 325 919 382 qaoque
943 309 1108 364 localtiiee
1128 310 1199 364 runt
1222 307 1463 380 transalpinasse
1480 308 1622 365 Israelem
1652 307 1757 382 (deod.
1782 310 1849 380 xrs).
1878 311 1912 364 Et

157 400 415 474 congregationum
440 399 495 454 iter
520 398 639 470 arripui.
666 415 698 453 ac
728 399 814 454 verba
841 413 904 470 quae
931 399 1006 453 Dens
1059 396 1156 451 statim
1172 395 1376 468 ingemutius
1395 397 1603 469 intersuperos
1625 397 1908 471 etinicrosspiritns

152 488 476 562 jussit,e1planavi.ln
500 488 544 544 hia
569 487 703 543 omnibus
724 503 771 542 ras
800 485 928 559 corporis
946 485 1006 541 mei
1061 483 1169 540 athleta
1201 484 1253 540 Dei
1278 485 1451 553 luctabatur,
1473 486 1706 557 propulsatisque
1727 486 1909 542 adversariis.

156 579 239 651 quasi
260 578 291 634 in
309 577 423 633 clibano
447 581 560 631 coctum
583 581 635 640 est,
661 576 735 630 sicut
759 578 788 630 et
809 577 883 631 Deus
899 575 1007 630 multos
1060 573 1128 628 laeta
1150 589 1265 644 semper
1288 572 1406 628 victoria
1430 573 1617 644 gloriabatur.
1644 574 1701 629 lt'ec
1726 573 1797 631 illud
1821 574 1910 630 silen-

155 666 297 738 probavit,
331 681 405 736 quos
435 664 522 720 verba
557 680 610 718 sua
644 664 774 734 prolerre
798 663 899 733 jussit:
929 663 1006 718 nude
1062 661 1143 729 dum,
1169 662 1245 733 qnod
1269 678 1334 717 eum
1364 662 1488 734 quedam
1522 662 1583 717 rice
1604 661 1733 718 febribus
1756 663 1910 731 laboraret,

155 755 219 810 laus
243 755 298 810 sibi
327 754 373 808 sit.
399 752 453 818 Qui
477 757 505 806 et
525 767 665 822 maguum
686 751 827 807 auxilium
842 751 871 806 in
893 750 1006 806 duabus
1060 750 1200 821 quosdam
1227 755 1341 805 sanctos
1372 751 1450 815 vidit,
1479 750 1530 822 qui
1557 750 1704 806 dicebant:
1739 770 1753 803 a
1781 751 1910 816 Vindice,

155 842 270 898 tiliabus
285 842 357 898 meis
373 847 402 896 et
416 842 478 896 aliia
493 841 565 896 mibi
581 840 712 912 praebuit,
730 841 804 912 quod
825 839 1006 911 passionibus
1058 837 1190 907 Domine,
1214 839 1388 908 sanguinem
1409 845 1573 894 sanctornm
1595 844 1722 894 tuorum.
1743 840 1776 894 lit
1805 840 1854 895 alli
1870 840 1907 895 ad

156 932 229 987 meis
249 929 466 1002 inlatigabilitcr
486 929 687 985 condolebant.
715 929 793 984 Unde
809 933 837 983 et
856 929 1006 1000 suspirans
1059 925 1170 996 ipsam:
1198 947 1209 976 ι
1236 925 1382 995 Dolorem,
1415 925 1563 998 inquiunt,
1585 942 1672 998 quem
1695 928 1801 998 peteris
1831 929 1908 983 bona

155 1021 213 1076 Deo
237 1020 345 1091 gratias
368 1019 424 1090 egi,
455 1019 530 1091 quod
559 1017 693 1074 homiues
718 1018 835 1073 laedium
866 1019 921 1072 nioi
945 1034 1004 1072 uon
1060 1014 1207 1069 voluntate
1235 1013 1355 1069 sufferre
1383 1015 1479 1070 debes.
1510 1035 1524 1065 a
1551 1016 1584 1070 Et
1607 1031 1673 1071 ecca
1697 1016 1906 1070 aliiscnctiita

155 1108 310 1164 habebant.
331 1106 359 1162 Si
382 1106 459 1160 enim
480 1108 587 1160 tautam
610 1121 773 1177 pressuram
795 1104 938 1174 dolorum,
954 1105 1006 1177 qui
1059 1104 1180 1160 interae
1205 1104 1406 1160 conterebant:
1432 1127 1443 1154 ι
1475 1105 1629 1160 Nobiscum
1651 1106 1716 1174 ibit,
1740 1122 1776 1160 an
1800 1106 1907 1161 nonio

156 1214 173 1252 a
190 1198 247 1251 Deo
264 1212 323 1250 non
345 1199 448 1262 essent,
471 1194 502 1248 iu
517 1209 602 1248 carne
618 1209 681 1247 mea
694 1193 866 1254 habuissem,
881 1198 939 1248 tam
955 1193 1006 1248 diu
1061 1194 1095 1248 lit
1110 1192 1159 1247 alii
1178 1193 1406 1264 respondebant:
1435 1215 1445 1243 ι
1464 1194 1623 1259 Praeterita,
1641 1195 1804 1265 prasentia,
1820 1201 1849 1249 et
1861 1194 1908 1249 iu·

155 1285 250 1341 rivere
272 1302 331 1341 nnn
354 1284 521 1356 potuissem.
549 1281 685 1347 Quamvis
709 1287 804 1336 autem
827 1281 857 1336 in
880 1282 925 1336 his
940 1297 1005 1335 cro·
1058 1284 1124 1335 turs
1146 1281 1272 1335 nondum
1292 1281 1556 1352 permittunteam;
1582 1281 1738 1336 sedlamen
1753 1298 1818 1336 cnm
1834 1299 1908 1354 opus

155 1373 257 1441 ciarer,
281 1374 312 1428 in
336 1387 462 1443 superna
485 1370 594 1424 risione
627 1376 723 1424 tameu
749 1369 863 1436 dictari,
893 1368 1005 1424 cantavi
1058 1368 1220 1440 perfecerit,
1249 1369 1398 1424 nobiscnm
1419 1386 1483 1424 eam
1509 1370 1654 1425 tollemus.
1680 1391 1694 1421 s
1718 1371 1797 1426 Trrnc
1821 1371 1907 1426 simul

155 1479 187 1516 ao
216 1462 325 1533 scripsi,
351 1475 414 1532 quae
439 1459 562 1531 Spiritus
589 1464 701 1513 sanctus
727 1473 779 1527 per
804 1473 849 1512 me
874 1458 1004 1528 prolerre
1058 1473 1160 1512 omnes
1184 1458 1360 1513 clamabant:
1386 1478 1400 1509 a
1425 1459 1447 1514 0
1468 1460 1536 1514 lelix
1560 1459 1657 1512 anima
1684 1465 1714 1513 et
1738 1460 1906 1524 certissima,

154 1550 267 1604 solebat
295 1551 358 1620 (37).
385 1549 415 1602 ln
453 1549 497 1602 his
535 1553 628 1601 autem
662 1547 850 1617 languoribus
880 1546 1004 1602 triennio
1058 1560 1153 1617 surge,
1170 1561 1256 1618 surge
1280 1546 1354 1602 sicut
1375 1547 1484 1618 aquila,
1509 1547 1578 1618 qnia
1604 1548 1648 1602 sol
1670 1553 1697 1601 te
1719 1548 1864 1619 produxit,
1878 1557 1908 1603 et

154 1638 247 1706 finito,
263 1639 320 1695 vidi
336 1637 414 1709 quod
434 1637 583 1692 cherubim
600 1636 629 1690 in
653 1639 792 1708 llagrante
807 1637 885 1708 igne,
900 1637 928 1691 in
945 1653 1003 1709 quo
1024 1623 1043 1677 Β
1058 1634 1211 1690 nescisti.»
1227 1635 1259 1689 ut
1274 1634 1351 1690 illico
1365 1636 1519 1690 convaluit.

155 1729 303 1798 speculum
337 1727 538 1796 mysteriorum
580 1725 629 1804 uqi
668 1731 719 1790 est,
749 1740 846 1780 aereos
875 1725 1004 1796 spiritns,
1093 1724 1137 1777 30.
1156 1723 1211 1778 Nec
1230 1723 1404 1779 solnmcnm
1423 1724 1584 1778 molestiam
1600 1724 1776 1796 languorum
1791 1725 1834 1779 rel
1850 1741 1905 1780 sre-

155 1817 205 1888 qui
228 1833 275 1872 me
301 1816 485 1888 torquebant,
511 1815 592 1884 quasi
609 1815 693 1884 igneo
709 1813 805 1884 gladio
827 1814 1002 1885 insequeba—
1057 1811 1158 1865 vitiam
1186 1811 1361 1878 damonum,
1377 1813 1426 1866 sed
1452 1812 1623 1866 etiamnum
1649 1813 1850 1867 insectationes
1864 1812 1908 1868 in-

153 1912 211 1973 tur,
234 1907 275 1961 ita
299 1905 374 1976 qnod
404 1921 419 1958 a
444 1920 489 1956 me
504 1903 649 1974 lugerent,
666 1904 837 1957 clamantes:
854 1923 868 1950 a
886 1903 938 1966 Ah,
955 1903 1004 1969 uh,
1057 1899 1146 1953 currit
1166 1899 1329 1968 hominum,
1346 1900 1436 1954 adluit
1457 1899 1484 1955 ei
1500 1899 1648 1968 Dominus,
1665 1906 1694 1955 et
1708 1901 1794 1956 corda
1805 1901 1905 1956 adrer-

156 2015 170 2044 u
191 1995 248 2058 Vae,
265 1994 319 2048 vae!
348 1992 499 2058 Numina,
521 1991 630 2046 istasie
650 1990 749 2058 abibit,
766 1992 842 2062 qnod
866 2008 1004 2047 eamnon
1057 1987 1199 2042 sariorum
1222 1989 1363 2043 convertit
1390 1988 1421 2042 in
1451 1989 1563 2058 melius,
1586 1990 1660 2044 sicut
1685 1990 1747 2061 ipsa
1771 1991 1907 2045 describit

156 2103 171 2132 u
191 2081 466 2153 rapiemustallox
485 2079 602 2151 spiritus
618 2079 740 2134 mensin
759 2097 802 2134 me
822 2080 945 2150 pleniter
961 2097 1005 2136 re·
1057 2074 1091 2129 de
1115 2076 1302 2131 conversione
1325 2076 1502 2148 philosophi,
1536 2078 1632 2148 primo
1659 2078 1724 2145 sibi,
1756 2078 1815 2133 imo
1845 2081 1903 2134 lieo

155 2171 234 2240 vixit,
263 2186 425 2242 corpusque
450 2185 546 2224 rneum
572 2168 601 2224 iu
629 2169 710 2222 avenis
743 2175 772 2223 et
796 2169 928 2224 medullis
959 2186 1002 2225 ru·
1057 2163 1204 2228 contrarii,
1220 2163 1250 2218 in
1274 2181 1333 2236 quo
1348 2180 1414 2219 vere
1435 2170 1534 2236 postea
1551 2165 1625 2220 lacte
1644 2172 1687 2221 est
1701 2167 1823 2222 mutatio
1838 2168 1906 2222 dex-

154 2266 282 2316 creatum
297 2265 350 2326 est,
367 2259 464 2332 sicque
474 2264 534 2313 tota
548 2257 707 2312 convalui.»
1056 2259 1127 2308 teras
1142 2252 1267 2320 Excelsi3
1278 2259 1306 2308 et
1319 2269 1384 2309 cum
1400 2254 1549 2322 vanitates,
1565 2271 1631 2326 quas
1647 2270 1698 2326 per
1709 2255 1905 2328 deceptionem

190 2349 234 2404 tt.
278 2349 345 2402 Ecce
375 2346 498 2418 qualiter
535 2351 630 2400 sancta
657 2346 737 2415 virgo
774 2345 881 2416 duplici
917 2344 1004 2400 modo
1057 2341 1170 2397 Satanae
1190 2342 1360 2396 oriebantur
1382 2342 1413 2396 in
1438 2343 1571 2397 cordibus
1592 2343 1755 2414 puellarum
1775 2358 1906 2413 suarum,

158 2452 235 2492 nnnc
260 2436 433 2508 languorum
458 2434 607 2489 doloribus
636 2433 770 2502 cruciata,
800 2450 876 2489 nunc
896 2435 1003 2490 daemo-
1056 2431 1178 2485 removit
1205 2430 1451 2486 exhortationibus
1482 2438 1644 2486 sanctarum
1680 2431 1904 2503 Scriptorarnm,

155 2541 226 2581 num
248 2524 408 2580 terroribus
426 2527 523 2578 vexata
539 2523 605 2594 (38),
623 2522 676 2576 sub
692 2521 859 2577 defensione
874 2522 1004 2594 angelica
1056 2519 1092 2573 de
1106 2517 1260 2590 quibusita
1273 2519 1356 2574 dicits
1372 2540 1387 2568 «
1402 2519 1522 2584 Quidam
1533 2520 1731 2592 philosophus,
1747 2521 1783 2574 de
1797 2521 1904 2576 divitiis

155 2613 379 2685 glorificabatur.
402 2611 532 2683 Denique
558 2627 592 2666 ex
619 2627 675 2665 una
693 2615 783 2682 parte,
806 2627 862 2681 qna
892 2611 1003 2666 labora·
1056 2607 1225 2674 honoratus,
1248 2623 1313 2663 curn
1335 2607 1370 2663 de
1389 2608 1443 2670 his,
1469 2625 1534 2679 ane
1545 2610 1683 2675 videram,
1699 2609 1749 2664 diu
1777 2608 1905 2663 dubitas·

156 2704 204 2758 bal
235 2701 414 2766 infirmitate,
440 2699 550 2756 ieruina
580 2699 661 2754 miras
685 2700 854 2756 innocculiae
880 2701 1005 2755 munivit
1057 2701 1107 2760 set,
1133 2697 1248 2751 tandem
1272 2697 1307 2752 ad
1332 2712 1385 2751 nos
1404 2698 1493 2767 veuit,
1515 2704 1541 2751 el
1560 2699 1652 2752 locum
1667 2704 1795 2752 uestrum
1819 2698 1906 2753 aedili-

155 2809 186 2846 se
214 2791 318 2846 virtute
340 2789 494 2862 patientiae,
521 2793 550 2844 ct
575 2788 658 2860 quasi
677 2788 739 2858 ejus
755 2789 892 2844 molestiae
907 2805 1003 2843 sermo
1056 2784 1117 2851 ciis,
1136 2785 1259 2851 allodiis,
1276 2792 1305 2840 et
1323 2785 1386 2840 aliis
1410 2787 1579 2840 necessariis
1592 2787 1672 2842 valde
1687 2788 1812 2842 ornarit:
1829 2788 1905 2842 uude

156 2877 270 2932 divinus
289 2875 478 2942 blandiretur,
512 2873 631 2943 suflicit,
656 2875 801 2945 inquiens,
828 2874 880 2929 tibi
904 2874 1004 2946 prolia
1057 2872 1155 2926 anima
1169 2887 1233 2926 mea
1257 2872 1413 2927 exhilarata
1434 2873 1498 2940 luit,
1514 2873 1583 2945 quia
1595 2875 1671 2928 Deus
1686 2874 1716 2928 in
1731 2875 1905 2950 oblivionem

155 2981 318 3028 meu,·nom
343 2962 475 3020 virturin
496 2962 667 3030 infirmitate
687 2961 852 3034 perficietur
868 2965 912 3034 (11
928 2965 998 3019 Gor.
1058 2974 1112 3014 uos
1139 2975 1198 3014 non
1217 2960 1344 3015 adduxit.
1371 2960 1436 3016 Acri
1460 2961 1538 3016 enim
1567 2963 1749 3026 scrutatione,
1779 2963 1828 3017 sed
1856 2980 1905 3017 sa-

155 3055 220 3120 xnl:
247 3053 370 3108 libenter
390 3051 567 3122 gloriabatur
590 3052 620 3106 iu
649 3051 876 3118 infirmitatibus,
902 3057 933 3106 ut
955 3053 1002 3107 in·
1057 3047 1159 3119 pienti,
1184 3047 1339 3120 exquisivit
1362 3055 1536 3120 qnaeessent
1554 3051 1599 3104 rel
1617 3051 1694 3105 unda
1709 3056 1804 3107 essent
1818 3051 1905 3106 risio-

155 3140 297 3196 hobitnret
321 3139 350 3194 in
374 3156 403 3194 se
421 3139 510 3194 virtus
527 3139 648 3195 tllrristi:
668 3144 697 3195 et
719 3156 753 3194 eo
767 3141 960 3211 praesumebat
973 3159 1003 3196 se
1057 3136 1102 3190 uis
1115 3136 1202 3208 hujus
1224 3137 1341 3208 scripta,
1357 3137 1448 3192 donec
1468 3138 1657 3210 inspiratione
1670 3138 1768 3194 divina
1781 3139 1906 3210 pleniter

157 3229 248 3300 diligi,
266 3245 323 3302 quo
337 3228 502 3284 merebatur
517 3229 610 3298 argui.
627 3231 662 3282 At
681 3245 714 3282 er
730 3230 819 3283 altera
834 3233 924 3300 parte,
939 3245 1003 3300 quae
1057 3224 1188 3291 credidit,
1203 3231 1233 3280 et
1246 3225 1297 3297 qui
1313 3226 1394 3298 prins
1409 3226 1558 3281 malitiosis
1573 3227 1666 3282 verbis
1682 3243 1736 3282 nos
1746 3235 1904 3299 spreverat,

156 3319 320 3376 daemonum
336 3317 503 3372 irritabatur
523 3325 595 3382 arta,
621 3317 751 3373 bellatrix
766 3319 885 3390 egregia
898 3319 1001 3374 iterum
1058 3328 1124 3368 cum
1144 3313 1220 3368 Deus
1242 3314 1412 3384 injustitiam
1427 3315 1458 3370 in
1470 3317 1557 3372 corde
1571 3317 1634 3388 ejus
1654 3316 1830 3386 suffocasset,
1844 3333 1906 3372 ma·

156 3423 186 3461 se
213 3407 351 3462 doctrino
390 3407 553 3478 apostolicae
588 3408 709 3461 armarit
745 3407 883 3463 custodia.
921 3406 1003 3471 Oua?
1052 3401 1166 3472 joribus
1177 3401 1426 3459 benedictionibus
1449 3404 1485 3461 ad
1509 3421 1562 3461 nos
1574 3421 1727 3461 conversus
1742 3405 1905 3460 loit:sicut

155 3494 514 3566 daleam,inquit‚aelulir
527 3494 676 3564 assumite,
690 3494 1001 3568 etpiadr'umrpin'tua,
1056 3495 1085 3544 111
1099 3490 1279 3545 Ρ111111101111111
1304 3492 1378 3546 011111
1398 3493 1429 3546 in
1454 3493 1526 3548 1111111
1546 3493 1644 3549 Rubro
1668 3491 1905 3562 1111)111111111,111ιί

153 3584 229 3656 quod
246 3589 289 3640 eal
312 3582 427 3638 uerbum
442 3583 496 3638 Dei
511 3583 871 3654 (Epiee.vr).lititerum:
889 3583 1004 3638 induite
1056 3577 1131 3632 filios
1158 3578 1243 3633 lsrael
1273 3595 1375 3652 capere
1397 3581 1496 3635 voluit.
1521 3580 1562 3636 De
1585 3581 1673 3651 hujus
1701 3581 1905 3636 immutatione

154 3687 205 3728 vos
224 3677 406 3730 armaturam
428 3671 490 3737 Dei,
508 3675 540 3726 ct
561 3671 678 3744 por-sitia
699 3676 779 3728 sture
796 3673 933 3729 adversar
956 3675 1002 3727 in·
1056 3667 1140 3722 multi
1165 3667 1308 3735 admirati,
1339 3669 1432 3740 magis
1455 3669 1648 3733 crediderunt,
1682 3675 1710 3724 et
1734 3685 1786 3740 per
1809 3669 1904 3740 ipsum

154 3759 373 3825 aidieadiaboli,
390 3759 525 3832 quianon
539 3764 582 3816 est
597 3759 1004 3816 nobiacolluctctioodreraaa
1056 3755 1216 3827 sapientem
1248 3755 1323 3810 Deus
1355 3756 1585 3836 benedictionem
1622 3773 1705 3812 suam
1742 3773 1829 3829 super
1852 3773 1905 3813 nos

153 3851 310 3906 cnroemet
322 3847 502 3920 sanquinem,
515 3846 566 3901 sed
573 3847 712 3904 miserear
719 3847 905 3921 principatur
913 3853 1002 3919 etpo-
1055 3843 1139 3910 ludit,
1154 3842 1229 3898 sicat
1252 3849 1437 3916 unpaentwn,
1457 3845 1533 3917 quod
1556 3845 1703 3902 &aceedit
1721 3845 1753 3902 io
1773 3846 1902 3913 borbum,

153 3939 274 3993 testate-r
288 3935 471 3991 terebrarum
486 3934 590 3989 aarum
601 3934 704 4007 (ibid).
717 3937 775 3991 Hac
788 3937 886 4008 itaque
898 3953 1003 4008 magna
1056 3931 1389 4003 berbcmAcron(Prel.
1399 3934 1530 4005 cxxxvii).
1543 3935 1621 3990 Unde
1630 3940 1826 3990 ctomnesnos
1836 3950 1905 3990 enm

153 4024 281 4081 bellandi
311 4029 382 4091 arte,
410 4029 438 4076 ol
468 4023 512 4078 bis
539 4023 627 4078 armis
664 4025 870 4096 propugnatrix
898 4025 1003 4079 invicta
1055 4027 1166 4092 patrem
1190 4022 1413 4078 nominavimus.
1437 4023 1488 4079 llic
1504 4023 1597 4096 etqui
1610 4028 1709 4079 tantm
1724 4024 1856 4096 princeps
1871 4024 1902 4078 in

153 4113 330 4168 decertabat:
367 4117 395 4165 rt
418 4112 512 4166 adhuc
541 4127 625 4166 carne
655 4112 774 4180 inclusa,
802 4118 829 4168 et
857 4114 886 4167 in
916 4113 1002 4167 terris
1055 4110 1173 4165 nomine
1197 4125 1249 4165 sno
1270 4110 1433 4182 fuit,patiit
1456 4116 1490 4167 ut
1514 4113 1589 4185 apud
1605 4129 1659 4168 nos
1680 4113 1859 4184 sepeliretur,
1875 4117 1905 4168 et

154 4201 257 4273 posita,
288 4205 388 4256 contra
416 4199 577 4270 spiritualia
605 4200 742 4272 nequitiae
775 4201 806 4256 in
838 4200 1000 4256 coelestibns
1019 4197 1219 4290 I,itatactum
1241 4204 1293 4254 est.
1316 4200 1491 4256 Tuncmeus
1517 4217 1582 4256 mea
1605 4201 1794 4271 solidataest,
1815 4208 1904 4257 etcu-

154 4290 316 4346 dimicabat
343 4290 524 4360 Quapropter
552 4289 659 4361 stipsi
691 4289 836 4360 principes
869 4291 1001 4344 tenebra·
1056 4287 1179 4357 ramagi
1194 4286 1320 4342 tiliarum
1348 4304 1478 4345 mearum
1506 4289 1536 4345 in
1565 4277 1733 4346 necessariis
1760 4295 1821 4346 tem
1842 4306 1904 4346 cor-

153 4397 219 4436 rum
247 4381 431 4444 horruerunt,
461 4377 577 4449 quando
604 4381 683 4432 tanta
707 4384 767 4433 arte
787 4378 956 4434 instructam
973 4383 1003 4433 et
1054 4390 1160 4447 parom
1195 4391 1283 4447 quam
1307 4377 1481 4446 animarum,
1505 4379 1580 4434 sicut
1611 4396 1629 4434 a
1656 4379 1802 4451 magistris
1828 4379 1901 4433 mihi

156 4470 235 4525 omni
251 4473 398 4524 armatura
414 4467 532 4522 sortium
553 4466 685 4522 vallatam
703 4466 840 4521 seminam
856 4470 1001 4522 contrusa
1055 4470 1117 4519 erat
1130 4470 1279 4521 statutum.
1303 4467 1344 4522 nd
1367 4483 1463 4523 veram
1484 4484 1553 4539 ergo
1570 4469 1711 4524 visionem
1729 4467 1903 4540 aspiciebam

108 4591 115 4598 ·
153 4558 308 4630 procedere
336 4556 478 4611 viderunt.
512 4557 699 4623 llorruerunt,
733 4555 864 4626 inquam,
897 4561 925 4610 et
953 4557 1001 4612 llas
1055 4554 1379 4624 megnasollicitndine,
1407 4558 1552 4629 quomodo
1578 4557 1904 4629 aereispirituscontra

152 4663 237 4702 suurn
252 4645 473 4712 conclamantes,
490 4660 556 4699 com
575 4644 742 4699 contusione
762 4644 908 4715 ingerunt,
927 4659 999 4715 quo·
1054 4658 1107 4698 nos
1129 4650 1308 4714 pugnarent:
1325 4644 1451 4717 vidique,
1474 4647 1552 4718 quud
1573 4646 1661 4702 iidem
1685 4646 1803 4718 spiritns
1817 4661 1902 4718 quas·

153 4736 231 4790 niam
258 4735 344 4790 timor
372 4739 401 4788 st
429 4738 537 4787 tremor
560 4749 647 4804 sopor
676 4749 724 4788 eos
755 4739 905 4802 venerunt,
935 4749 999 4788 cum
1054 4730 1120 4786 darn
1147 4732 1259 4786 nobiles
1287 4732 1362 4788 filias
1394 4749 1472 4788 maes
1502 4751 1554 4806 per
1590 4735 1717 4790 diversas
1752 4736 1900 4802 vanitates,

154 4824 286 4879 videraut
312 4821 461 4878 cherubim
482 4821 651 4888 terribilem,
678 4825 884 4876 oleastrorum
908 4821 1000 4877 aciem
1054 4817 1137 4890 quasi
1152 4817 1182 4873 iu
1202 4824 1263 4874 rete
1285 4820 1497 4891 perplexerant.
1512 4825 1549 4876 At
1566 4837 1620 4894 ego
1638 4838 1692 4894 per
1708 4821 1902 4878 ostensionem

153 4911 327 4972 ordinatam.
353 4909 489 4964 lumniam
512 4907 628 4980 quidem
657 4909 707 4963 Dei
730 4915 944 4981 protegentem,
969 4925 999 4965 sa
1055 4907 1157 4963 Deiels
1168 4908 1222 4963 hoe
1236 4908 1349 4963 innotui
1365 4906 1431 4980 [mr.
1449 4910 1503 4965 boc
1514 4910 1546 4965 in
1563 4911 1605 4966 eis
1621 4910 1743 4982 notavi],
1767 4911 1902 4982 ipsasque

152 4997 419 5063 llammsalramea,
446 5013 482 5052 ua
507 5012 570 5051 eam
595 5003 740 5065 vexarent,
767 5003 999 5070 prosequentem.
1052 4995 1148 5050 rerbia
1172 5002 1336 5052 sanctarum
1369 4995 1581 5069 scripturaram
1607 5004 1636 5054 et
1664 4999 1790 5071 regulari
1817 4997 1902 5054 disci-

152 5087 252 5159 ltaque
277 5086 409 5142 admirati
444 5089 521 5152 siant,
551 5085 714 5140 conturbati
750 5091 826 5154 sunt,
864 5087 1000 5141 commoti
1052 5084 1143 5154 plina,
1166 5085 1301 5157 bonaque
1322 5087 1538 5142 conversatione
1554 5086 1899 5144 circumfodietmuniri.

151 5182 229 5245 sunt,
240 5181 348 5230 tremor
360 5173 621 5246 apprehendimus,
635 5174 674 5228 ita
688 5177 719 5228 ut
735 5173 863 5230 dicerent
874 5189 881 5228 :
891 5174 1000 5230 Castra
1053 5171 1109 5227 Sed
1122 5173 1256 5244 quiedam
1272 5188 1305 5228 ex
1320 5173 1372 5243 eis,
1396 5174 1487 5229 torris
1506 5176 1667 5231 luminibus
1688 5191 1734 5231 me
1763 5175 1902 5247 aspicien-

189 5318 247 5386 (³7)
263 5317 295 5371 ln
310 5332 362 5371 ms.
395 5319 554 5370 tantuma«
583 5329 648 5386 quaa
668 5314 797 5386 prolerre
823 5313 964 5371 solebam.
982 5339 998 5366 »
1052 5311 1139 5368 stiam
1169 5313 1322 5386 multiplici
1349 5314 1469 5372 victoria
1499 5315 1554 5372 sub
1580 5315 1746 5372 detonsione
1771 5315 1901 5388 angelica

188 5389 243 5458 (38)
266 5388 334 5443 Post
353 5402 451 5442 rocem
471 5389 585 5454 aemio,
609 5385 640 5440 in
658 5401 711 5440 ms.
732 5385 829 5458 aliqua
854 5386 999 5442 adduntur
1052 5383 1310 5454 glorificabatur.»

151 5459 207 5514 huc
221 5459 322 5514 modo:
345 5478 359 5506 κ
381 5473 442 5513 non
466 5457 559 5512 solum
583 5472 641 5511 non
666 5459 871 5528 superatarum
897 5472 998 5513 verum
