3984 6034
35 155 86 208 ttlt
664 155 809 216 suturas.
825 158 935 214 -ΗΒ,
956 158 1007 228 tlt,
1027 158 1117 217 vlsto
1136 159 1168 216 X.
1734 167 1788 222 roa

36 288 172 360 praedicti
191 287 306 346 aedilicii
327 266 421 346 tetum
446 292 480 346 ut
497 289 596 346 album
610 291 717 348 viuum
739 292 885 364 apparuit,
905 293 1042 350 humbre
1070 293 1217 351 exterioris
1249 296 1411 354 intellectus
1438 298 1510 370 legis
1540 299 1726 370 pertinaciter
1756 305 1786 356 at

36 394 54 431 a
75 395 107 432 se
140 378 264 434 reddens
296 378 480 449 splendorem
510 378 737 436 serenissimum.
772 381 828 436 Sed
859 386 888 436 et
941 381 1095 439 infideliter
1108 383 1219 439 tabuit:
1241 388 1320 439 ortus
1342 390 1436 440 umen
1460 387 1491 442 in
1513 389 1609 459 capita
1621 387 1743 458 justitiae
1759 393 1788 444 et
1898 411 1908 426 ·

37 467 177 536 splendor
197 465 285 522 lucidi
307 465 387 521 illius
404 467 528 522 sedentis
544 466 574 522 iu
594 467 708 535 throne
730 469 888 540 quiomnia
941 471 1081 541 usquead
1095 471 1248 526 humerum
1262 471 1438 528 tortitudinis
1456 474 1505 530 nbi
1525 475 1684 546 perlectum
1713 492 1787 549 opus

36 555 99 610 baec
113 554 189 610 mihi
201 554 419 610 demonstrabat
430 571 483 626 pec
506 556 602 626 ipsum
625 557 822 627 perimentum
845 573 889 611 ns-
941 556 973 612 in
995 557 1174 614 humanitate
1195 559 1258 614 Filii
1280 559 1330 616 Dei
1357 560 1455 616 llorrsit
1487 563 1669 632 perveniens,
1705 563 1745 620 ihi
1760 565 1790 620 in

36 657 94 714 qna
113 642 143 696 in
163 642 298 712 abyssum
320 643 509 714 resplenduit.
537 644 615 699 inter
636 645 774 700 circulum
790 649 888 700 antem
943 645 1140 704 incredulitate
1156 662 1207 702 sua
1228 649 1315 705 mem
1332 649 1451 719 accepit.
1473 651 1505 704 ls't
1526 667 1671 722 purpurea
1693 653 1792 709 tunica

35 730 169 786 illumde
181 731 300 786 sedente
313 732 344 786 in
368 731 473 786 throno
497 738 676 803 protensum,
692 738 718 788 et
734 733 812 789 inter
834 735 889 790 boc
942 733 1061 790 indutus
1076 740 1134 803 est3
1152 735 1289 808 quoniam
1308 737 1339 790 in
1359 737 1497 793 charitate
1518 737 1689 809 sanguinem
1706 756 1790 796 suum

35 818 193 874 aediticium
208 823 364 874 terratunc
375 820 519 891 apparuit,
534 824 564 875 et
582 821 665 891 quasi
676 821 889 893 aliquantulum
943 822 1077 892 lundens,
1092 825 1239 880 bominem
1249 825 1300 896 qni
1310 825 1435 896 perierat
1449 826 1580 882 redemit.

36 905 175 960 deorsum
194 905 370 976 vergensita
389 911 421 960 ut
440 906 536 977 ipsum
559 907 713 962 aedificium
731 908 799 963 inda
813 909 890 964 volnt
979 913 1062 978 Quod
1086 919 1183 969 autam
1211 913 1340 985 acupile
1359 929 1450 984 usque
1479 915 1514 969 sd
1540 913 1710 970 umbilicum
1739 916 1790 972 tihi

35 1009 127 1064 super
153 997 281 1048 moutam
308 996 434 1064 positum
459 993 611 1049 videretur.
644 996 676 1049 Et
706 995 817 1050 lucidus
838 997 889 1066 qni
944 1006 1082 1072 apparet:
1098 1002 1153 1057 hoo
1175 1009 1217 1058 est
1239 1003 1316 1073 quod
1340 1003 1375 1058 ab
1398 1002 1598 1058 incarnatione
1622 1003 1684 1073 ejus
1700 1019 1790 1076 usque

35 1081 158 1136 sedebat
176 1081 206 1134 in
230 1080 335 1136 throno
353 1081 459 1136 iterum
482 1080 552 1136 mihi
576 1081 706 1138 dicebat:
732 1084 821 1138 Filius
839 1073 890 1138 Dei
944 1091 1120 1158 adpraesens
1143 1095 1257 1162 tempus
1272 1106 1358 1162 opera
1374 1107 1437 1163 qum
1465 1091 1554 1162 gessit
1572 1091 1603 1145 in
1618 1091 1741 1148 Ecclesia
1754 1094 1792 1148 ti-

36 1169 163 1224 neentis
179 1172 264 1223 ustus
288 1184 321 1224 ex
347 1169 472 1240 Virgine,
494 1169 555 1241 ipse
575 1170 650 1241 lapis
664 1172 811 1241 angularis
828 1171 890 1226 exi·
945 1176 1058 1232 delibus
1081 1177 1231 1232 manifesta
1257 1183 1334 1244 sunt,
1358 1177 1406 1232 sed
1438 1177 1474 1232 ab
1499 1176 1635 1234 umbilico
1659 1180 1793 1236 deorsum

35 1265 128 1322 ⁸22⁰&
151 1272 239 1327 (tuem
262 1256 281 1312 ii
310 1257 538 1328 reprobaverunt
553 1257 605 1329 qui
635 1257 666 1313 in
690 1259 753 1328 lege
779 1257 830 1313 liei
853 1258 891 1313 ob
944 1264 1132 1320 obumbratus
1149 1264 1200 1322 tibi
1215 1266 1251 1321 ad
1266 1265 1419 1320 videndam
1446 1271 1510 1332 est;
1530 1266 1599 1337 quia
1622 1267 1671 1322 illa
1696 1284 1793 1340 quea

36 1347 164 1399 salutem
191 1360 273 1400 ⁸⁰⁸¹ss
303 1345 444 1400 adificare
480 1346 653 1410 debuerunt,
684 1346 759 1417 quod
792 1349 889 1400 iumen
943 1356 1075 1423 tempore
1088 1353 1143 1408 huc
1159 1368 1249 1426 usque
1274 1355 1308 1408 ad
1329 1353 1549 1424 completionem
1573 1354 1669 1410 saeculi
1693 1356 1791 1429 hujus,

36 1434 133 1488 lacere
147 1438 351 1488 recusaverunt
372 1433 465 1505 magis
482 1434 634 1503 diligentes
653 1434 787 1490 tenebras
800 1450 889 1505 quam
943 1441 974 1494 iu
1002 1441 1103 1496 ecdem
1139 1441 1261 1496 Ecclesia
1289 1441 1386 1496 lutura
1418 1445 1495 1507 sunt,
1530 1457 1582 1498 nec
1613 1443 1704 1498 videri
1740 1461 1793 1500 uec

35 1520 134 1578 lucem
162 1529 192 1577 et
218 1527 341 1578 mortem
368 1537 458 1593 quam
484 1523 593 1578 sitam:
623 1527 757 1593 potenter
784 1522 814 1576 in
843 1522 889 1578 his
944 1529 1011 1587 sciri
1032 1534 1169 1600 poterunt
1197 1529 1254 1584 nisi
1283 1534 1423 1600 quantum
1451 1529 1627 1586 revelatione
1641 1530 1740 1586 diviua
1763 1537 1793 1588 et

36 1616 152 1681 regnat,
167 1611 217 1682 qui
240 1615 317 1666 tactu
335 1610 464 1682 Spiritus
480 1611 574 1666 sancti
596 1612 741 1679 ardentes,
766 1611 888 1666 salubri·
907 1596 1001 1671 Btide
1025 1615 1164 1671 catholica
1189 1614 1401 1686 percipiuntur,
1425 1616 1562 1687 quoniam
1586 1615 1719 1673 maxima
1742 1635 1791 1674 oo·

36 1701 80 1751 ter
102 1713 136 1752 se
160 1697 240 1767 ipsos
260 1697 384 1752 exterius
405 1699 586 1766 conculcant,
608 1697 645 1754 ad
666 1698 805 1754 interiora
828 1699 889 1770 spi·
943 1703 1120 1758 rusoationas
1143 1703 1282 1758 virtutum
1315 1718 1380 1775 quas
1407 1707 1473 1759 ante
1499 1704 1686 1760 novissimum
1715 1707 1793 1763 diem

37 1784 111 1840 ritus
134 1790 197 1840 toto
218 1785 322 1841 adnisu
345 1785 377 1840 in
399 1785 579 1857 plenitudine
600 1786 739 1842 virtutum
757 1788 889 1843 elbono·
943 1792 975 1846 in
1008 1791 1173 1847 hominibus
1194 1792 1412 1848 manifestandae
1435 1798 1513 1859 sunt,
1544 1793 1638 1850 adhuc
1665 1794 1791 1850 homini·

37 1890 104 1928 curn
120 1890 284 1943 operumse
299 1874 454 1945 rapientes.
943 1882 998 1936 bria
1018 1880 1173 1951 incognitos
1202 1881 1300 1936 tutent.
1329 1881 1363 1935 lit
1392 1883 1453 1952 ipse
1476 1881 1633 1952 respiciens
1657 1882 1687 1936 in
1704 1899 1792 1938 mnu·

72 1963 185 2018 idcirco
200 1964 329 2018 cliumiu
346 1963 513 2018 summitate
527 1963 676 2018 orientalis·
697 1964 797 2034 auguli
817 1980 888 2035 μιν·
942 1970 1022 2037 dum,
1045 1969 1114 2040 qnia
1140 1969 1217 2024 idem
1242 1967 1329 2024 Filius
1351 1968 1402 2023 Dei
1432 1975 1547 2039 aspectu
1585 1967 1792 2024 misericordiae

37 2052 196 2106 monstrati
220 2051 347 2118 edificii,
371 2051 420 2107 ubi
443 2051 585 2122 praedictae
605 2050 672 2106 dum
697 2059 793 2123 partes
813 2051 890 2107 muri
943 2073 1003 2112 sum
1018 2057 1144 2128 dirigens
1162 2057 1197 2112 ad
1224 2055 1366 2123 homines,
1390 2060 1508 2127 propter
1529 2055 1687 2127 preteritas
1703 2061 1733 2112 et
1747 2056 1792 2111 ln·

36 2140 143 2210 ipsius,
168 2141 219 2194 illa
244 2140 341 2195 lucida
371 2144 401 2194 et
428 2139 542 2211 lapidea
572 2139 704 2195 videlieet
730 2141 890 2212 conjunctas
943 2150 1023 2201 tures
1036 2162 1135 2202 causas
1148 2145 1216 2201 dicit
1229 2144 1397 2200 fidelissima
1410 2143 1498 2199 verba
1510 2159 1570 2199 sure
1587 2143 1793 2200 admonitionis

36 2234 116 2294 sunt,
150 2228 235 2298 quasi
270 2231 381 2298 septem
411 2228 519 2298 gradus
552 2228 750 2284 candidissimi
790 2229 890 2301 lapidis
942 2235 979 2290 ad
1004 2249 1062 2302 eos,
1090 2239 1124 2290 ut
1142 2233 1196 2304 ipsi
1218 2233 1249 2288 in
1272 2233 1377 2288 sanctis
1400 2232 1462 2304 ejus
1485 2233 1628 2288 caelestem
1659 2230 1793 2288 militiam

37 2317 129 2383 vides,
145 2314 285 2386 quoniam
304 2315 335 2371 in
349 2316 502 2370 altitudine
520 2315 643 2388 justitie
662 2333 758 2372 atero
779 2317 890 2373 oriente
943 2323 1094 2378 imitantur
1125 2320 1295 2392 effugientes
1319 2320 1447 2390 pericula
1476 2325 1668 2392 peccatorum,
1695 2325 1724 2375 et
1761 2325 1793 2374 ut

36 2405 86 2475 qui
112 2403 190 2474 lapis
215 2403 362 2476 angularis
384 2403 414 2458 iu
438 2403 537 2460 divino
559 2419 647 2474 opere
675 2412 718 2460 est
736 2411 890 2462 emanante
942 2407 1099 2463 fortissime
1138 2406 1297 2479 praeliando
1331 2421 1486 2477 supernam
1507 2405 1671 2462 felicitatem
1700 2405 1793 2478 adipi·

35 2493 87 2546 uhi
114 2493 184 2546 duce
203 2492 422 2562 conjunctiones
446 2493 615 2548 necessariae
637 2493 818 2560 munitionis,
833 2494 888 2550 sci·
942 2502 1059 2552 mantne
1072 2496 1103 2551 iu
1117 2494 1266 2550 lacbssuis
1278 2493 1506 2550 contradicentes
1518 2494 1611 2565 peanis
1624 2493 1791 2566 impiorum.

35 2581 105 2636 licet
118 2580 296 2650 speculativa
310 2579 429 2636 scientia
442 2585 472 2634 et
491 2581 654 2636 humanum
672 2597 745 2653 opus
767 2581 797 2636 in
822 2597 890 2638 una·
978 2585 1034 2640 Sed
1053 2585 1132 2656 qnod
1156 2583 1185 2638 in
1212 2583 1313 2638 eadem
1333 2582 1467 2638 orientali
1489 2583 1576 2653 plaga
1596 2581 1675 2638 vides
1705 2597 1793 2654 super

35 2670 173 2724 nimitale
202 2669 308 2740 quietis
335 2668 388 2724 sibi
420 2668 581 2724 coherent:
606 2669 688 2725 adest
710 2670 890 2740 septenarius
943 2673 1140 2746 pavimentum
1169 2670 1281 2742 praelati
1303 2669 1419 2726 aedilicii
1441 2686 1537 2726 coram
1560 2669 1661 2726 eodem
1685 2671 1792 2742 jurene

35 2773 175 2812 carenam
206 2755 416 2812 canddissune
446 2755 635 2823 lorutudinia,
664 2758 767 2828 plenus
793 2756 891 2812 rectis·
943 2761 1156 2832 tresimsgines
1167 2762 1249 2832 justa
1263 2775 1293 2814 ae
1307 2763 1428 2828 stantes,
1453 2761 1482 2812 et
1502 2756 1585 2813 illum
1608 2757 1791 2814 devotissime

35 2847 110 2901 sima
132 2844 247 2900 actione
272 2845 406 2913 existens,
431 2860 519 2916 quam
541 2845 616 2900 Deus
630 2850 767 2916 operetur
780 2852 810 2900 et
823 2861 888 2917 per·
908 2847 1142 2940 cinspicientes:
1173 2848 1226 2904 hoc
1255 2853 1297 2902 est
1324 2847 1403 2920 quod
1422 2845 1453 2900 iu
1480 2849 1546 2900 ortu
1572 2845 1704 2915 justitiae,
1729 2861 1791 2901 car·
1878 2883 1887 2896 .

35 2935 96 2989 licit
104 2934 138 2988 in
153 2935 281 3001 homine,
293 2934 363 2989 utin
383 2949 433 2990 sex
445 2933 547 2989 hobus
561 2938 696 3004 operatus
717 2933 748 2989 iu
766 2934 890 3004 septimo
944 2936 1022 2992 nulia
1039 2936 1181 2992 desideria
1203 2935 1400 3007 deprimentia,
1430 2933 1462 2988 in
1493 2931 1682 3004 dispositione
1697 2935 1790 2989 omui-

35 3023 191 3093 requierit.
942 3022 1068 3094 potentis
1098 3022 1190 3078 Patris
1213 3026 1369 3094 apparente
1395 3019 1464 3076 Filio
1488 3019 1539 3074 Dei
1569 3018 1720 3086 incarne,
1744 3019 1789 3074 har

71 3109 399 3182 Ouiadlapidcmillnm
409 3125 736 3183 magnumsuporquem
754 3111 889 3180 praetatus
942 3117 1001 3168 tres
1023 3112 1142 3168 virtutes
1164 3111 1195 3164 iu
1225 3109 1376 3166 devotione
1402 3108 1552 3164 unanimes
1585 3124 1635 3180 per
1656 3108 1791 3162 virtutem

35 3200 150 3255 lucidus
164 3200 269 3254 sedena
290 3198 319 3253 in
336 3200 443 3254 throno
462 3206 591 3270 apparet,
610 3199 643 3253 iu
657 3199 776 3254 modum
796 3204 888 3256 testu·
941 3199 1078 3254 trinitatis
1099 3198 1336 3254 constantissimae
1356 3197 1545 3253 manifestatae
1566 3201 1635 3252 sunt
1648 3195 1684 3252 ad
1697 3195 1790 3266 ipsum

36 3289 113 3345 dinis
132 3289 269 3342 decenter
282 3287 410 3342 advoluti
430 3287 579 3354 sidentem
606 3287 675 3359 quia
695 3287 791 3343 omnis
813 3287 888 3343 actio
942 3287 1101 3358 dirigentes
1115 3291 1261 3358 aspectum
1287 3301 1391 3352 suum;
1417 3283 1589 3360 quiaillum
1612 3283 1791 3340 infidelibus

36 3393 103 3449 qum
117 3376 176 3432 tide
189 3377 220 3430 et
237 3392 325 3446 opere
344 3375 375 3430 in
389 3375 522 3431 lidelibns
541 3374 709 3431 hominibus
728 3375 887 3446 perficitur,
942 3375 1280 3431 honrinibusdesidereut
1294 3379 1323 3429 et
1336 3379 1479 3445 quierunt.
1498 3373 1577 3428 Unde
1591 3373 1678 3428 eham
1692 3377 1792 3428 contra

35 3465 137 3520 timori
153 3463 401 3535 [lominicuiipse
416 3464 571 3520 fortissima
588 3463 799 3534 omnipotentia
813 3481 889 3535 prse-
943 3465 1109 3536 aquilonem
1134 3463 1210 3518 inter
1237 3463 1377 3517 circulum
1404 3461 1486 3517 illum
1517 3475 1656 3533 magnum
1681 3461 1731 3532 qui
1756 3461 1791 3516 de

36 3553 112 3609 sidet
127 3553 180 3624 qui
194 3557 296 3608 cuncta
314 3553 399 3624 regit,
423 3554 595 3608 anctoritate
618 3552 805 3624 providentias
825 3553 889 3623 ejus
941 3551 1079 3624 praedicto
1107 3551 1201 3607 lucido
1228 3549 1347 3606 sedente
1366 3550 1397 3604 iu
1426 3550 1530 3604 throno
1552 3547 1745 3620 protenditur,
1762 3552 1792 3604 et

35 3641 211 3712 dignissimo
231 3640 447 3713 compositionis
475 3641 576 3697 euecta
597 3641 787 3696 coadunatur.
808 3641 888 3696 Unde
941 3638 1137 3711 interipsum
1165 3637 1319 3695 aediticium
1347 3635 1489 3707 conspicis
1525 3635 1608 3707 qnasi
1644 3641 1736 3692 rotam
1759 3636 1790 3692 in

36 3737 167 3801 etsuper
190 3729 255 3784 illos
274 3730 381 3801 gradus
395 3730 476 3787 sedes
498 3730 593 3802 posita
615 3733 668 3797 est,
684 3729 714 3784 id
738 3732 781 3784 est
801 3743 889 3800 super
942 3727 1202 3800 aerependeutem,
1219 3729 1247 3780 et
1269 3726 1300 3780 in
1315 3741 1347 3780 ea
1370 3724 1531 3795 imaginem
1555 3723 1681 3780 hominis
1700 3739 1790 3795 usqua

35 3837 126 3891 opera
148 3835 214 3890 qum
239 3819 313 3875 Dens
337 3824 474 3890 operatur
497 3819 530 3872 in
559 3817 725 3873 bominibus
756 3817 888 3872 firmissi·
941 3817 977 3872 ad
1001 3821 1099 3888 pectus
1126 3818 1325 3887 apparentem,
1356 3812 1436 3866 etin
1468 3811 1608 3866 mundum
1628 3810 1791 3868 acutissime

36 3925 120 3964 mum
142 3908 331 3980 protectionis
365 3909 581 3963 firmamentum
604 3906 732 3978 regentis
756 3910 785 3960 et
803 3905 889 3975 adju·
941 3904 1180 3978 prospicientem
1203 3903 1271 3973 quia
1291 3901 1426 3956 adversus
1447 3898 1603 3955 diabolicas
1622 3905 1697 3954 artes
1715 3899 1791 3954 inter

35 3999 133 4052 rantis
156 4012 222 4063 eos3
245 3996 314 4068 quia
331 3997 504 4068 unicunque
527 3996 588 4050 rull
608 4010 674 4050 cum
697 4010 732 4050 eo
751 4009 888 4067 passaw
941 3999 1080 4050 secretam
1105 3996 1275 4064 potestatam
1302 3991 1352 4046 Dei
1373 3996 1402 4046 et
1425 3990 1605 4062 spiritualem
1621 3989 1791 4046 aedificatio-

35 4103 113 4147 rare,
127 4101 187 4140 non
207 4084 321 4140 decidet
338 4085 370 4140 in
388 4073 659 4156 emere3'quoniam
685 4082 748 4153 ipse
770 4083 889 4138 tortissi·
942 4099 1009 4140 nem
1025 4082 1116 4155 ipsius
1142 4081 1270 4141 circuitio
1290 4081 1491 4136 misericordie
1517 4081 1579 4152 ejus
1602 4081 1634 4134 iu
1648 4079 1792 4134 mentibus

36 4190 120 4228 mum
147 4172 375 4230 sustentaculum
406 4172 513 4236 existit.
538 4187 626 4243 super
671 4171 748 4243 quod
790 4171 886 4226 omnis
904 4172 928 4227 li
944 4172 1094 4229 bominum
1109 4170 1234 4244 quasiin
1249 4185 1315 4226 aera
1335 4170 1475 4243 pendeus,
1491 4175 1520 4225 et
1534 4184 1612 4224 unnc
1634 4169 1792 4239 potentiam

32 4261 151 4334 justitia
165 4259 320 4316 constituta
341 4265 395 4316 est.
414 4260 450 4314 Et
463 4275 551 4331 super
576 4260 675 4314 sedem
689 4258 805 4329 juvenis
821 4257 885 4329 qui·
938 4262 1059 4333 justitie
1075 4261 1126 4316 Dei
1141 4265 1272 4332 tangens,
1288 4273 1365 4314 nunc
1380 4275 1452 4328 opus
1467 4258 1558 4331 ipsius
1576 4257 1607 4312 in
1626 4258 1666 4312 eis
1679 4257 1793 4312 fortiter

35 4351 103 4406 dam
119 4350 222 4406 sedens
245 4354 287 4405 est
307 4349 539 4406 constantissimo
563 4348 704 4418 regimine
724 4346 812 4402 Filius
828 4347 885 4401 ho·
940 4351 1116 4404 confirmans
1129 4348 1259 4415 volvitur,
1276 4348 1306 4403 in
1330 4364 1387 4420 qua
1410 4346 1548 4419 perfectio
1576 4347 1738 4404 Christiana
1760 4346 1791 4401 iu

34 4439 125 4494 minis
140 4438 228 4493 Filius
243 4437 294 4494 uei
311 4437 342 4492 in
357 4436 437 4492 omni
457 4435 570 4507 justitia
585 4451 651 4490 cum
667 4435 751 4490 Patre
777 4441 807 4490 et
823 4434 886 4506 Spi·
939 4443 1107 4508 contemptu
1132 4437 1233 4492 mundi
1252 4451 1341 4508 usqua
1358 4437 1395 4493 ad
1416 4442 1514 4508 pectus
1532 4435 1711 4492 tortitudinis
1732 4449 1791 4490 snm

34 4529 96 4584 ritu
113 4530 212 4581 sancto
232 4541 357 4597 regnans
380 4527 455 4581 bens
469 4541 562 4592 unns,
583 4525 697 4580 virilem
716 4528 745 4578 st
759 4522 886 4578 nobilem
940 4531 1076 4596 apparet;
1096 4526 1163 4598 quia
1191 4525 1280 4580 virtus
1300 4527 1361 4580 hec
1382 4526 1411 4580 in
1437 4525 1539 4580 robore
1561 4523 1710 4580 lor·tissimi
1729 4537 1790 4576 car·

34 4619 147 4672 ruitum
165 4614 285 4675 habens,
309 4615 378 4686 quia
400 4614 461 4686 ipse
484 4612 658 4669 fortissimus
684 4612 731 4667 leo
745 4611 887 4668 destruxit
939 4615 1057 4669 taminia
1072 4613 1219 4670 confidens
1241 4613 1272 4670 in
1301 4615 1400 4682 ileum,
1418 4613 1548 4670 homines
1573 4611 1726 4667 inmundo
1741 4627 1792 4664 sa·
1903 4643 1909 4658 ·

34 4710 160 4762 mortem
189 4702 281 4760 nobili
311 4703 396 4768 facie,
421 4701 484 4758 aine
506 4706 622 4774 peccato
642 4699 750 4756 scilicet
763 4699 885 4755 visibilis
939 4701 1075 4758 cularilar
1104 4706 1305 4757 conversantes
1330 4701 1496 4757 acutissimo
1523 4699 1629 4755 intuitu
1659 4697 1790 4754 admoni-

35 4795 165 4858 reuiens,
192 4802 276 4847 natus
306 4808 340 4847 es
373 4790 503 4862 virgine;
528 4789 629 4861 pallidi
658 4795 757 4845 tamen
780 4787 886 4844 coloris
939 4790 1028 4845 tionis
1050 4805 1110 4845 sue
1130 4795 1309 4859 commonet,
1328 4791 1405 4846 utin
1428 4789 1588 4860 abjectione
1610 4793 1791 4844 terrenorum

34 4885 172 4950 existam,
190 4880 325 4953 qnoniam
345 4895 411 4936 cum
435 4878 557 4934 terrenis
578 4882 726 4934 terrenum
745 4879 885 4933 bonorem
938 4880 1090 4935 imitentur
1104 4879 1293 4949 praecedentis
1314 4879 1377 4934 Filii
1393 4881 1444 4934 Dei
1468 4879 1644 4948 exemplum,
1660 4879 1791 4930 constan·

34 4989 94 5026 non
116 4969 260 5043 quaesivit,
296 4969 346 5025 sed
370 4967 564 5034 humillimus,
584 4966 715 5023 modicus
730 4970 760 5021 et
773 4981 885 5037 pauper
939 4968 1049 5024 tissima
1067 4967 1227 5023 intentione
1246 4967 1358 5023 fortiter
1380 4968 1538 5039 aspirantes
1562 4965 1597 5020 ad
1614 4965 1719 5035 ipsunt.
1743 4963 1791 5017 ld-

35 5061 65 5115 in
78 5064 178 5114 sancta
190 5055 512 5129 bumilitateepparnit.
939 5056 1014 5111 circo
1030 5056 1117 5112 etiam
1137 5061 1204 5110 ante
1232 5057 1372 5128 angulum
1401 5055 1530 5124 ejusdem
1552 5051 1667 5108 aedilicii
1681 5050 1717 5106 ed
1739 5066 1790 5104 au-

70 5149 153 5205 Uude
175 5147 264 5203 etium
301 5147 420 5219 capillos
444 5145 599 5216 subnigros
635 5159 727 5215 usqua
754 5142 885 5214 scapulas
939 5149 1031 5200 strum
1046 5150 1224 5216 vergentem,
1244 5145 1340 5217 imago
1360 5143 1417 5198 alia
1431 5144 1507 5198 intra
1524 5142 1620 5213 ipsunt
1636 5138 1790 5194 aedilicium

35 5254 101 5292 suas
128 5235 334 5291 descendentes
371 5235 469 5302 babet,
501 5233 569 5306 quia
598 5231 735 5288 iudaicus
759 5231 885 5304 populus
939 5249 1026 5305 snper
1054 5235 1254 5306 pavimentum
1276 5248 1429 5305 apparens,
1456 5247 1485 5286 sa
1511 5231 1546 5286 ad
1562 5227 1792 5301 praedictumju·

33 5327 195 5381 claritatem
217 5324 284 5381 tidei
309 5339 375 5396 qua
404 5324 436 5378 iu
461 5321 660 5378 incarnatione
675 5319 803 5392 ejusdem
820 5319 884 5376 Filii
938 5337 1040 5376 senem
1057 5336 1123 5376 cum
1144 5336 1248 5392 magna
1261 5319 1407 5377 hilaritate
1432 5317 1590 5382 convertit;
1608 5316 1744 5388 quoniam
1760 5319 1791 5370 nt

35 5416 85 5472 Dei
107 5415 305 5469 demonstrata
326 5420 369 5469 est
395 5428 454 5469 non
477 5427 621 5484 quaemus,
642 5410 831 5466 obumbratus
853 5410 884 5465 in
938 5425 1019 5464 casus
1034 5409 1157 5464 hominis
1177 5424 1230 5480 per
1255 5407 1410 5464 bonitatem
1442 5405 1559 5477 superui
1583 5404 1672 5476 patris
1691 5403 1720 5458 in
1741 5419 1790 5457 ar·
