3984 6034
149 218 200 279 tto
891 209 920 262 S.
942 205 1179 264 ttlthhflnttttts
1840 202 1892 254 tro

147 345 224 416 qnod
253 341 449 416 querimonias
472 338 622 412 proferunt
643 339 675 396 in
703 337 807 395 timore
839 342 992 405 terrorum,
1013 335 1172 408 ajustitias
1186 335 1221 391 ad
1235 334 1375 407 ternplum
1390 347 1486 389 meum
1502 331 1768 404 pertinentesque
1783 329 1897 388 fortiter

149 437 180 486 nt
197 447 263 488 cum
278 447 313 486 ea
332 434 383 486 ant
404 429 492 485 aliam
513 434 675 485 ereaturam
702 427 815 500 justum
841 427 892 482 bei
911 425 992 498 judi·
1049 428 1236 481 surrexerunt
1257 423 1288 478 iu
1309 419 1580 494 praesignificatione
1603 417 1676 476 servi
1711 418 1769 473 mei
1788 418 1894 487 lacob;

146 521 222 576 cium
244 519 354 575 inducit
372 533 459 591 super
480 517 613 573 homines
631 518 711 589 ipsos
734 515 856 572 rebelles
876 515 994 570 oraton
1050 517 1081 568 nt
1102 513 1162 569 bac
1183 511 1329 583 Scriptura
1349 510 1452 566 habet:
1473 509 1595 580 Serpens
1620 523 1688 580 erpo
1706 505 1792 562 Jacob
1806 523 1897 562 mnne

147 615 206 676 ἕως
228 608 280 664 illa
302 623 360 662 non
390 606 476 662 aliter
504 609 581 662 stant
611 621 664 660 nec
687 605 770 660 aliter
789 621 819 658 se
840 604 871 659 in
892 603 994 676 seipsis
1048 600 1115 656 rutil
1139 600 1267 672 lapidem
1280 614 1362 671 quem
1373 599 1563 671 supposuerat
1575 593 1667 668 capiti
1679 610 1741 662 ruo,
1764 597 1793 650 et
1804 594 1897 652 eccll

147 696 297 752 imitentur
311 711 399 768 qnam
412 711 446 751 ea
468 693 600 767 jussione
624 709 677 748 sua
698 691 783 749 sarth
796 691 892 748 divina
912 697 994 763 pote·
1047 690 1078 747 in
1091 689 1344 759 titatomsundeur
1355 686 1447 744 oleum
1464 685 1595 758 desuper,
1612 683 1825 756 appellauitque
1842 699 1894 739 uo-

147 787 213 838 stas.
231 783 309 839 Unde
327 789 387 839 tam
403 781 557 838 crudeliter
576 781 620 836 illi
641 780 769 836 indurati
782 778 915 836 homines
928 779 991 834 imi.
1046 777 1201 835 menmbis
1213 777 1412 848 BetheltGeu.
1434 777 1549 843 rxvrrr).
1572 774 1628 828 lloe
1654 771 1710 828 tale
1730 776 1790 828 est:
1804 771 1894 827 Jacob

146 877 244 929 tantm
267 872 411 939 Seianam,
431 870 532 943 quiin
557 869 664 925 duritie
684 867 848 940 iniquitatis
869 884 928 923 snae
942 883 993 922 no·
1047 867 1277 932 surrexitmane,
1289 864 1356 937 quia
1371 863 1433 936 ipse
1453 867 1534 918 ortus
1555 865 1598 917 est
1614 860 1894 931 tempestivusama-

145 961 211 1017 lunt
228 959 313 1016 subdi
329 960 388 1016 lieo
408 958 535 1014 Creatori
550 973 613 1025 suo,
637 961 757 1028 propter
771 955 800 1012 id
813 954 891 1029 quod
905 955 994 1028 periit
1046 962 1093 1012 tor
1118 954 1225 1010 veracis
1242 952 1363 1025 jnstitia
1388 951 1419 1006 in
1439 949 1593 1007 constituto
1618 947 1738 1020 templo,
1763 945 1810 1002 cui
1830 945 1893 1016 ipse

146 1050 182 1105 ab
206 1048 287 1104 omni
310 1047 487 1104 beatitudine
512 1051 541 1102 et
564 1047 626 1118 ipse
647 1060 714 1101 cnm
735 1061 771 1102 eo
792 1044 933 1116 peribunt
947 1059 992 1100 se·
1046 1043 1220 1104 conveniens
1234 1057 1337 1097 nomeu
1355 1039 1502 1112 imposuit,
1525 1035 1665 1110 quoniam
1678 1037 1713 1093 de
1726 1036 1776 1092 illo
1792 1033 1895 1092 debuit

145 1141 267 1207 quantes
300 1134 392 1190 illum.
421 1134 514 1190 lledic
546 1139 644 1189 autem
682 1132 728 1187 ala
747 1132 802 1187 zeli
822 1132 881 1187 mei
909 1131 992 1186 cedit
1047 1134 1117 1189 oriri
1130 1131 1320 1188 rectissimum
1340 1126 1490 1199 templum,
1518 1127 1601 1198 virgo
1616 1125 1726 1181 scilieet
1743 1122 1840 1192 hieria,
1854 1122 1891 1177 de

144 1223 261 1280 insanos
281 1223 414 1280 homines
436 1228 466 1277 et
479 1221 707 1294 unumquodque
730 1224 991 1293 praesumptuosum
1046 1238 1102 1295 qno
1117 1221 1164 1277 Sol
1181 1219 1301 1292 justitiae
1315 1217 1430 1274 effulsit.
1447 1217 1480 1272 Et
1495 1214 1600 1271 tollens
1618 1212 1743 1286 lapidem
1758 1224 1846 1283 quem
1861 1209 1893 1265 in

144 1312 254 1368 nemum
277 1311 357 1384 quod
373 1310 496 1366 scienter
519 1326 552 1366 ac
582 1314 692 1366 temere
715 1309 843 1377 tamenn
867 1307 944 1381 qnod
960 1323 991 1363 se
1045 1311 1139 1382 ligura
1151 1307 1248 1364 altaris
1262 1309 1453 1379 supposuerat
1467 1300 1609 1376 superiori
1619 1301 1708 1374 capiti
1726 1317 1789 1368 suo,
1804 1300 1891 1356 idest

145 1400 271 1471 primum
292 1399 384 1454 erexit
402 1398 567 1454 inhominc
589 1396 780 1469 insanguine
800 1397 881 1463 Abel,
903 1411 990 1467 quem
1045 1398 1169 1463 Christo,
1200 1401 1233 1452 ut
1254 1397 1283 1452 in
1309 1395 1426 1450 nomine
1449 1392 1540 1465 ipsius
1563 1390 1613 1464 qui
1643 1394 1686 1446 est
1709 1405 1776 1444 nera
1800 1392 1894 1461 petra,

144 1489 232 1543 trater
242 1505 310 1542 suns
329 1488 366 1542 ob
394 1487 448 1542 hoc
462 1486 675 1554 odiobabebat‚
704 1486 773 1557 quia
787 1483 991 1557 propterohle·
1045 1487 1279 1552 sanctificaretur,
1312 1488 1341 1539 et
1371 1481 1565 1538 sanctificatus
1589 1479 1797 1540 nominaretur,
1822 1476 1894 1549 quia

143 1577 250 1632 honam
282 1576 451 1631 substantie
483 1576 546 1645 ejus
568 1591 656 1646 quam
680 1574 714 1628 in
737 1573 815 1628 bone
843 1573 989 1628 voluntate
1011 1590 1226 1670 Bonaqumqne
1250 1570 1438 1627 sanctificatio
1457 1567 1555 1624 altaris
1576 1566 1723 1638 supposita
1745 1570 1790 1620 est
1810 1567 1893 1635 pote·

144 1664 300 1731 distribuit,
316 1665 374 1720 beo
388 1665 491 1720 charus
505 1667 588 1731 erat3
605 1668 635 1718 et
651 1662 732 1735 qnod
752 1677 786 1717 ae
799 1661 886 1717 etiam
900 1659 991 1716 erexit
1045 1666 1111 1720 stati
1125 1659 1402 1734 omnipotentisllei,
1417 1657 1504 1728 capiti
1527 1655 1656 1712 omnium
1673 1653 1813 1722 fidelium,
1829 1667 1892 1708 ere-

142 1754 174 1809 iu
198 1753 359 1820 Pharaone,
391 1753 497 1825 quiin
515 1751 695 1808 mirabilibus
726 1750 798 1805 ineis
826 1749 991 1804 admonitus
1044 1754 1144 1826 xitque
1168 1753 1250 1808 illum
1275 1751 1305 1805 in
1321 1749 1437 1804 titulum
1456 1746 1521 1800 libri
1542 1744 1616 1810 ritae,
1640 1748 1669 1798 et
1692 1743 1722 1798 in
1737 1757 1891 1813 personam

142 1846 198 1909 est,
213 1841 254 1897 ita
267 1842 347 1913 quod
368 1841 522 1896 exterritus
543 1840 574 1894 in
595 1844 706 1896 terrore
735 1855 810 1906 meo,
827 1837 935 1893 inritus
951 1837 990 1892 di·
1044 1839 1184 1912 praecipni
1207 1837 1306 1893 odoris
1326 1833 1449 1891 coelestis
1472 1833 1641 1902 ierusalem,
1664 1830 1730 1902 qnia
1758 1834 1790 1886 ut
1812 1829 1894 1885 Chri·

141 1930 221 1986 misit
232 1931 374 2002 poputum
389 1945 487 1986 meum
501 1928 600 1997 lsrael,
624 1944 711 2000 quern
732 1927 841 1982 iterum
864 1941 917 1998 per
936 1925 990 1981 de·
1044 1933 1104 1984 stus
1121 1933 1165 1984 est
1189 1929 1275 1999 caput
1292 1925 1489 1980 membrorum
1513 1935 1630 1976 anorum
1653 1920 1684 1975 in
1707 1934 1831 1991 superna
1844 1919 1892 1974 Je-

143 2019 283 2074 mentianr
297 2033 380 2074 suam
395 2018 542 2074 retrahere
562 2016 663 2083 voluit,
679 2013 892 2087 propterquod
906 2014 990 2069 illum
1043 2018 1177 2082 ruentem,
1199 2015 1240 2070 sic
1260 2018 1304 2070 est
1326 2011 1554 2084 unumquodque
1573 2007 1780 2064 sanctificatum
1802 2007 1892 2062 altare

141 2109 220 2163 zelus
244 2123 324 2162 meus
345 2106 499 2178 absorpsit,
523 2111 553 2162 et
567 2105 646 2177 quod
669 2121 700 2160 se
720 2103 807 2159 etiam
828 2104 858 2158 in
871 2101 922 2158 illo
940 2118 990 2174 po
1044 2103 1229 2162 excellentior
1251 2118 1319 2175 pars
1339 2101 1441 2172 templi
1464 2098 1518 2166 sui,
1535 2097 1625 2153 etlnso
1640 2097 1764 2168 desuper
1781 2095 1845 2150 oleo
1860 2095 1891 2149 in

141 2196 213 2268 pulo
234 2211 298 2252 meo
318 2196 420 2264 erexit,
444 2195 493 2267 qni
522 2209 569 2250 me
594 2209 768 2264 cognoscens
791 2195 877 2264 atque
899 2190 988 2246 mira-
1044 2193 1267 2252 sanctificatione
1302 2187 1461 2246 chrismatis
1498 2186 1575 2260 qnod
1610 2190 1654 2240 est
1685 2184 1775 2240 etlnsa
1797 2183 1892 2254 gratia

141 2284 213 2340 bilia
236 2299 302 2340 mea
322 2284 432 2351 videns,
454 2283 564 2338 idolum
587 2283 619 2338 in
648 2281 723 2336 Oreb
753 2280 890 2348 adoravit,
912 2280 989 2334 unde
1045 2286 1094 2342 nai
1117 2281 1321 2354 omnipotentis
1339 2279 1370 2334 in
1393 2280 1490 2332 sancto
1512 2274 1665 2346 baptismo.
1688 2274 1722 2328 Et
1737 2273 1894 2344 appellarit.

142 2386 248 2426 corona
262 2371 298 2425 de
313 2371 406 2441 capite
427 2370 505 2426 illins
526 2369 638 2437 cecidit,
659 2369 698 2422 ita
713 2367 791 2441 qnod
819 2366 860 2423 eis
873 2368 916 2422 lex
938 2367 990 2424 liei
1043 2371 1252 2428 sanctificatum
1268 2367 1363 2423 locum
1385 2365 1478 2433 illum,
1502 2364 1622 2420 domum
1636 2366 1665 2416 at
1684 2362 1824 2433 templum
1840 2359 1891 2416 liei

141 2459 215 2514 lacta
239 2466 282 2512 est
300 2457 496 2530 corruptibilis
518 2457 548 2512 in
579 2457 692 2512 duabus
720 2456 843 2528 lapideis
871 2455 987 2524 tabulis,
1044 2459 1201 2516 secundnm
1217 2471 1322 2513 nomen
1338 2455 1460 2510 civitatis
1483 2452 1605 2508 catastis
1624 2451 1794 2516 Jerusalem,
1813 2449 1891 2521 qnod

141 2547 207 2602 aliis
220 2547 266 2601 his
283 2546 425 2602 similibus
448 2550 566 2618 propter
587 2561 636 2600 aas
651 2561 716 2617 qna
731 2545 767 2600 de
789 2544 881 2615 gloria
895 2560 948 2599 sna
961 2550 990 2598 et
1046 2554 1088 2604 est
1102 2549 1199 2604 niseus
1210 2544 1350 2616 templum
1368 2543 1419 2598 ost
1433 2541 1564 2596 virentis.

143 2633 277 2689 felicitate
304 2634 470 2688 ceciderunt
497 2632 559 2688 hacc
580 2633 678 2692 omnia
703 2632 858 2688 ulciscente
879 2631 989 2686 ultione
1080 2637 1138 2695 που
1162 2637 1260 2706 itaque
1283 2633 1413 2703 exempto
1441 2635 1469 2685 et
1491 2628 1711 2700 significatione,
1734 2627 1892 2698 erigendus

144 2713 217 2778 moa.
235 2721 314 2777 noda
335 2722 422 2776 stiam
441 2721 531 2776 Moses
556 2720 680 2776 tumulus
694 2736 775 2776 meus
790 2721 826 2775 de
847 2721 989 2775 contrane
1044 2732 1087 2782 est
1100 2725 1175 2796 lapis
1188 2723 1218 2778 iu
1234 2721 1342 2794 templo
1356 2721 1388 2776 in
1401 2719 1519 2776 nominc
1533 2715 1777 2780 meoordinando,
1792 2715 1889 2787 ipsum

143 2811 192 2866 illa
211 2810 296 2882 plebe
318 2809 392 2865 mibi
416 2816 476 2864 tam
497 2808 664 2880 frequenter
694 2809 862 2865 nucamenta
882 2808 915 2862 iu
934 2808 989 2863 islo
1042 2811 1324 2884 videlicettemplum
1340 2809 1447 2865 idcirco
1461 2808 1605 2880 signatum
1620 2820 1685 2861 cum
1701 2803 1808 2877 lapide,
1821 2805 1891 2876 quia

101 2936 103 2939 ·
142 2901 203 2954 2⁰¹⁰
225 2915 292 2954 ¹⁰0⁰
312 2898 380 2954 fecii
412 2897 566 2953 liuditum
595 2913 630 2952 ⁰¹
656 2899 801 2953 ’θῑῑῐῐῑῑδῑθ
824 2912 902 2965 “¹0⁸3
920 2911 986 2952 ⁰⁰1ss
1006 2903 1379 2977 Gegohrmapetrssnm,
1395 2899 1431 2952 ad
1454 2909 1540 2969 quem
1555 2894 1650 2953 omnis
1663 2893 1777 2966 justitia
1804 2894 1891 2950 etlex

141 2987 295 3044 effiwiler
317 2986 427 3042 dicem
455 2987 551 3041 θΙθθῑίθ
573 2986 657 3052 meib
679 2990 711 3040 ¹12
737 2985 989 3040 ⁰⁰⁰id0r0111n118·
1044 2991 1272 3050 Christianorum
1289 2987 1422 3061 pertinet.
1449 2985 1616 3057 Ubicunque
1632 2982 1709 3038 enim
1723 2983 1808 3038 lrrerit
1823 2997 1891 3037 san-

141 3076 264 3147 tl¹¹l⁸q¹¹⁰
277 3075 396 3130 frarem
417 3078 447 3129 θῑ
462 3075 588 3130 &micum
610 3079 639 3129 ²²
660 3073 827 3145 mimum
843 3089 946 3140 ⁸¹¹⁰1113
961 3078 990 3129 οἱ
1042 3079 1182 3136 stificatus
1200 3065 1300 3142 locus,'
1316 3073 1367 3130 ubi
1392 3088 1497 3144 corpus
1512 3071 1576 3127 Filii
1599 3069 1655 3125 mei
1680 3067 1891 3124 immutandum

140 3149 247 3219 iterum
262 3177 329 3218 cum
351 3161 487 3218 ardenter
506 3160 653 3232 judicibus
676 3160 807 3232 ejusdcm
821 3160 922 3233 populi
936 3161 988 3230 ait,
1043 3171 1096 3235 ast,
1112 3165 1152 3220 ibi
1165 3165 1230 3219 volo
1247 3178 1307 3217 esse
1323 3160 1445 3234 lapidem
1462 3161 1493 3214 in
1508 3159 1626 3216 nomine
1641 3173 1707 3214 meo
1723 3157 1893 3230 signatum

141 3251 218 3323 quod
246 3248 390 3306 occideret
423 3250 623 3321 unusquisque
656 3249 802 3320 proximos
832 3264 907 3317 suos,
939 3249 989 3320 qui
1043 3253 1110 3328 quia
1139 3268 1195 3322 ego
1216 3249 1399 3306 veracissima
1432 3247 1570 3304 tortitudo
1597 3263 1672 3315 snm,
1695 3246 1782 3302 etiam
1801 3245 1826 3300 si
1848 3245 1888 3300 ibi

140 3335 247 3394 initiati
261 3342 356 3394 esseut
371 3338 557 3410 Beelphegor,
572 3337 622 3394 ubi
642 3339 719 3393 ultus
740 3352 804 3392 sum
819 3353 876 3407 me,
896 3336 989 3392 occisa
1042 3358 1076 3398 ex
1095 3341 1192 3413 aliqua
1210 3337 1440 3411 impossibilitate
1460 3353 1517 3392 uon
1532 3335 1641 3409 poterit
1657 3351 1718 3392 esse
1737 3333 1890 3407 ternplum,

140 3427 293 3500 iniquitate
306 3427 513 3498 ittapugnante
527 3429 630 3482 contre
648 3441 704 3482 mc.
1042 3429 1180 3502 qnoniam
1199 3442 1297 3483 sersus
1320 3441 1403 3482 meus
1423 3425 1509 3482 Jacob
1529 3425 1619 3481 erexit
1640 3423 1765 3496 lapidem
1784 3423 1814 3478 in
1837 3438 1891 3477 sua

177 3515 231 3572 Sed
251 3515 283 3570 in
297 3514 368 3570 Abel
387 3515 516 3586 primm
528 3517 592 3569 orta
610 3513 722 3585 justitia
740 3513 800 3580 liei,
813 3517 879 3586 post
892 3512 988 3586 ipsum
1042 3515 1281 3589 praefiguratione
1299 3514 1330 3568 in
1353 3513 1471 3570 nomine
1493 3528 1559 3569 meo
1582 3517 1616 3568 ut
1627 3512 1737 3568 dietum
1749 3515 1802 3578 est,
1819 3509 1890 3581 quia

141 3602 251 3659 inventi
265 3603 429 3659 suntmulti
452 3603 502 3659 alii
526 3603 620 3671 electi,
640 3617 673 3657 er
688 3603 824 3659 omnibus
845 3603 989 3658 hiemalis
1042 3605 1170 3662 etFilius
1190 3619 1272 3659 meus
1293 3602 1328 3658 de
1350 3603 1438 3675 stirpe
1460 3601 1539 3657 illius
1562 3601 1728 3656 incarnatus
1746 3602 1799 3655 est.
1811 3599 1893 3652 tem·

141 3697 171 3747 et
194 3692 337 3763 perversis
367 3691 612 3765 generationibus,
635 3692 686 3764 qni
700 3691 879 3764 collegerunt
893 3696 922 3746 et
939 3707 987 3746 co·
1041 3695 1122 3767 ptum
1137 3697 1233 3750 autem
1248 3691 1305 3747 tale
1320 3691 1392 3746 mihi
1407 3689 1583 3757 dedicatum,
1598 3703 1657 3746 non
1671 3687 1757 3744 debet
1771 3701 1891 3742 essera-

141 3779 259 3835 lueruut
291 3779 440 3836 subtiliora
466 3783 613 3851 precepta
646 3795 721 3847 mea,
755 3783 788 3834 ot
817 3778 870 3834 tilii
889 3777 987 3844 lsrael,
1042 3797 1129 3838 cuum
1151 3781 1239 3852 birine
1258 3779 1369 3852 negotii
1382 3777 1452 3850 quin
1468 3777 1595 3850 postulet
1619 3791 1734 3832 canmm
1754 3773 1890 3830 constitu

141 3869 219 3925 inter
242 3884 315 3941 qnos
335 3867 424 3925 etiarn
444 3874 525 3924 ortus
547 3873 591 3924 est
610 3867 704 3924 luctas
726 3873 757 3923 et
779 3883 895 3936 moeror,
916 3867 989 3923 desi·
1042 3870 1129 3927 honis
1144 3885 1214 3938 sure,
1228 3883 1292 3940 qua·
1308 3866 1434 3923 adheret
1449 3865 1503 3922 sibi
1519 3865 1555 3922 de
1579 3865 1676 3921 labore
1699 3861 1890 3921 ministrantis

140 3957 273 4013 derantm
304 3956 515 4012 humanitatem
545 3955 612 4012 Filii
640 3955 707 4011 mei.
739 3957 856 4011 Peracta
888 3960 987 4012 autem
1041 3961 1069 4016 ai
1092 3957 1201 4032 populi,
1228 3957 1304 4013 sicut
1320 3955 1408 4011 etiarn
1429 3955 1551 4011 eoelestis
1572 3953 1730 4010 Jerusalem
1753 3967 1819 4008 curn
1841 3967 1887 4006 ca-

140 4043 270 4116 ejusdem
292 4043 357 4100 Filii
379 4043 436 4098 mei
452 4042 683 4099 manifestatione
696 4059 783 4115 quem
802 4043 868 4098 misi
886 4047 987 4099 natum
1042 4048 1100 4121 pite
1114 4063 1166 4101 sno
1182 4044 1305 4112 Gbristo,
1318 4059 1376 4100 nou
1390 4045 1451 4100 vult
1464 4057 1562 4100 carere
1572 4042 1686 4114 iustitia
1700 4057 1751 4096 sna
1765 4056 1888 4113 semper,

23 4143 26 4150 ’
139 4146 172 4186 er
204 4129 339 4202 Virgine:
376 4131 562 4202 coquebatur,
601 4134 630 4186 et
665 4129 855 4186 condiebatur
893 4129 988 4186 omnis
1042 4135 1182 4209 aspiciens
1203 4133 1234 4190 in
1257 4131 1369 4188 labores
1398 4132 1526 4188 tiliorum
1548 4147 1678 4200 suornm,
1699 4145 1771 4202 quos
1794 4144 1889 4184 susce·

137 4219 251 4291 iustitia
270 4217 353 4290 tago,
377 4219 470 4274 dulcis
492 4223 521 4275 et
544 4219 638 4276 suavis
652 4217 732 4274 cibus
755 4219 828 4275 lacta
845 4219 987 4291 omnipo·
1007 4201 1126 4298 Dptura
1139 4226 1183 4278 est
1197 4221 1228 4277 in
1243 4221 1312 4278 Deo.
1325 4219 1493 4286 Quomodo?
1509 4221 1543 4274 Ut
1565 4233 1595 4276 se
1617 4216 1814 4274 abstrahente
1832 4215 1891 4272 dia-

137 4307 209 4380 pnlo
222 4307 352 4363 medenti
372 4307 403 4363 in
427 4323 484 4377 me,
504 4308 643 4381 apostolis
662 4307 788 4364 veritatis
806 4306 900 4379 ipsam
913 4308 985 4363 reri·
1040 4311 1134 4368 bolica
1148 4309 1294 4378 servitute,
1319 4325 1349 4365 se
1371 4308 1600 4379 constringentes
1614 4323 1632 4362 a
1647 4305 1819 4362 voluntariis
1833 4304 1886 4360 de·

138 4400 227 4452 tatem
242 4395 501 4452 manifestantibus.
520 4398 618 4468 itaquo
631 4396 661 4452 in
684 4394 818 4451 omnibus
836 4395 899 4450 istis
918 4409 987 4466 praa.
1041 4398 1154 4456 sideriis
1168 4399 1262 4455 camis
1286 4413 1356 4466 aura,
1375 4403 1404 4452 et
1422 4413 1453 4452 sa
1472 4395 1632 4467 affligentes
1646 4399 1747 4450 contra
1760 4409 1791 4449 se
1811 4392 1891 4464 ipsos

139 4485 224 4541 dictis
238 4484 471 4557 generationibus
486 4486 608 4541 scienter
625 4489 833 4556 transgressam
844 4483 986 4555 justitiam
1040 4487 1071 4543 in
1094 4486 1251 4543 abscisione
1271 4477 1455 4558 propriarum
1482 4499 1580 4539 rerum
1606 4484 1643 4538 ob
1659 4496 1788 4537 amorem
1806 4479 1889 4536 cosle

141 4587 246 4641 meam,
278 4572 469 4630 ulciscebatur
495 4578 524 4629 et
547 4572 695 4628 ulciscitur
718 4571 766 4628 hic
786 4571 865 4627 zelos
887 4587 984 4639 meos3
1041 4574 1145 4644 stinm3
1161 4590 1221 4632 nou
1244 4575 1286 4630 eis
1307 4573 1441 4630 omnibns
1464 4577 1586 4628 utentes.
1612 4572 1662 4628 sed
1677 4571 1732 4626 eibi
1749 4569 1818 4641 ipsis
1839 4569 1891 4624 ali-

139 4661 208 4733 quia
227 4662 303 4717 nous
326 4662 376 4735 qni
403 4665 466 4716 erat
488 4665 568 4731 tunc,
597 4666 641 4717 est
660 4665 689 4716 et
714 4675 800 4728 nnnc,
826 4675 859 4716 ac
873 4675 987 4732 semper
1040 4678 1111 4736 qnae
1125 4662 1336 4732 subtrahentes,
1359 4667 1448 4733 etqne
1473 4661 1532 4716 Deo
1554 4660 1707 4716 offerentes
1728 4659 1764 4714 ad
1789 4656 1889 4713 hono·-

139 4749 277 4818 meuebit,
304 4753 391 4821 atque
412 4751 490 4806 zelus
512 4765 595 4805 mens
623 4748 675 4820 qni
701 4752 770 4803 tunc
791 4751 865 4817 erat,
889 4752 933 4803 est
958 4751 987 4803 et
1040 4767 1103 4807 rem
1115 4751 1217 4824 ipsius,
1231 4751 1271 4806 sic
1292 4751 1379 4807 etiam
1394 4763 1574 4822 precurrens
1592 4763 1690 4804 serres
1706 4761 1788 4803 mens
1800 4745 1888 4802 Jacob

138 4853 226 4905 nunc,
253 4841 283 4893 et
304 4852 418 4911 semper
432 4838 529 4904 stabit,
542 4853 633 4909 usqne
656 4837 726 4893 dum
739 4835 880 4893 liniantur
892 4836 985 4892 tribus
1038 4839 1163 4896 institnit
1178 4839 1319 4896 decimam
1343 4837 1437 4894 omnis
1458 4836 1625 4893 substantiae
1639 4851 1698 4892 sure
1723 4849 1789 4891 curn
1804 4832 1888 4890 dice-

138 4925 290 4998 etpopuli,
310 4941 369 4982 non
382 4925 501 4982 tiniente
527 4925 639 4997 justitie
653 4924 714 4993 nei,
741 4940 859 4982 ornnem
878 4925 986 4998 rubigi-
1039 4928 1097 4999 bat,
1128 4935 1160 4986 nt
1188 4930 1294 4986 iterum
1321 4928 1544 5001 scriptumest:
1578 4926 1805 4996 assumamque
1826 4939 1889 4995 qne

137 5014 365 5086 nemiujustitire
378 5014 558 5071 discutiente.
793 5030 798 5042 ¹
1038 5017 1151 5073 dederis
1171 5015 1253 5086 mihi,
1267 5015 1397 5073 decim
1414 5015 1533 5086 offeram
1559 5013 1610 5070 libi
1624 5012 1726 5086 (itin).
1753 5015 1812 5070 liae
1830 5011 1889 5068 tale

172 5105 294 5174 Propter
308 5102 386 5174 quod
400 5102 487 5158 etiam
502 5101 535 5156 in
556 5101 610 5158 boc
623 5101 727 5158 eodem
745 5103 807 5158 zelo
824 5117 890 5158 mco
909 5101 985 5158 bano
1038 5109 1082 5160 est
1097 5121 1104 5161 :
1118 5105 1157 5160 Ex
1178 5104 1259 5160 omni
1272 5105 1349 5177 quod
1363 5102 1477 5159 dederis
1499 5101 1583 5173 mihi,
1603 5101 1723 5158 olleram
1739 5099 1793 5156 tibi
1808 5097 1889 5154 deci-

136 5190 318 5262 iniqaitatcm
344 5189 456 5257 antero,
481 5187 563 5246 illum
592 5188 724 5246 videlicet
746 5190 855 5258 dicens,
870 5189 922 5263 qui
938 5207 984 5247 ea-
1040 5207 1118 5250 mam
1132 5195 1257 5264 partem,
1284 5193 1353 5266 quia
1379 5190 1493 5248 bociex
1513 5195 1564 5246 tua
1587 5198 1643 5246 eet:
1669 5189 1796 5262 primunr
1811 5186 1888 5243 scili·

137 5278 208 5334 uiuo
232 5293 311 5334 ruore
333 5277 518 5334 abominatur
535 5278 688 5334 tlorentem
702 5277 735 5333 in
757 5294 804 5333 me
818 5279 982 5347 declamare,
1037 5283 1082 5336 ret
1095 5279 1126 5334 iu
1150 5279 1247 5336 anima
1265 5295 1339 5347 mea,
1362 5295 1380 5333 o
1403 5277 1477 5333 Deus
1500 5293 1592 5346 mens,
1614 5276 1784 5333 abscindens
1798 5274 1833 5330 ed
1851 5290 1888 5330 ee

138 5371 188 5422 unt
205 5366 255 5438 qui
276 5381 330 5437 per
347 5365 488 5422 insaniam
511 5365 674 5440 iniquitatis
697 5381 755 5422 erras¹
776 5366 899 5424 destruit
910 5382 983 5424 eon-
1037 5367 1186 5440 propriam
1209 5367 1387 5423 voluntatem
1418 5381 1521 5436 meam,
1549 5366 1672 5421 ollerens
1702 5365 1755 5421 tibi
1785 5367 1885 5420 contra

137 5451 268 5510 stitutum
281 5468 394 5526 perure
422 5453 644 5525 dedicationem,
663 5453 709 5510 vel
729 5454 801 5511 alias
813 5454 983 5513 comtitntas
1037 5469 1085 5513 me
1109 5455 1250 5529 tuentium
1279 5469 1384 5528 meam,
1411 5461 1439 5510 et
1475 5458 1574 5528 postea
1604 5453 1745 5512 decimam
1771 5458 1885 5528 partem
