3984 6034
146 243 180 299 5⁵
889 241 919 298 S.
940 239 1179 298 attuntanbts
1857 242 1891 294 56

181 383 242 438 131.
259 379 416 438 abbatissa
431 395 546 452 quoqne
572 380 734 452 complures
748 379 784 435 ad
798 380 826 435 S.
842 378 991 450 liildegur·
1007 376 1079 432 ade
1094 376 1175 448 lapsu
1201 374 1315 444 adami,
1341 379 1371 430 et
1397 373 1433 430 de
1460 374 1660 430 iucarnatioue
1685 373 1801 442 Christi,
1840 375 1891 446 qni

142 469 208 526 dem
227 472 422 534 recurrerunt,
443 474 595 538 ntpreces,
621 467 858 536 consolationem,
879 467 989 522 monita
1041 464 1192 519 homiuem
1206 465 1319 534 lapsum
1334 463 1488 534 repararit.

138 558 288 626 salutaria,
313 558 427 630 aliaque
448 555 554 611 similia
569 555 604 611 ab
619 557 683 627 ipsa
697 557 894 628 impetrarent.
912 557 990 611 luter
1080 553 1140 609 tsi.
1168 552 1317 608 abbatissa
1344 551 1446 607 1111111
1469 551 1498 606 S.
1527 551 1636 623 Cyriaci
1649 568 1742 623 prope
1768 551 1891 624 Euphor-

139 645 191 702 111
214 646 310 717 prima
334 644 458 701 occurrit
484 645 676 713 iladelheidis,
694 645 836 700 abbatissa
863 644 989 701 Gauder-
1044 641 1121 696 diam
1137 641 1193 712 (ep.
1216 642 1277 712 105)
1303 641 1385 695 enixe
1409 656 1462 711 pro
1480 655 1511 694 se
1525 641 1643 712 suisque
1658 640 1769 711 ilagitat
1791 656 1891 712 preces

140 733 319 790 hainonensis
342 735 398 806 (ep.
418 733 475 804 16),
496 734 526 789 iu
555 734 658 789 ducatu
682 733 897 800 Bruusuiceusi,
919 733 989 788 olim
1045 731 1072 786 S.
1095 730 1280 802 llildegardis.
1299 730 1362 784 ilua
1384 746 1450 782 soro
1473 729 1619 800 praedictae
1639 729 1791 784 abbatissa
1822 729 1889 784 cha-

138 823 254 880 sancte
284 823 433 895 discipula,
466 837 531 894 qnae
568 838 653 878 suum
687 822 811 878 declarat
844 821 988 890 allectum,
1044 820 1158 874 ritatem
1177 835 1235 873 uon
1252 818 1473 889 parumlaudar,
1488 819 1538 872 sed
1563 817 1594 871 iu
1621 833 1655 871 ea
1678 818 1800 889 requirit
1813 833 1892 871 meu·

139 926 306 983 precespro
322 915 395 966 seat
421 927 474 982 pro
503 927 591 983 grege
624 925 679 966 suo
695 911 774 981 petit,
794 917 944 966 venturam
960 927 990 966 sa
1043 915 1101 964 tem
1122 907 1214 980 magis
1236 908 1374 978 quietam.
1392 928 1403 955 s
1421 906 1536 974 Omnia,
1559 905 1664 978 iuquit,
1681 905 1891 977 quaproaui·

139 1019 154 1048 a
168 999 300 1071 expedito
328 1003 458 1071 tempore
488 1019 502 1048 r
528 999 563 1053 ad
592 998 724 1054 Sanctam
749 998 931 1070 promittit«
958 1005 991 1053 ut
1046 1001 1156 1050 mutua
1183 995 1286 1067 poscis,
1320 994 1456 1067 implebo.
1487 995 1568 1049 Nunc
1596 1010 1673 1049 cessa
1694 995 1730 1049 de
1761 995 1892 1065 inquieta

140 1087 595 1160 ore,iuquit,adosloqnamur,
612 1086 893 1156 manuadmanum‚
913 1089 989 1159 quod
1044 1091 1151 1150 moute,
1167 1091 1195 1139 et
1214 1084 1340 1155 quietem
1367 1084 1419 1138 tibi
1447 1099 1570 1138 assume.
1588 1105 1602 1132 »
1620 1085 1716 1138 itouet
1737 1084 1834 1144 etiam,
1855 1097 1892 1136 ne

142 1175 251 1231 bouum
276 1180 329 1242 est,
360 1190 534 1245 operemnr;
560 1175 657 1246 sicque
685 1175 803 1246 antique
829 1176 991 1232 stabilietur
1044 1188 1148 1243 corpus
1174 1172 1264 1227 nimia
1294 1171 1470 1227 abstinentia
1502 1172 1625 1242 frangat.
1658 1171 1748 1225 Deum
1780 1171 1811 1226 iu
1834 1171 1892 1224 tine

142 1263 272 1329 societas,
299 1279 386 1335 quam
409 1264 439 1318 iu
463 1263 546 1318 uobis
569 1263 721 1320 couiirmet
736 1265 811 1319 Deus
826 1265 958 1320 charitas.
975 1287 990 1316 o
1044 1259 1118 1316 hauc
1142 1260 1192 1315 dat
1217 1260 1463 1315 consolationem:
1493 1281 1507 1309 u
1530 1260 1618 1315 Video
1656 1260 1782 1314 animam
1809 1264 1890 1313 tuam

143 1351 315 1408 Rescribeus
337 1351 367 1407 S.
402 1351 594 1423 Hildegardis,
620 1352 761 1420 hortatur,
796 1357 828 1408 ut
856 1354 907 1408 nui
933 1355 991 1408 lieo
1046 1349 1127 1405 valde
1155 1349 1321 1404 rutilantem
1349 1348 1379 1403 in
1411 1365 1485 1419 pnro
1504 1347 1632 1403 homine.
1658 1369 1672 1397 s
1699 1347 1849 1402 abbatissa
1862 1347 1893 1401 in

143 1445 309 1496 constanter
322 1439 437 1495 serviat.
454 1441 548 1496 altera
572 1440 716 1496 abbatissa
738 1441 793 1496 loci
809 1458 867 1496 non
892 1443 991 1497 uomi-
1048 1436 1296 1508 lubboldesberge
1315 1437 1403 1507 (apud
1431 1436 1621 1491 trithemium
1635 1435 1667 1491 in
1695 1435 1892 1508 Lnbbelsbcrpl

145 1528 206 1582 uati
222 1544 319 1599 preces
339 1528 471 1584 similiter
496 1530 673 1600 postulat,et
694 1529 926 1585 «consolationis
942 1531 992 1585 lit·
1046 1530 1104 1597 (ep.
1140 1528 1203 1596 roe)
1230 1526 1456 1580 consolationem
1482 1525 1588 1580 alilicta
1621 1525 1744 1596 qunrit;
1766 1528 1795 1578 et
1820 1524 1895 1580 hauc

144 1619 288 1689 terastsp.
313 1617 369 1688 97).
397 1638 411 1666 s
439 1619 516 1672 ilaue
538 1618 639 1673 Sancta
665 1618 843 1689 respondeus
862 1619 993 1675 bortatur
1047 1614 1160 1670 abunde
1198 1613 1332 1669 obtinuit.
1372 1614 1441 1668 Nam
1478 1613 1506 1669 S.
1546 1612 1736 1683 ilildegardis,
1774 1613 1894 1668 laudans

145 1705 180 1760 ad
195 1705 397 1772 constantiam,
418 1710 447 1760 et
466 1704 599 1760 fiduciam
624 1705 659 1760 de
691 1707 760 1760 Deo.
785 1705 934 1762 abbatisse
963 1708 994 1762 iu
1014 1673 1150 1774 ¹³ipsam,
1188 1702 1265 1773 qood
1298 1701 1456 1757 abstineret
1487 1702 1655 1772 apeccatis,
1686 1702 1747 1756 brec
1777 1702 1892 1756 subdit:

145 1792 419 1848 wethderswinkele
443 1794 610 1863 (Trithemio
638 1793 670 1848 s'n
702 1793 935 1862 Weberswinkel,
955 1796 994 1852 le·
1049 1787 1160 1846 «Unde
1176 1791 1259 1846 video
1273 1796 1301 1845 te
1320 1791 1393 1846 sicut
1411 1791 1578 1847 rutilantem
1598 1789 1742 1862 fulgorem
1757 1791 1824 1845 solis
1843 1806 1895 1860 per

146 1881 274 1952 gendum
287 1882 319 1936 in
337 1881 593 1938 Wecltterrminlret
615 1887 733 1953 eratque
758 1884 866 1939 ordinis
889 1883 992 1939 1111111-
1048 1880 1269 1950 inspirationem
1289 1879 1412 1950 Spiritus
1431 1879 1531 1945 saneti,
1553 1895 1605 1932 uec
1627 1880 1744 1933 omuino
1763 1878 1894 1933 exsilium

146 1969 250 2024 cieusis
281 1969 311 2025 iu
344 1969 458 2026 dioecesi
486 1970 696 2041 Herbipoleusil
726 1971 805 2042 eupit
834 1972 941 2028 assumi
963 1973 995 2026 iu
1048 1968 1292 2041 perditionis3sed
1310 1968 1494 2039 aspicientem
1514 1967 1659 2031 adsolem
1676 1968 1750 2023 sicut
1767 1966 1894 2038 aquilam

148 2057 275 2113 tiliarum
299 2058 328 2114 S.
353 2058 528 2130 ilildegardis
543 2075 697 2114 numerum
719 2058 776 2129 (ep.
794 2061 851 2128 981,
866 2060 995 2132 petitque
1049 2072 1102 2128 per
1124 2056 1332 2128 paenitentiam,
1367 2072 1433 2128 qna
1457 2055 1624 2110 dulcissima
1661 2060 1753 2109 mater
1776 2061 1836 2109 est:
1866 2060 1895 2109 et

146 2146 240 2217 ipsius
258 2147 414 2216 orationes,
429 2152 458 2201 et
482 2148 621 2204 «litteras
644 2147 889 2217 commonitorias,
913 2165 993 2221 quas,
1049 2145 1116 2201 ideo
1136 2146 1210 2200 Deus
1228 2145 1310 2200 valde
1326 2151 1406 2198 amat
1430 2150 1466 2198 te.
1484 2143 1664 2198 »abbatissa
1683 2142 1738 2196 ntia
1766 2143 1821 2198 loci
1836 2158 1895 2197 uon
1959 2147 1966 2156 “

146 2232 251 2305 iuquit,
277 2248 329 2304 pro
354 2233 404 2288 Dei
421 2249 520 2289 amore
544 2234 644 2289 libenti
660 2234 758 2290 auimo
773 2237 1022 2307 semperobser·.
1050 2233 1176 2305 expressi
1201 2235 1260 2305 (ep.
1289 2235 1348 2302 toul
1382 2232 1523 2304 queritur,
1545 2233 1667 2288 muttum
1694 2247 1725 2286 se
1749 2231 1840 2302 afiligi
1868 2235 1898 2286 et

147 2321 230 2376 rabo.
260 2341 275 2374 s
304 2323 374 2377 iiuic
403 2321 507 2378 Sancta
522 2323 563 2377 sic
583 2323 758 2394 respondet:
779 2325 912 2380 «Vivens
936 2326 998 2382 erx
1050 2324 1206 2397 periclitari
1231 2344 1247 2376 ι
1277 2322 1485 2379 tentationibus
1519 2323 1660 2377 malorum
1693 2322 1896 2394 spirituum.»

147 2409 231 2466 dicit:
248 2409 368 2466 aridum
379 2411 512 2467 sabulum
528 2411 630 2467 inutile
653 2416 706 2477 est,
724 2418 753 2467 ot
777 2417 853 2468 terra
867 2429 929 2484 qua
945 2430 998 2486 per
1051 2412 1190 2484 lisposuit
1202 2412 1304 2468 Sancta
1318 2411 1506 2466 monitionem
1526 2409 1682 2482 egregiam.

147 2499 370 2555 aratrumuimis
384 2500 536 2571 frangitur,
550 2505 660 2555 recttrm
675 2499 995 2555 tructnmuoudebit...
1088 2503 1148 2555 135.
1195 2500 1346 2555 abbatissa
1386 2498 1602 2569 bambergensis
1633 2501 1690 2568 (ep.
1722 2500 1785 2567 110)
1818 2499 1897 2571 cupit

150 2587 183 2641 111
197 2586 271 2642 sicca
287 2591 365 2643 terra
389 2603 454 2664 quie
482 2603 582 2642 saxosa
598 2592 649 2656 est,
677 2589 820 2659 germinat
840 2588 938 2659 spinas
954 2593 996 2643 at·
1053 2611 1067 2641 a
1088 2592 1116 2645 iu
1144 2589 1321 2644 consortium
1354 2588 1539 2660 irateruitatis
1562 2607 1577 2636 »
1613 2605 1631 2642 a
1662 2587 1690 2643 S.
1725 2587 1896 2660 Hildegarde

148 2690 206 2745 que
223 2675 292 2731 alias
306 2675 421 2730 inuhles
435 2675 547 2732 herbas.
572 2675 619 2731 Sic
632 2675 792 2747 incongrua
812 2677 996 2743 abstinentia,
1051 2678 1151 2751 recipi,
1189 2683 1220 2732 et
1256 2675 1518 2730 «commonitoriis
1550 2674 1652 2729 titteris
1671 2696 1686 2724 o
1719 2676 1894 2732 confirmari.

149 2778 216 2833 quoe
240 2763 403 2819 nonhabet
423 2765 532 2835 justum
550 2765 668 2820 modum
689 2770 719 2821 et
744 2770 854 2821 rectum
878 2770 997 2835 statum,
1052 2767 1220 2822 Rescriheus
1246 2765 1349 2821 Sancta
1375 2765 1467 2836 ipsam
1489 2764 1623 2818 humatur
1650 2764 1896 2819 adlaborandum

148 2851 305 2923 prosternit
319 2867 434 2907 caruem
453 2852 589 2921 hominis,
610 2853 679 2925 quia
702 2869 761 2908 uou
787 2854 872 2909 datur
892 2853 919 2908 ei
932 2854 999 2910 riri·
1052 2855 1128 2926 apud
1144 2854 1295 2925 populum,
1314 2857 1343 2908 et
1362 2853 1398 2909 ad
1413 2852 1488 2907 illias
1506 2867 1572 2906 suas
1592 2852 1647 2906 sub
1660 2851 1810 2924 disciplina
1828 2870 1895 2909 cou-

106 2925 108 2932 ’
148 2938 222 2994 ditas
240 2942 327 3010 justes
357 2941 538 2996 relectionis:
571 2941 647 2996 uude
692 2942 779 2997 etiam
815 2943 903 2998 homo
934 2957 998 2998 are·
1017 2944 1194 3023 ctiueudas.
1233 2942 1382 2998 abbatissa
1418 2941 1707 2996 Veteris-monasterii
1737 2942 1897 3012 tlognutiui

149 3028 213 3095 seit,
229 3049 244 3078 s
265 3033 318 3084 etc.
334 3029 405 3085 Tota
426 3029 547 3100 epistola
571 3029 666 3100 pergit
689 3029 767 3084 idem
793 3035 998 3102 argumentum
1052 3035 1108 3104 (ep.
1127 3031 1187 3101 111)
1212 3031 1252 3085 ita
1273 3031 1300 3086 S.
1330 3028 1531 3101 hildegardem
1563 3029 1739 3102 alloquitur:
1762 3030 1820 3086 «Si
1844 3030 1895 3085 ali-

150 3117 270 3186 pulchre
303 3121 434 3172 unctura.
474 3116 624 3173 abbatissa
667 3116 701 3172 de
732 3118 834 3173 altena
867 3119 925 3190 (ep.
950 3120 996 3188 99)
1051 3119 1369 3195 quantulum‚liomiua
1388 3134 1462 3186 mea,
1482 3118 1696 3173 deiutirmitate
1715 3125 1805 3173 vestre
1832 3136 1899 3175 cou-

150 3205 282 3276 queritur
324 3205 359 3261 de
407 3221 464 3260 nou
505 3205 629 3278 acceptis
660 3206 708 3260 diu
747 3205 858 3275 litteris,
892 3222 998 3279 easque
1051 3210 1189 3279 valuistis,
1205 3208 1317 3281 gaudeo
1338 3224 1344 3264 :
1365 3206 1529 3274 sinautem,
1549 3223 1582 3262 ex
1601 3205 1895 3263 animoooudoleo.›

150 3292 231 3362 petit.
272 3292 435 3364 Respondet
473 3294 577 3349 Sancta
616 3309 669 3364 per
708 3295 801 3349 varias
836 3295 996 3366 parabolas,
1052 3301 1153 3355 Preces
1168 3297 1286 3368 iusuper
1298 3297 1380 3368 petit,
1403 3301 1432 3350 et
1450 3295 1569 3358 litteras,
1598 3295 1762 3366 Respondet
1776 3296 1896 3351 Sancta:

146 3380 257 3452 ,quibus
274 3381 405 3437 bortatur
424 3382 460 3438 ad
474 3382 587 3438 lortiter
605 3383 664 3438 lieo
679 3383 871 3438 serviendum.
1054 3410 1066 3438 ι
1087 3388 1223 3444 Voluntas
1239 3385 1289 3441 Dei
1307 3384 1391 3457 quasi
1417 3384 1448 3439 iu
1464 3384 1548 3456 siguo
1569 3383 1671 3439 mortis
1687 3399 1733 3438 me
1747 3389 1897 3452 straverat,

187 3471 248 3525 133.
276 3469 425 3524 abbatissa
448 3470 479 3526 S.
500 3471 594 3526 ituria
618 3469 833 3526 ilatisboueusis
860 3476 916 3544 (ep.
935 3475 998 3542 102)
1051 3477 1131 3532 reiut
1156 3475 1253 3529 anima
1288 3489 1353 3528 mea
1384 3472 1419 3527 de
1446 3471 1501 3528 boc
1525 3472 1628 3528 secolo
1651 3472 1808 3543 suspiraret
1824 3489 1831 3527 :
1847 3474 1898 3528 sed

150 3557 207 3614 sibi
232 3557 357 3613 multum
382 3559 544 3630 gratulatur
568 3561 604 3615 de
632 3559 733 3614 notitia
753 3561 780 3615 S.
812 3560 997 3633 iiildegardis,
1052 3564 1146 3638 gretia
1169 3563 1221 3618 Dei
1254 3561 1466 3634 aliquantulum
1490 3575 1542 3616 me·
1568 3560 1599 3615 in
1632 3576 1706 3615 noro
1730 3563 1899 3618 dououuuc

150 3660 239 3718 qnam
263 3644 323 3726 ,sibi
355 3645 443 3700 luisse
478 3647 563 3702 saluti
584 3647 721 3712 declarat,
749 3647 808 3702 imo
837 3653 865 3704 et
888 3649 999 3704 meritis
1051 3650 1148 3705 erexit.
1167 3671 1182 3700 »
1205 3648 1302 3714 addit,
1323 3649 1381 3703 [teo
1407 3654 1522 3720 gratum
1547 3664 1611 3704 esse
1640 3648 1899 3705 commiserationis

149 3735 250 3806 ipsius,
277 3733 338 3789 siu
362 3735 515 3790 articulum
541 3737 642 3790 mortis
669 3741 812 3805 ruentem,
830 3757 842 3786 ι
859 3753 889 3792 se
905 3752 999 3793 serra·
1051 3739 1195 3805 allectum,
1223 3739 1374 3810 ipsamque
1392 3737 1524 3794 hortatur
1537 3737 1573 3793 ad
1593 3737 1783 3793 constantiam
1801 3738 1832 3793 iu
1847 3739 1898 3794 liei

150 3827 210 3878 tam
225 3823 362 3879 insinuat.
382 3824 485 3880 Sancta
499 3839 566 3879 vero
583 3824 673 3894 ipsam
686 3826 819 3880 bortatur
832 3825 867 3880 ad
883 3825 998 3897 patieu-
1051 3827 1177 3882 semitis.
1206 3825 1357 3882 abbatissa
1376 3826 1567 3882 iiussimensis
1591 3825 1758 3897 (irithemio
1782 3825 1816 3880 iu
1831 3827 1896 3881 Nn·

150 3911 233 3979 tiam,
262 3917 420 3984 monetque
444 3916 478 3967 ut
510 3912 546 3967 ab
587 3913 630 3967 ira
659 3917 765 3968 careat.
797 3913 945 3969 abbatissa
966 3914 996 3969 iu
1050 3914 1107 3987 rio)
1126 3915 1250 3971 maritum
1273 3915 1404 3978 sollicita,
1433 3929 1584 3969 «cauum
1610 3913 1716 3969 animae
1743 3935 1754 3962 ι
1783 3930 1843 3970 suae
1866 3931 1897 3970 se

151 3999 329 4072 ltoutnugim
356 3999 526 4071 (trithemio
553 3999 585 4054 ia
610 4001 785 4074 ascranpen)
813 4002 874 4057 haec
905 4001 940 4057 ad
968 4003 995 4058 S.
1051 4005 1080 4061 S.
1102 4002 1268 4074 hildegardi
1294 4003 1461 4075 permittere
1484 4002 1584 4058 scribit
1608 4002 1665 4074 (ep.
1698 4005 1768 4070 tte),
1795 4009 1825 4058 et
1853 4019 1900 4058 re·

150 4088 351 4160 liitdegardem
373 4088 473 4144 scribit
493 4091 551 4160 (ep.
579 4089 655 4159 ¹⁰³)ss
673 4107 687 4141 s
704 4089 820 4145 Celebre
835 4091 942 4145 lactum
956 4095 999 4146 est
1052 4095 1157 4165 scripta
1185 4092 1265 4164 petit.
1298 4093 1376 4147 lianc
1403 4092 1506 4148 &ncta
1525 4091 1561 4147 ad
1580 4091 1778 4164 paenitentiam
1799 4093 1896 4146 borte-

149 4177 180 4232 iu
195 4193 245 4232 ore
257 4177 388 4232 omnium
398 4179 534 4233 volumen
549 4177 619 4233 illud
632 4179 740 4247 rolens,
758 4178 835 4251 qood
850 4179 998 4251 propbetas
1052 4188 1110 4246 tur,
1122 4186 1150 4236 et
1162 4181 1197 4236 ad
1206 4181 1283 4236 hona
1290 4195 1390 4252 opera,
1403 4179 1574 4251 priusquam
1589 4178 1738 4245 moriatur,
1754 4177 1895 4235 iacienda.

150 4264 307 4321 detumeat
324 4266 354 4321 iu
374 4279 478 4333 escam,
496 4266 527 4320 in
557 4270 606 4322 tuo
634 4283 751 4339 qnoque
777 4283 861 4323 ore...
881 4268 996 4340 requie·
1013 4260 1201 4326 Dabbatissa
1213 4268 1459 4340 Coloniensismp.
1476 4268 1538 4336 111)
1557 4267 1592 4323 ad
1625 4267 1652 4323 S.
1684 4267 1896 4337 hildegardem,

150 4369 262 4409 scere...
279 4353 410 4409 Discurre
441 4359 548 4424 summ,
576 4354 688 4425 festina,
705 4356 797 4412 excita
829 4358 994 4426 Ecclesiam,
1050 4373 1137 4430 quem
1152 4357 1257 4412 babere
1282 4363 1404 4413 matrem
1431 4356 1574 4428 cupiebat,
1597 4356 1665 4410 tiliae
1682 4355 1773 4409 instar
1786 4355 1894 4424 scribit,

149 4441 209 4497 imo
224 4441 368 4515 principes
383 4442 547 4499 Ecclesia...
573 4443 688 4514 virgam
711 4445 789 4500 euim
805 4445 840 4502 ab
854 4445 995 4518 aquilone
1050 4453 1082 4501 ut
1106 4447 1143 4502 ab
1162 4461 1197 4500 ea
1221 4445 1448 4501 consolationem
1465 4445 1603 4500 obtineat.
1627 4442 1765 4513 Reposuit
1790 4443 1896 4500 Sancta

150 4546 236 4602 super
248 4531 431 4603 iniquitatem
447 4531 613 4602 vigilantem
639 4539 668 4588 et
695 4534 809 4602 vidisse,
836 4538 865 4589 et
887 4534 995 4605 gaude·
1048 4535 1267 4590 instructionem
1285 4534 1412 4600 brevem,
1429 4537 1461 4588 ut
1489 4538 1622 4588 constans
1649 4536 1722 4586 esset
1741 4532 1771 4586 iu
1800 4532 1893 4589 bouis.

150 4634 213 4674 mus
231 4623 260 4674 ct
273 4619 538 4675 contremiscimus:
555 4621 633 4676 unde
655 4627 683 4676 te
711 4623 824 4678 litteras
838 4628 902 4677 tuas
927 4638 994 4678 oon·
1048 4622 1200 4678 abbatissa
1236 4623 1272 4678 ds
1305 4620 1505 4677 bidenhirltim
1537 4621 1625 4692 (apud
1647 4619 1836 4675 Tritbemium
1862 4619 1895 4675 in

148 4706 297 4762 solutorias
316 4708 444 4778 recipere
458 4708 743 4766 desideramussetc.
766 4711 810 4766 ad
837 4712 899 4766 beer
922 4711 995 4766 uibil
1048 4709 1365 4781 liddeulrircaenljnrtu
1381 4709 1522 4774 Bonnam,
1541 4723 1629 4780 qnam
1653 4709 1835 4763 Sanctaaute
1849 4707 1893 4762 iu·

147 4795 297 4868 respondit
311 4796 542 4868 §.hildegardis
558 4799 608 4853 sed
623 4798 807 4853 seriomouet
822 4799 994 4854 abbatissam
1048 4799 1163 4857 viserat.
1187 4797 1272 4852 enias
1297 4802 1380 4866 rogat
1395 4797 1452 4868 (ep.
1475 4800 1536 4865 115)
1560 4818 1575 4846 a
1588 4795 1809 4850 commonitoria
1836 4811 1897 4850 rer-

148 4884 183 4938 de
196 4883 255 4938 aits
283 4883 462 4940 emendanda
492 4891 559 4940 aute
583 4890 717 4951 mortem,
732 4903 820 4958 qoam
835 4902 894 4942 nou
909 4887 995 4958 louge
1047 4887 1093 4943 ba.
1112 4909 1123 4936 ι
1140 4886 1296 4956 Remripsit
1315 4886 1343 4942 S.
1372 4884 1551 4954 iiildegardis
1583 4880 1800 4937 instructionem
1826 4881 1896 4936 satis

147 4971 246 5028 abesse
269 4971 410 5043 praedicit.
431 4991 446 5026 1
470 4975 503 5028 lu
525 4973 639 5046 spiritu,
663 4975 767 5046 iuquit,
788 4975 925 5031 veraciter
943 4975 995 5032 tibi
1048 4975 1190 5047 prolixam
1222 4975 1258 5030 ad
1288 4977 1364 5029 reete
1392 4973 1563 5044 regendum,
1587 4976 1619 5027 et
1645 4970 1681 5026 ad
1709 4985 1803 5024 mores
1829 4985 1895 5024 suos

148 5059 231 5116 dico:
260 5061 387 5116 animam
411 5067 491 5118 tuam
524 5062 667 5118 custodi...
711 5063 769 5118 iioc
806 5071 873 5118 ante
917 5063 994 5120 diem
1048 5063 1262 5135 corrigendum.

147 5146 249 5202 mortis
276 5148 425 5205 tacito...»
454 5150 604 5206 abbatissa
631 5149 661 5204 iu
690 5150 892 5236 Gerbestethde
908 5152 998 5222 (apud
1084 5155 1145 5207 136.
1173 5151 1323 5207 abbatissa
1346 5148 1571 5205 auturnacensis
1594 5147 1682 5218 (apud
1702 5143 1895 5202 'iritbemium

146 5235 333 5292 trithemium
366 5235 398 5292 iu
436 5237 596 5298 Gerbstedel
628 5253 725 5309 preces
756 5239 785 5295 S.
817 5239 994 5311 litldegardis
1046 5239 1317 5313 propeauderducb
1334 5248 1391 5309 tep.
1410 5238 1471 5306 116)
1487 5237 1566 5292 varia
1585 5234 1707 5308 inquirit
1723 5235 1892 5289 decousne·

146 5321 259 5395 flagitat
272 5323 329 5398 (ep.
349 5325 420 5395 101).
434 5345 449 5374 a
464 5326 605 5381 Praeterea
619 5339 702 5396 rogo,
719 5325 823 5399 inquit,
842 5335 873 5382 ut
885 5327 993 5398 aliquid
1046 5327 1196 5384 tudinibus
1218 5327 1385 5382 monasterii
1407 5326 1435 5381 S.
1457 5325 1647 5396 iiildegardis,
1674 5337 1797 5394 quarum
1815 5321 1895 5392 quod

146 5411 218 5467 mihi
231 5412 357 5469 delibris
380 5412 481 5467 vestris
500 5412 711 5482 transmittatis,
735 5417 815 5470 omui
844 5415 993 5472 devotione
1047 5431 1129 5471 nosse
1147 5416 1323 5481 siderentur,
1352 5419 1515 5469 reverenter
1549 5411 1689 5466 rationem
1721 5409 1795 5482 petit
1808 5408 1895 5464 abba·

145 5500 504 5573 ssmperdeservicndum.
527 5502 709 5574 sltescripsit
727 5504 831 5561 Sancta
851 5505 993 5561 disserens
1046 5504 1124 5572 tissa,
1153 5505 1264 5576 aliquot
1304 5503 1392 5559 etiam
1432 5501 1588 5572 Scriptura
1620 5505 1715 5554 tsrtsu
1742 5497 1891 5569 objiciens.
