3984 6034
164 158 210 208 sul
888 152 916 206 S.
940 151 1175 210 flltuufiatttus
1683 171 1687 174 ·
1860 160 1911 212 Ζιὸἳ

165 287 311 357 rolrrptate
340 284 499 356 possideas;
523 284 593 356 quia
615 292 684 338 tuno
706 283 903 339 misericordia
921 283 950 337 iu
967 299 1009 337 re·
1027 285 1129 338 Asuos
1142 283 1174 339 in
1195 285 1392 340 admonitione
1416 285 1472 340 iste
1494 301 1554 341 uuu
1568 285 1749 342 obaudierit:
1765 292 1835 343 tuuc
1859 305 1912 360 po·

167 373 367 429 muneratione
384 372 434 428 uel
448 372 485 428 ob
505 372 619 443 piandus
633 373 775 444 superbire
790 378 847 427 ture
863 371 915 428 tibi
928 372 1010 427 dees·
1065 375 1150 442 pulus
1177 377 1285 428 reatum
1310 389 1394 428 suum
1421 373 1535 442 sentiet,
1555 378 1583 430 et
1600 375 1762 430 sacerdotes
1784 378 1820 432 de
1845 394 1915 432 casu

166 468 218 530 set,
247 462 385 535 qnoniam
408 464 448 517 ibi
474 462 583 517 viscera
603 461 808 534 compassionis
831 476 918 533 super
940 477 1010 534 pan.
1065 461 1249 532 negligentiae
1263 462 1350 533 hrrjus
1365 477 1394 518 se
1414 462 1602 534 eripuerunt;
1623 465 1647 518 si
1667 479 1734 520 vero
1750 465 1915 520 sacerdotes

166 566 266 621 penem
290 568 347 607 uun
368 550 498 606 traheres.
528 550 608 607 Unde
629 556 659 605 et
679 552 821 605 elementa
837 549 1012 605 lacusrolu·
1064 549 1262 605 auctoritatem
1284 549 1441 622 magisterii
1466 549 1510 606 sui
1532 552 1640 622 populo
1657 567 1714 606 non
1735 553 1908 624 ostendunt,

166 647 278 714 pletum
291 639 442 695 hominum
464 644 542 705 suut,
566 644 595 693 et
614 655 708 694 mores
728 655 829 694 eorum
844 639 1009 694 ostendunt.
1064 638 1133 690 tunc
1159 637 1319 693 sacerdotes
1352 653 1411 693 uon
1445 643 1583 695 vocantur
1621 638 1670 695 sed
1703 641 1765 711 lupi
1794 656 1914 712 rapaces

166 729 341 796 Quomodo?
367 728 439 793 Quia
467 727 621 782 vindictam
656 728 706 782 liei
740 726 797 783 illis
826 729 1011 800 peccantibus
1065 723 1208 792 dicuutur,
1249 727 1387 804 quoniam
1430 726 1559 782 officium
1606 744 1692 784 suom
1734 729 1764 784 in
1806 731 1911 802 rapina

165 817 403 890 superinducunt.
436 817 469 872 Et
493 815 569 883 ideo,
594 816 724 886 eburno,
750 815 917 871 inunitatem
942 832 1012 871 nau·
1064 812 1189 870 hebent:
1225 815 1298 872 sicut
1333 819 1361 870 et
1395 817 1481 889 lapus
1526 831 1608 872 ovem
1644 818 1800 874 crudeliter
1843 819 1916 875 diri·

165 905 305 979 fragantia
326 905 451 961 evanlio
467 905 581 972 desere;
598 905 669 976 quia
681 905 841 976 justissima
859 905 1011 962 bsereditas
1064 901 1115 972 pit,
1149 901 1189 958 ita
1217 903 1294 974 quod
1322 903 1415 976 magis
1440 905 1618 962 voluntatem
1647 921 1730 962 suam
1753 910 1917 978 sequuntur

166 1001 215 1051 luc
230 993 513 1060 inmtemaritaest,
537 1001 565 1047 et
580 994 688 1049 malum
705 995 882 1066 relinquens,
900 994 1010 1049 bonum
1065 1005 1151 1060 quarn
1180 991 1338 1048 custodiam
1361 991 1457 1048 orium
1489 1009 1607 1049 suarum
1640 1002 1750 1050 amant.
1782 997 1814 1050 ut
1845 995 1916 1066 quie

164 1085 221 1149 fac,
235 1089 268 1139 ut
287 1083 518 1139 malevolentiam
543 1082 657 1138 duritiae
672 1083 807 1138 dimittas.
830 1083 908 1139 Etut
923 1083 1012 1140 mise-
1064 1095 1197 1150 perverse
1227 1081 1334 1147 riruut,
1365 1081 1471 1138 idcireo
1503 1099 1600 1138 reram
1632 1085 1794 1139 doctrinam
1824 1100 1914 1156 pupu-

165 1173 319 1229 ricordiam
343 1172 538 1244 consequaris,
563 1172 599 1225 de
624 1178 674 1226 tua
699 1173 858 1227 substantia
881 1171 1011 1243 indigen·
1065 1167 1093 1223 lu
1116 1167 1259 1225 seminare
1287 1169 1402 1238 timent,
1437 1170 1478 1225 ita
1508 1171 1655 1243 iniquitali
1685 1177 1716 1227 ut
1740 1172 1827 1227 alicui
1860 1173 1913 1228 do·

164 1261 298 1335 guntibus
324 1262 371 1328 da,
393 1262 424 1316 iu
444 1261 497 1316 boc
515 1261 646 1316 imitatus
664 1260 755 1315 Deum
777 1259 828 1332 qui
849 1260 1011 1316 misericors
1064 1256 1143 1312 minu
1174 1273 1226 1312 suo
1266 1258 1487 1327 eonsentientes,
1512 1259 1589 1330 quod
1625 1262 1754 1316 carnales
1776 1261 1913 1331 concupi-

164 1356 216 1407 ρει,
1064 1346 1179 1400 scantiae
1204 1351 1280 1414 sunt,
1306 1351 1334 1401 el
1367 1346 1473 1402 ostium
1496 1348 1590 1403 cordis
1615 1349 1659 1404 sui
1685 1349 1815 1422 aequitati
1833 1351 1916 1405 uelut

198 1439 377 1509 Quapropter·
399 1439 497 1506 etiam,
517 1453 535 1492 o
557 1439 655 1504 humo,
680 1437 779 1492 nullus
799 1437 919 1492 mendas
942 1437 1010 1493 huic
1064 1433 1151 1488 alicui
1172 1435 1327 1490 domestico
1348 1451 1401 1491 suo
1426 1437 1602 1504 claudentes,
1625 1438 1703 1509 quod
1727 1439 1840 1509 justitia
1861 1438 1914 1494 Dei

162 1527 358 1583 contradicere
383 1531 478 1598 potest
506 1525 578 1598 quin
604 1542 652 1579 vos
684 1527 735 1597 qui
766 1526 942 1598 pauperibus
970 1525 1011 1582 ita
1064 1529 1116 1577 est.
1144 1523 1267 1591 Unde,o
1292 1539 1342 1579 rus
1362 1530 1502 1594 pastores,
1531 1526 1639 1580 ulutate
1658 1533 1686 1581 ct
1705 1527 1835 1598 plangite
1859 1528 1914 1581 cri-

138 1615 331 1688 ·subvenitiu
366 1617 543 1670 voluntatem
576 1630 668 1670 meam
700 1615 730 1669 iu
758 1615 812 1670 hoe
830 1614 1009 1692 compleatis.
1065 1610 1144 1665 mina
1167 1615 1259 1665 restra
1276 1627 1341 1682 quus
1368 1612 1398 1668 iu
1421 1611 1572 1682 iniquitate
1588 1619 1679 1669 rostra
1706 1613 1798 1669 diram
1814 1629 1915 1670 rocem

162 1704 334 1770 Quomodo?
350 1704 592 1774 Sicutegorobis
612 1704 736 1774 gratiam
750 1719 844 1759 meam
860 1703 1009 1774 impendo,
1065 1697 1209 1764 emittunt,
1235 1699 1274 1754 ita
1306 1701 1385 1770 quod
1416 1707 1443 1756 et
1466 1707 1608 1758 elementa
1631 1704 1787 1758 clamorem
1812 1719 1914 1758 eorum

162 1798 202 1847 lta
216 1796 246 1848 et
260 1808 308 1846 ros
322 1792 498 1863 pauperibus
516 1793 727 1863 eleemosynam
743 1797 865 1846 restrum
885 1793 1010 1847 tribuere
1064 1785 1235 1859 suscipiunt,
1253 1793 1281 1842 et
1300 1804 1365 1844 cum
1389 1789 1430 1844 ais
1445 1805 1540 1844 coram
1553 1805 1599 1846 me
1614 1791 1742 1846 reboant.
1760 1791 1914 1856 Quomodo

162 1880 280 1938 debetis.
305 1881 360 1936 Sed
382 1880 432 1951 qui
455 1880 665 1950 eleemosynam
691 1879 844 1951 accipiunt,
864 1895 928 1935 eam
952 1895 1010 1936 nou
1064 1875 1143 1930 satim
1163 1875 1193 1930 iu
1214 1875 1310 1931 cilicio
1336 1883 1430 1932 restro
1462 1880 1576 1935 audetis
1606 1879 1761 1936 bominum
1786 1887 1914 1938 restrum

162 1970 193 2024 in
217 1984 322 2024 renum
352 1984 405 2022 nee
428 1969 585 2023 sectandum
612 1969 763 2024 avaritiam
787 1973 912 2024 sumant.
937 1969 1010 2034 Quid
1065 1969 1182 2036 tangore
1198 1965 1227 2020 iu
1243 1966 1408 2036 sanguineis
1424 1968 1556 2022 manibus
1571 1974 1600 2023 et
1627 1968 1657 2022 iu
1673 1969 1816 2024 contraria
1830 1985 1914 2041 spur·

161 2057 234 2114 hoel
258 2056 400 2123 Quoniam
433 2056 518 2111 multi
546 2061 614 2111 suut
635 2057 685 2129 qui
708 2057 853 2128 ignaviam
869 2064 1008 2126 amantes,
1064 2053 1140 2115 cilia,
1166 2058 1195 2109 et
1218 2054 1250 2109 iu
1269 2054 1431 2110 adulterina
1445 2055 1621 2128 iniquitate?
1643 2057 1713 2112 Vere
1736 2074 1785 2113 vos
1798 2059 1828 2114 iu
1852 2059 1912 2114 im-

161 2147 351 2217 eorporaliter
389 2144 517 2201 laborare
556 2146 659 2201 uolunt
695 2152 727 2201 ut
754 2147 862 2217 seipsos
892 2162 1010 2219 pascere
1063 2143 1207 2198 munditia
1234 2149 1326 2199 restra
1350 2143 1473 2200 fundum
1491 2153 1582 2226 ¹terrae
1612 2147 1809 2202 commovetis.
1833 2148 1913 2212 Quu-

162 2235 285 2304 valeant,
304 2250 357 2290 aee
375 2234 451 2290 buna
474 2250 562 2307 opera
575 2234 764 2305 spiritualiter
781 2235 874 2291 lacere
894 2236 1010 2292 student
1064 2230 1171 2286 modo?
1198 2231 1330 2287 Videlicet
1357 2247 1423 2287 cum
1446 2234 1476 2287 iu
1500 2234 1587 2288 taulis
1605 2234 1774 2290 criminibus
1798 2237 1913 2292 sorden·

162 2331 195 2380 ut
220 2323 371 2379 animabus
392 2324 451 2377 suis
468 2323 657 2390 subveniant3
683 2324 732 2379 sed
762 2329 794 2378 ut
808 2340 911 2396 pecora
931 2331 1007 2392 suut,
1063 2323 1105 2374 tes
1134 2319 1224 2374 Deum
1251 2325 1377 2374 restrum
1405 2327 1524 2390 tangere
1542 2337 1601 2376 uon
1623 2321 1739 2390 timetis,
1756 2327 1861 2378 torrem
1878 2322 1912 2379 in

160 2410 339 2466 intellectum
352 2411 472 2482 justitiae
495 2427 548 2468 uec
572 2411 603 2466 iu
632 2411 729 2466 anima
749 2427 802 2468 uec
834 2412 1009 2485 incorpore
1063 2421 1168 2478 magno
1192 2407 1290 2462 d⁰iure
1314 2407 1459 2479 opprimo,
1484 2409 1525 2464 itu
1543 2424 1657 2464 curuum
1682 2415 1710 2464 ut
1737 2411 1913 2482 sauguinem

161 2515 213 2554 suu
231 2499 378 2556 babentes.
400 2500 481 2555 Unde
503 2500 590 2556 etiam
608 2500 721 2572 indigni
740 2506 805 2556 aule
819 2501 919 2558 oculos
930 2518 1009 2557 meos
1063 2495 1126 2550 Filii
1142 2495 1198 2550 mei
1223 2494 1383 2563 ulciscen83
1405 2496 1544 2567 quoniam
1567 2513 1626 2552 uun
1650 2497 1744 2554 solum
1758 2505 1864 2556 terram
1879 2503 1913 2558 in

161 2593 309 2661 apparent,
335 2589 360 2644 si
374 2589 428 2644 hoe
446 2589 608 2646 medecina
631 2589 852 2646 correctionem
870 2591 1004 2663 sinepoe.
1062 2583 1116 2639 boc
1145 2584 1264 2639 horrore
1290 2584 1442 2640 crudeliter
1463 2585 1658 2654 commorelis,
1688 2589 1737 2643 sed
1753 2588 1840 2644 etism
1855 2606 1912 2646 coe·

159 2676 283 2733 nitentia
321 2678 352 2732 jn
393 2682 492 2749 tepore
529 2678 616 2747 hujus
654 2678 804 2748 pravitati,
842 2694 1008 2750 persevera.
1062 2672 1122 2729 tum
1151 2672 1181 2727 iu
1214 2671 1399 2728 immunditia
1427 2679 1519 2728 restra
1548 2674 1671 2746 pessime
1692 2677 1910 2734 contaminatis.

160 2765 337 2822 verintsed
357 2766 488 2822 etmulti
512 2772 582 2821 saint
600 2766 650 2838 qui
674 2766 862 2837 corporaliter
885 2768 1007 2824 necessi·
1062 2759 1236 2826 0⁰⁰m0d0‘?
1259 2761 1331 2816 Cum
1354 2760 1385 2815 in
1409 2761 1501 2817 seim
1524 2761 1716 2819 immundiiioe
1741 2771 1840 2820 vestrm
1855 2767 1913 2822 Do·

159 2860 248 2911 tatem
265 2855 417 2926 patientes,
438 2855 650 2926 eleemosynam
666 2871 731 2910 eum
753 2855 915 2911 humilitate
930 2857 1009 2911 inti·
1027 2860 1048 2918 ιι
1064 2850 1175 2905 minum
1207 2850 1297 2905 Duum
1326 2854 1452 2906 lustrum
1484 2851 1612 2924 tangitis,
1642 2853 1716 2908 sicut
1741 2869 1844 2924 porcus
1875 2855 1910 2910 in

158 2958 240 2998 more
259 2942 432 3015 percipiunt,
459 2947 546 3014 atque
568 2958 623 3014 pro
643 2942 701 2996 illis
721 2947 805 2997 orant
827 2949 857 2998 et
877 2943 1008 3000 laborant
1060 2946 1183 2993 stercore
1213 2937 1381 3010 margaritas
1409 2941 1605 2996 contaminat:
1631 2947 1701 2997 little
1718 2941 1783 2997 coeli
1799 2943 1909 3015 iniqui-

157 3031 207 3103 qui
222 3029 262 3085 eis
279 3029 505 3087 misericordiam
519 3045 601 3086 suam
614 3029 801 3100 impendunt,
815 3047 904 3102 prava
918 3033 1005 3088 etiam
1060 3029 1147 3082 tatem
1165 3034 1285 3082 rastrum
1308 3027 1506 3100 suscipientes,
1535 3028 1676 3084 ultionem
1687 3030 1790 3101 judieii
1805 3031 1862 3086 mei
1875 3032 1909 3087 in

157 3135 245 3189 opera
268 3118 507 3174 immundissima
535 3117 626 3172 sordis
649 3118 817 3174 devitantes.
854 3119 933 3175 luter
954 3121 1006 3177 hos
1058 3116 1205 3171 voluntate
1235 3131 1298 3172 mea
1323 3122 1537 3188 superterram
1568 3118 1714 3175 emittunt.
1748 3121 1820 3176 llam
1840 3135 1910 3178 cum

157 3207 243 3262 etism
259 3206 342 3263 multi
356 3207 544 3261 inveniuntur
565 3207 672 3279 quibus
691 3206 798 3262 ideireo
820 3213 949 3264 terrenas
964 3211 1005 3266 di·
1061 3220 1127 3260 ιθιιι
1141 3204 1253 3276 justitia
1283 3211 1312 3260 ei
1336 3221 1401 3260 eum
1429 3205 1524 3261 diviua
1546 3207 1609 3278 lese
1641 3207 1781 3279 populum
1809 3222 1909 3265 meum

155 3295 240 3351 vitias
258 3296 407 3362 subtraho,
424 3294 563 3367 qnoniam
586 3294 628 3350 eis
647 3296 776 3351 caelestes
799 3295 911 3351 diritius
935 3297 1005 3352 dare
1060 3294 1222 3365 praeoedere
1241 3293 1383 3349 deberetis
1406 3293 1437 3349 in
1459 3295 1542 3350 bunis
1564 3295 1700 3366 operibus
1722 3296 1749 3352 ci
1768 3297 1907 3368 lucentes,

154 3382 229 3439 rulo.
249 3382 303 3447 Qui
324 3388 418 3437 autem
434 3388 631 3454 paupertatem
651 3387 770 3455 propter
786 3399 892 3440 nomeu
907 3400 1004 3440 meum
1059 3379 1146 3436 itaut
1159 3381 1236 3436 idem
1256 3381 1382 3453 populus
1395 3397 1476 3436 meus
1500 3383 1634 3452 gradiens
1653 3390 1718 3455 pust
1737 3400 1785 3438 rus
1801 3385 1909 3456 pedem

155 3471 278 3527 libenter
302 3469 453 3533 sufferunt,
478 3471 560 3526 valde
587 3471 659 3527 mihi
683 3471 821 3527 amabiles
843 3478 926 3542 suut;
953 3473 1005 3545 qul
1059 3470 1196 3525 suumin
1227 3471 1306 3525 nulla
1330 3469 1487 3526 offensione
1510 3479 1685 3540 contereret;
1705 3474 1755 3530 sed
1780 3490 1828 3530 ros
1848 3474 1907 3530 ali-

155 3576 223 3616 sero
246 3559 361 3616 divitias
388 3559 540 3616 seculares
558 3566 679 3633 propter
702 3561 891 3634 cupiditatem
922 3578 1004 3618 suam
1059 3559 1174 3632 quaudo
1189 3558 1299 3630 majore
1320 3558 1474 3631 iniquitate
1490 3561 1630 3632 populum
1651 3577 1747 3618 meum
1763 3565 1904 3619 contami·

152 3647 277 3705 libenter
298 3647 447 3717 haberent,
467 3663 520 3704 uec
540 3664 588 3703 eas
610 3649 715 3705 babere
733 3655 865 3721 possunt,
883 3650 912 3707 bi
925 3667 1004 3706 mer·
1059 3648 1133 3704 natis
1148 3663 1235 3720 quam
1249 3650 1293 3703 vel
1308 3648 1369 3721 ipse
1391 3663 1421 3704 se
1440 3651 1658 3706 contaminatio
1674 3667 1731 3724 quo
1753 3652 1908 3708 malumst

153 3737 252 3794 cedem
268 3738 355 3809 butus
374 3739 479 3794 laboris
500 3741 635 3811 perdunt.
660 3739 715 3794 Sed
737 3739 788 3812 qui
806 3739 842 3794 ob
865 3739 1005 3796 hoediri-
1059 3735 1216 3808 pessimum
1247 3737 1412 3809 exemplum
1450 3737 1480 3794 iu
1514 3739 1596 3795 rubis
1619 3739 1714 3795 habet.
1742 3739 1800 3796 Vos
1825 3740 1906 3798 euim
1981 3747 1982 3758 ¹

153 3824 322 3897 tiasqraerit
338 3833 370 3882 ut
385 3827 563 3883 voluntatem
583 3842 676 3883 meam
699 3832 728 3883 et
742 3843 799 3882 nun
815 3827 1003 3899 cupiditatem
1059 3829 1119 3880 lam
1134 3824 1228 3881 lucida
1251 3841 1366 3897 gemma
1388 3841 1448 3882 esse
1476 3826 1628 3897 deberetis,
1653 3833 1684 3884 ut
1706 3830 1856 3884 eredentes
1874 3830 1905 3884 in

153 3914 284 3968 suumin
308 3915 350 3969 sis
366 3915 518 3986 compleat,
542 3915 589 3969 hic
612 3932 665 3987 pro
686 3916 762 3970 bona
783 3916 929 3972 voluntate
952 3933 1004 3972 sua
1059 3912 1168 3969 lumine
1202 3919 1305 3982 vestro,
1331 3915 1495 3971 incedentes
1514 3915 1590 3972 viam
1613 3917 1792 3972 rectitudinis
1818 3933 1906 3989 sgnu-

154 4002 315 4058 meruedem
330 4001 448 4057 honoris
469 4002 547 4074 apud
564 4018 610 4057 ms
634 4002 802 4075 reportabit.
819 4005 860 4058 lta
874 4004 961 4060 etism
976 4010 1005 4060 et
1059 4017 1138 4058 scere
1163 4007 1298 4074 possent,
1321 4003 1369 4058 sed
1388 4019 1438 4058 vus
1458 4004 1500 4059 eis
1522 4005 1686 4076 exemplum
1709 4005 1810 4061 mortis
1829 4021 1903 4079 prm-

154 4088 202 4144 ille
212 4090 263 4161 qui
283 4094 455 4160 potestatem
477 4090 595 4145 lionoris
619 4097 739 4161 propter
754 4091 924 4162 jactantiam
949 4109 1001 4148 su·
1058 4089 1143 4158 hstis,
1159 4091 1199 4146 ita
1216 4095 1246 4146 ul
1267 4090 1420 4163 iniquitate
1443 4100 1535 4147 vestra
1556 4093 1674 4148 mudum
1693 4093 1823 4150 invenire
1843 4109 1903 4150 uon

152 4177 331 4248 perbiuesuse
346 4183 376 4232 et
394 4193 454 4233 uun
467 4178 634 4250 adglorism
648 4179 774 4235 nominis
796 4181 854 4235 mei
870 4182 997 4253 appetit:
1018 4175 1178 4235 Dvaleent.
1195 4180 1227 4234 lit
1249 4180 1395 4252 quomodo
1419 4186 1548 4252 pastores
1562 4196 1663 4237 eorum
1684 4197 1746 4238 esse
1770 4183 1901 4252 putastis,

152 4264 200 4319 bic
220 4265 292 4321 mihi
315 4265 394 4320 velut
421 4266 569 4338 putridum
586 4267 708 4323 cadaver
731 4274 792 4336 est3
827 4269 877 4342 qui
904 4275 1001 4326 autem
1054 4283 1120 4324 cum
1145 4283 1193 4323 eos
1216 4268 1257 4324 ita
1275 4269 1435 4326 seducitis?
1461 4269 1612 4336 Quomodo
1640 4286 1709 4342 ergo
1732 4285 1784 4343 pru
1799 4272 1840 4326 sis
1855 4286 1900 4326 rc·

152 4353 259 4409 idcirco
287 4369 351 4410 eam
372 4355 488 4426 quaerit,
517 4360 549 4411 ut
572 4370 631 4412 uon
656 4356 823 4429 superbiam
844 4373 926 4414 suam
949 4359 1001 4415 sed
1055 4356 1252 4431 spondebitis:
1266 4357 1317 4430 qui
1333 4373 1385 4414 uec
1398 4373 1453 4429 pro
1477 4358 1554 4414 robis
1577 4374 1746 4429 responsum
1761 4358 1829 4414 dare
1844 4375 1902 4430 pu-

150 4441 291 4499 houorem
320 4458 417 4500 meum
442 4444 508 4500 inde
531 4443 676 4512 defendat,
700 4446 845 4518 gloriosus
859 4447 890 4502 iu
908 4463 1000 4520 regno
1054 4447 1156 4503 tostis'l
1184 4445 1263 4503 Unde
1289 4445 1399 4518 plorate
1421 4452 1450 4503 at
1469 4447 1577 4503 ulutate
1607 4453 1763 4520 numquam
1786 4452 1902 4519 tempus

152 4548 217 4590 mco
233 4532 270 4588 ob
293 4531 421 4604 idipsum
435 4533 595 4606 apparebit.
625 4533 808 4608 Quapropter
829 4540 857 4592 et
872 4539 1001 4594 sacerdo·
1054 4537 1155 4592 mortis
1182 4551 1232 4591 vos
1259 4535 1417 4592 subtrahet.
1448 4534 1482 4591 Et
1513 4551 1604 4609 quare
1634 4553 1692 4592 nou
1711 4537 1901 4594 consideratis

150 4626 194 4678 tes
217 4620 306 4677 olltuii
328 4621 484 4694 spiritualis
511 4622 663 4694 regiminis
690 4624 889 4696 magisterium
913 4641 998 4682 suum
1053 4624 1350 4680 honoremvestrum:
1373 4625 1424 4698 qni
1448 4639 1510 4699 pree
1534 4625 1644 4680 ceteris
1666 4623 1833 4682 bominibus
1846 4641 1899 4682 ro-

151 4725 209 4766 nou
231 4715 351 4783 propter
371 4725 413 4778 se,
440 4711 491 4767 sed
511 4716 631 4783 propter
655 4728 701 4768 me
723 4713 820 4769 subire
834 4713 951 4785 debent,
966 4720 1000 4772 ut
1051 4711 1097 4767 bis
1112 4711 1195 4768 datus
1210 4713 1276 4770 est?
1289 4712 1363 4779 Quid
1373 4715 1453 4771 hoe?
1467 4713 1609 4780 Quoniam
1624 4713 1654 4770 iu
1674 4714 1745 4770 Filio
1761 4729 1826 4770 meo
1838 4729 1900 4787 prae

150 4798 260 4872 popolo
283 4813 347 4855 meo
367 4803 448 4854 tauto
470 4799 599 4855 serrarius
622 4804 652 4856 et
665 4800 794 4858 devotius
812 4817 935 4874 praeesse
952 4819 1000 4860 aa·
1052 4800 1163 4857 calens
1190 4801 1283 4857 claves
1313 4803 1377 4860 eceli
1411 4803 1571 4876 accepistis,
1598 4818 1662 4875 qua
1689 4801 1797 4874 judicio
1826 4803 1900 4860 reoli

149 4887 238 4942 leant.
253 4885 422 4952 Quomodo?
436 4886 510 4953 Quia
523 4889 663 4960 pupulum
687 4906 785 4947 meum
808 4889 920 4962 dooere,
944 4893 999 4949 ed·
1052 4905 1154 4947 seusus
1183 4894 1212 4946 et
1232 4891 1304 4962 justi
1337 4891 1441 4964 judicii
1478 4891 1509 4948 lu
1541 4891 1661 4947 scientia
1683 4891 1900 4964 Scripturarum

150 4991 281 5043 mouere,
297 4976 408 5032 hortari
429 4982 459 5033 et
482 4993 613 5034 coercere
633 4977 750 5047 debent,
775 4983 809 5034 ut
832 4980 927 5051 legem
946 4981 998 5036 llei
1052 4987 1138 5036 sunt:
1152 4980 1268 5054 quando
1283 4985 1359 5037 recte
1373 4981 1560 5038 consideratis
1574 4980 1642 5054 quid
1660 4981 1697 5036 sil
1718 4980 1787 5054 quid
1808 4979 1900 5052 ligare

149 5065 237 5135 digus
260 5069 289 5120 et
316 5064 500 5120 laudabiliter
528 5064 699 5121 custodiant.
734 5069 768 5122 ul
792 5068 846 5123 boc
869 5074 998 5139 pastores
1052 5067 1189 5124 debeatis.
1214 5068 1287 5134 Quid
1308 5067 1385 5124 hoc‘l
1407 5069 1479 5126 Guru
1504 5069 1637 5126 homines
1656 5085 1686 5126 se
1704 5069 1776 5126 milri
1790 5067 1820 5125 iu
1835 5069 1901 5141 lege

150 5167 265 5226 semper
278 5151 568 5210 ruminabunttdum
583 5155 724 5227 populum
736 5155 913 5212 exhortando
933 5173 996 5214 mo·
1053 5171 1116 5211 urea
1148 5156 1333 5229 perficaciter
1362 5163 1534 5230 opponunt:
1559 5157 1693 5214 timorem
1714 5156 1816 5230 judicii
1840 5158 1900 5213 mei

148 5250 226 5307 rent,
242 5257 279 5297 ne
300 5241 361 5297 sino
379 5241 557 5298 confessione
581 5248 611 5298 et
625 5241 688 5297 siue
703 5243 873 5313 penitentis
887 5244 918 5300 lu
933 5261 997 5318 peo-
1051 5243 1234 5300 eisiacutero
1255 5245 1374 5300 debetis.
1394 5247 1426 5302 Et
1457 5243 1481 5302 si
1502 5251 1571 5302 tunc
1593 5248 1708 5318 uulpem
1732 5261 1814 5302 suam
1838 5263 1899 5302 nou

149 5329 219 5384 eatis
240 5329 300 5385 suis
321 5335 518 5403 perseverent,
539 5329 589 5385 ssd
613 5336 646 5385 ut
669 5331 854 5403 malaopera
876 5335 996 5389 conoul-
1050 5333 1237 5400 correxerint,
1267 5333 1422 5403 ligaturam
1454 5341 1577 5392 vestram
1598 5351 1685 5407 super
1715 5351 1766 5392 eos
1794 5339 1897 5391 exten·

149 5423 217 5474 cent
228 5423 258 5474 et
271 5419 346 5475 boue
368 5419 529 5492 perliciant.
549 5418 631 5485 Quod
644 5419 669 5476 si
682 5420 809 5492 populus
830 5422 994 5479 sacerdotes
1050 5423 1118 5480 dite.
1143 5421 1316 5488 Quomodo?
1350 5422 1422 5489 Quia
1450 5423 1572 5483 rebelles
1595 5429 1662 5482 suut
1689 5422 1754 5481 ideo
1785 5423 1894 5497 apertis
