3984 6034
69 267 144 321 ross
623 264 843 323 marsuano
860 264 1009 323 srunocr
1028 266 1056 322 s.
1078 266 1275 325 arnanise.
1564 242 1571 249 '
1754 268 1822 325 ime

65 392 238 450 absentibus
253 393 426 450 addidemnt
442 411 449 450 :
464 396 501 451 tlt
514 396 634 462 tumulos
656 399 717 452 tuos
739 398 843 463 batres
866 413 914 453 no·
935 400 1058 465 Atalm,
1080 396 1154 453 unde
1178 396 1264 454 etiam
1283 397 1357 452 viras
1385 398 1475 453 animi
1501 398 1563 470 ejus
1587 402 1753 471 exsurgunt,
1779 398 1819 455 ita

65 488 143 539 strm
156 483 300 538 macnus:
315 483 346 539 in
359 484 424 550 hoc,
444 500 545 539 eornm
564 490 833 540 commemorantes.
855 486 919 541 Gol-
975 485 1053 558 qnod
1078 480 1207 559 pueriles'
1230 485 1426 559 correptiones
1452 487 1596 559 suscipere
1631 492 1661 543 et
1682 487 1754 559 pati,
1790 496 1823 544 ut

66 572 160 627 lectas
174 572 253 627 enim
278 573 441 628 orationum
465 573 594 647 plenarie
622 572 673 630 illo
697 578 826 646 tempore
845 590 920 630 non·
974 575 1056 646 prius
1071 576 1185 641 lecerat,
1202 574 1383 648 dedignatur.
1412 576 1454 631 Ad
1478 575 1615 632 ultimum
1638 592 1706 632 vero
1720 576 1822 633 beatus

65 661 141 715 dnm
157 660 303 717 habebant
317 677 325 716 s
340 662 448 717 etideo
469 662 599 718 divinum
615 662 766 741 servitium
784 678 837 732 per
860 664 920 719 lio-
974 664 1060 720 Pater
1087 664 1185 720 omnia
1212 664 1273 720 hac
1300 665 1339 719 sic
1371 663 1495 721 affirmat
1524 681 1531 720 :
1564 665 1737 722 incientibus
1767 666 1822 721 trac

67 749 209 805 minicam
225 749 384 806 orationem
399 749 506 821 sapius
529 750 733 806 terminabant.
750 751 850 807 Postea
870 768 920 807 au·
973 766 1058 820 repnc
1069 752 1203 822 patebunt
1215 758 1334 816 eterna,-
1356 752 1494 825 quoniam
1511 756 1607 810 omnia
1633 771 1697 827 qua
1720 756 1751 810 in
1770 754 1823 809 bac

65 844 130 893 tem
146 838 215 893 dicit
240 853 248 893 t
270 838 429 905 insontibus
456 854 518 894 nero
541 839 685 910 usquead
707 843 833 909 quintum
851 838 921 895 deci·
973 838 1084 911 Regula
1107 838 1252 912 descripta
1277 846 1353 908 suut,
1375 858 1427 897 nec
1456 841 1541 897 nimis
1569 842 1721 897 constricta
1744 847 1821 905 sunt,
1895 902 1903 923 Ι

65 942 145 982 mum
166 942 272 981 cunum
291 930 393 994 atate,
406 926 561 999 disciplina
579 926 724 997 diltpcntiu
752 931 799 996 sit,
821 933 848 985 et
874 944 920 984 cu·
972 928 1023 984 sed
1038 926 1074 983 ad
1100 928 1247 985 dexteram
1267 934 1296 985 et
1318 928 1353 985 ad
1378 928 1531 994 sinistram,
1557 928 1724 1001 respiciunt,
1752 945 1821 1000 qua·

66 1015 162 1069 stedia
191 1014 358 1070 adhibeatur
383 1016 418 1070 ub
445 1016 584 1083 crinitum
613 1021 642 1071 et
669 1016 723 1072 boc
746 1016 812 1073 idco
839 1017 917 1088 dicit,
972 1020 1092 1088 propter
1118 1032 1152 1071 ea
1173 1020 1403 1085 conservantem,
1425 1016 1460 1073 ud
1475 1016 1600 1071 coelestia
1623 1032 1686 1072 mox
1712 1016 1822 1087 produ·

66 1104 209 1175 qnoniam
222 1118 288 1158 cnm
303 1118 377 1174 puer
390 1104 465 1159 inira
480 1104 613 1176 quintum
638 1104 783 1160 decimum
809 1121 917 1161 annrrm
972 1108 1051 1159 cunt.
1064 1104 1153 1176 Igitur
1165 1120 1219 1176 ego
1229 1105 1405 1176 paupercula
1414 1105 1539 1160 laminae
1549 1105 1652 1175 torma,
1663 1104 1724 1159 brec
1734 1106 1821 1160 verba

64 1196 152 1246 tener
165 1192 196 1247 in
208 1208 330 1264 corpore
349 1197 399 1255 est.
419 1197 501 1247 tener
517 1196 561 1247 est
576 1195 603 1247 et
615 1192 713 1248 animo
734 1210 741 1248 :
765 1196 851 1266 atqua
872 1192 918 1247 in·
972 1192 1008 1248 de
1021 1191 1161 1265 sapientia
1175 1192 1282 1262 audivi,
1299 1209 1363 1265 qnae
1379 1208 1425 1248 me
1449 1194 1570 1249 obscure
1594 1194 1747 1249 verborum
1766 1193 1821 1249 lle·

66 1281 156 1336 terim
183 1278 317 1336 amorem
346 1279 443 1349 habet,
468 1283 497 1336 et
523 1281 557 1336 ad
587 1296 710 1353 quaque
736 1280 814 1335 bona
841 1278 918 1335 ilecti
972 1281 1048 1352 gulae
1076 1281 1233 1354 supradicti
1253 1280 1345 1337 Petris
1370 1282 1400 1336 B.
1427 1280 1572 1337 Benedicti
1592 1280 1698 1349 docuit,
1715 1286 1820 1354 quate-

66 1373 173 1439 potest,
188 1384 241 1425 uec
269 1385 299 1424 se
325 1368 548 1441 corripientibus
571 1369 704 1424 resistere
719 1374 851 1439 proterve
867 1386 917 1424 an·
971 1386 1027 1424 nus
1041 1370 1090 1426 illa
1104 1375 1203 1441 aperte
1219 1370 1389 1441 prolerrem.
1408 1370 1486 1426 Unde
1511 1369 1664 1437 mansueti,
1691 1370 1776 1426 mites
1792 1374 1822 1425 et

66 1458 116 1512 det
133 1473 140 1511 :
157 1472 223 1512 cnm
238 1452 334 1513 annm
349 1457 385 1512 ad
408 1458 543 1529 quintum
564 1457 708 1513 decimum
723 1472 831 1512 anunm
852 1472 917 1529 per·
971 1457 1107 1526 timorati,
1135 1459 1196 1514 haec
1212 1458 1340 1525 audient,
1365 1462 1393 1514 ct
1421 1458 1470 1529 pio
1498 1457 1583 1513 corde
1598 1456 1771 1529 intelligant,
1791 1464 1820 1512 et

65 1544 190 1613 venerit,
207 1544 269 1616 jam
284 1544 477 1617 injuventute
492 1546 630 1612 durescit,
644 1546 721 1600 velut
741 1545 827 1601 arbor
852 1561 917 1618 quae
972 1546 1075 1603 humill
1092 1547 1244 1604 devotione
1260 1547 1427 1619 suscipiant.

68 1634 156 1688 tiores
171 1633 303 1705 producit
316 1637 346 1689 et
366 1633 492 1689 medulla
516 1649 549 1688 ac
563 1634 680 1705 sangnis
703 1634 733 1689 ln
750 1649 783 1689 ea
802 1632 917 1689 contor-

482 1916 806 2002 SMG'M
858 1916 1414 2003 ΙΙΙιΜῦΔΒΜΕ

792 2106 1098 2183 EXPLANATIO

341 2308 710 2437 SYMBOLI
748 2307 1047 2433 SANCTI
1085 2305 1548 2431 ATHANASII

539 2537 590 2593 sn
610 2490 962 2593 couenmanounn
984 2530 1168 2591 sonouuu
1190 2530 1345 2590 susann

625 2696 755 2759 (airaon.
768 2697 857 2758 ran,
875 2695 917 2747 eo.
933 2694 1072 2761 cumen,
1086 2692 1179 2753 xxrn.
1193 2694 1258 2751 ssi.)

865 2854 1005 2871 O*

101 2968 222 3035 Otlliee,
246 2982 311 3039 qna
333 2964 454 3037 vestigia
476 2961 580 3020 Christi
603 2962 634 3018 in
655 2976 753 3017 amore
773 2960 912 3017 castitatis
933 2962 953 3017 B
1003 2960 1084 3027 Quod
1099 2960 1124 3015 si
1136 2958 1225 3034 aliqui
1250 2958 1326 3016 inter
1344 2976 1394 3015 ros
1409 2958 1440 3016 in
1465 2960 1637 3034 indignitate
1664 2977 1716 3017 sna
1737 2962 1814 3019 dina-

65 3056 226 3111 subsecutoe
242 3054 319 3122 estis,
346 3057 376 3108 et
401 3068 465 3123 quse
489 3066 535 3104 me
559 3048 763 3121 pauperculam
780 3046 810 3102 in
824 3046 915 3102 humi·
969 3051 1028 3105 rint
1044 3066 1051 3105 :
1067 3048 1178 3107 nllodia
1190 3064 1290 3104 earnm
1306 3048 1438 3105 volumus
1452 3048 1625 3106 imminuere
1642 3066 1649 3107 :
1665 3054 1733 3106 tunc
1751 3065 1817 3123 ego,

67 3145 150 3199 litate
177 3140 363 3214 subjectionis
385 3143 506 3210 propter
527 3152 684 3209 supernam
709 3136 915 3192 exaltationem
969 3133 1021 3206 qni
1035 3150 1108 3203 sum,
1126 3136 1201 3206 dico,
1218 3137 1295 3209 qood
1308 3138 1425 3209 pessimi
1442 3142 1572 3211 raptores
1591 3138 1662 3196 sitis.
1679 3138 1708 3195 Si
1720 3144 1817 3197 autem

68 3232 148 3287 vobis
161 3232 192 3287 in
209 3236 332 3287 matrem
358 3226 495 3300 elegistis,
519 3242 576 3282 uon
598 3241 634 3281 ex
660 3240 717 3295 me,
742 3225 791 3280 scd
815 3240 848 3279 cx
870 3224 914 3280 di·
968 3225 1114 3293 pastorem
1137 3224 1275 3295 spiritalis
1299 3225 1451 3282 medicine
1474 3226 1544 3299 ipsis
1567 3227 1734 3283 abstrahere
1756 3232 1818 3283 ten·

70 3319 137 3375 vina
158 3320 324 3376 ostensione
354 3333 406 3390 per
429 3320 561 3372 materna
582 3314 690 3369 viscera
710 3313 791 3368 vobis
816 3312 880 3368 dico
905 3330 913 3368 z
968 3311 1106 3379 laveritis,
1121 3317 1190 3389 tnnc
1210 3313 1316 3370 iterum
1345 3314 1409 3371 dicu
1431 3318 1506 3388 qnod
1528 3316 1638 3371 similes
1663 3316 1724 3372 sitis
1752 3315 1819 3371 liliis

71 3410 175 3465 bocum
203 3407 303 3475 istum,
335 3404 466 3461 videlicet
503 3404 600 3458 locum
629 3399 820 3474 requietionis
847 3400 914 3457 reli·
969 3398 1069 3469 Belial,
1086 3404 1115 3456 et
1128 3400 1159 3457 iu
1183 3401 1236 3458 boc
1247 3402 1390 3475 justitiam
1413 3404 1462 3459 nei
1483 3420 1542 3461 non
1558 3404 1714 3477 inspicitis;
1741 3404 1819 3461 uude

69 3498 204 3571 qniarum
218 3496 296 3553 beati
318 3491 437 3551 lieberti
458 3490 638 3560 contessoris,
663 3490 700 3545 ad
714 3490 796 3562 cujus
814 3494 916 3561 patro·
970 3492 998 3542 et
1011 3487 1122 3560 justitia
1134 3488 1185 3544 liei
1199 3490 1328 3546 destruet
1342 3506 1403 3546 vos.
1425 3492 1460 3547 Et
1473 3508 1539 3548 cum
1563 3508 1617 3565 ege
1637 3492 1815 3566 paupercula

70 3587 179 3643 nicium
201 3582 381 3656 confugistis,
409 3579 508 3636 inveni
522 3579 552 3634 in
568 3577 747 3635 evidentibus
769 3576 916 3632 miraculis
969 3575 1122 3631 formabis
1141 3577 1236 3633 verbis
1258 3578 1424 3651 pradictum
1439 3578 1604 3636 libertatem
1619 3580 1675 3638 loci
1702 3584 1730 3637 et
1743 3580 1816 3636 allo·

69 3691 123 3748 per
136 3675 315 3732 voluntatem
335 3671 387 3727 ilci
402 3670 433 3725 in
447 3666 617 3724 sacrificium
637 3665 738 3735 landis,
754 3669 784 3722 et
797 3665 827 3721 in
846 3680 916 3736 per·
971 3662 1085 3719 dierum
1099 3664 1224 3721 dliarnm
1240 3681 1402 3722 meamme
1423 3668 1543 3741 prelato
1561 3668 1664 3725 abbate
1685 3672 1713 3724 et
1728 3686 1746 3724 a
1760 3668 1817 3725 lra-

69 3764 206 3821 missione
228 3760 433 3833 magistrorum
453 3772 584 3813 meorum
607 3758 643 3811 ad
665 3755 761 3828 ipsum
786 3754 915 3827 perveni,
970 3750 1062 3807 tribus
1083 3752 1145 3825 ejus
1164 3757 1302 3824 peterem,
1328 3770 1476 3811 eamcam
1500 3756 1690 3829 permissione
1711 3754 1817 3812 codicis

70 3857 179 3910 etcum
198 3849 272 3905 mibi
295 3852 324 3904 et
338 3846 474 3904 omuibus
501 3861 547 3901 me
574 3842 826 3915 subsequentibus,
850 3858 916 3898 cum
971 3856 1072 3896 omnes
1087 3840 1159 3897 mihi
1182 3838 1403 3899 constituerunt.
1429 3842 1530 3901 Cuncti
1552 3848 1660 3912 antem,
1682 3849 1741 3901 mm
1759 3860 1817 3900 ma-

69 3940 166 3997 divino
190 3936 333 4011 adjutorio
354 3934 444 3992 libere
472 3934 584 3990 attraxi.
608 3934 709 3989 Postea
740 3936 837 3988 autem
865 3948 917 4003 per
967 3930 1057 4001 jures,
1082 3946 1170 4003 quam
1198 3931 1335 4003 minores,
1361 3930 1421 3987 llaec
1448 3932 1586 3999 ridentes,
1616 3932 1764 3989 audientes
1790 3938 1820 3990 et

69 4026 299 4085 admunitionem
319 4022 380 4091 Dei,
406 4022 442 4079 ad
467 4026 595 4077 montem
619 4018 697 4075 beati
727 4018 870 4091 dysibodi,
900 4035 917 4075 a
970 4019 1172 4091 percipientes,
1197 4020 1352 4076 maximam
1379 4020 1610 4077 benevolentiam
1641 4021 1677 4078 ad
1696 4022 1750 4077 iste
1765 4020 1815 4077 ha·

69 4134 127 4191 qno
142 4131 194 4188 per
210 4113 359 4171 licentiam
381 4124 566 4176 secesseram,
589 4106 703 4182 perrexi
731 4125 738 4163 :
762 4113 791 4165 et
804 4108 917 4180 petitio·
971 4107 1089 4179 behant,
1105 4108 1144 4163 ita
1160 4112 1191 4165 ut
1212 4108 1299 4165 etiam
1321 4108 1358 4164 ad
1378 4115 1482 4165 nutum
1500 4108 1550 4166 liei
1576 4110 1691 4183 scriptis
1704 4110 1818 4167 ilrmata

70 4220 136 4261 nem
151 4206 224 4259 banc
243 4217 339 4258 coram
354 4200 488 4256 omnibns
502 4199 609 4255 ibidem
632 4196 829 4253 habitantibus
848 4213 915 4269 per·
972 4197 1041 4252 siut.
1074 4196 1153 4252 [lude
1187 4197 1287 4253 lldeles
1317 4198 1378 4253 hoec
1404 4196 1525 4266 discent,
1549 4198 1703 4267 alllrment,
1731 4197 1818 4271 perd·

69 4292 134 4361 teci,
160 4291 267 4348 scilicet
292 4304 329 4345 ne
358 4290 437 4345 locus
455 4292 554 4343 noster
573 4291 603 4341 et
627 4283 736 4357 praedia
757 4285 914 4358 eleemosy-
934 4256 1048 4340 Ccicant
1072 4290 1102 4341 et
1116 4284 1280 4353 detendunt,
1309 4291 1450 4359 quatenus
1480 4287 1710 4344 benedictionem
1735 4286 1817 4343 illam

70 4398 172 4440 narum
186 4379 242 4437 loci
258 4378 350 4436 nostri
373 4376 410 4432 ab
426 4375 484 4432 illis
509 4379 605 4431 essent
618 4374 718 4446 ligata,
746 4372 795 4428 sed
810 4374 913 4445 soluta,
969 4372 1142 4445 percipiant,
1157 4390 1245 4447 qnam
1257 4375 1330 4430 deus
1343 4374 1430 4431 Jacob
1444 4380 1472 4430 et
1483 4376 1569 4433 lsrael
1585 4376 1674 4432 dedit.

69 4484 203 4545 quaerens
224 4472 321 4523 tamen
346 4464 607 4538 inopportunitate
628 4462 760 4518 utilitatis
782 4462 915 4519 salvatio·
1006 4462 1061 4518 Sed
1089 4478 1106 4517 o
1133 4478 1220 4536 quem
1250 4478 1388 4535 magnum
1409 4463 1555 4535 planetam
1582 4462 1627 4519 bre
1653 4462 1721 4521 illim
1744 4479 1817 4521 meas

70 4575 135 4617 nem
151 4557 314 4613 animarum
329 4560 504 4622 nostrarum,
527 4557 556 4608 et
581 4550 804 4607 sollicitudinem
829 4568 916 4626 regu·
969 4553 1035 4621 post
1049 4549 1160 4606 obitum
1185 4548 1284 4606 matris
1307 4566 1365 4605 sure
1386 4548 1542 4619 habebunt,
1572 4552 1708 4623 qnoniam
1731 4548 1818 4606 verba

69 4646 137 4705 laris
163 4643 362 4700 districtionis.
390 4642 424 4698 Et
452 4640 609 4697 secundnm
636 4639 712 4711 quod
734 4639 766 4695 in
790 4656 855 4696 veru
877 4641 916 4698 vi·
970 4638 1099 4710 ejusdem
1125 4638 1225 4693 matris
1240 4637 1509 4709 suaeampliusnon
1535 4642 1666 4711 surgent,
1691 4637 1817 4693 etsicin
1870 4710 1877 4715 -

69 4737 150 4793 sione
162 4750 277 4808 percepi
291 4734 327 4789 ad
349 4734 472 4800 Patrem,
488 4730 620 4786 videlicet
643 4729 680 4785 ad
701 4727 834 4784 abbatem
861 4725 916 4781 loci
969 4726 1080 4799 gemitu
1095 4730 1124 4783 et
1139 4726 1217 4782 luctu
1237 4725 1430 4800 perplurima
1446 4731 1578 4799 tempora
1593 4740 1660 4782 cnm
1682 4726 1817 4799 lacrymis

69 4826 146 4882 illius
158 4823 237 4880 dixi:
255 4824 362 4879 Serena
376 4822 424 4878 lux
439 4821 507 4877 dicit
530 4837 537 4876 ε
564 4823 604 4877 Tu
628 4819 666 4874 sis
692 4818 777 4873 Pater
801 4831 915 4889 praepo·
970 4816 1037 4879 heu,
1054 4815 1122 4885 heu,
1138 4814 1265 4893 libenter¹
1285 4814 1385 4871 matris
1399 4820 1507 4871 nostrie
1526 4814 1616 4873 ubera
1637 4830 1817 4887 sugeremus,

69 4914 117 4971 siti
138 4918 166 4970 ct
194 4911 293 4968 salutis
318 4911 480 4967 animarum
505 4909 631 4982 mystica.
647 4906 832 4981 plantationis
846 4904 917 4961 illia-
970 4904 994 4959 si
1009 4920 1073 4961 eam
1088 4904 1174 4960 modo
1186 4904 1337 4960 nobiscum
1358 4910 1529 4976 presentem
1545 4903 1726 4961 haberemus.
1743 4902 1817 4968 Qua·

67 5018 134 5061 rum
156 5017 297 5059 mearum.
325 4999 512 5073 Eleemosyna
536 5013 636 5053 aarum
663 5012 716 5052 nac
739 4996 774 5051 ad
801 4998 839 5063 ta,
864 5008 917 5049 nec
969 4992 1223 5066 propter,ol'ilie
1239 4992 1300 5061 liei,
1318 4993 1460 5049 admoneo
1474 4997 1507 5048 nt
1525 4991 1694 5049 charitatem
1709 4990 1817 5048 babea-

70 5093 105 5148 ad
119 5092 219 5147 tratres
240 5096 306 5145 tuos
327 5087 462 5160 pertinet,
486 5087 535 5142 sed
559 5088 640 5142 locus
661 5089 755 5141 vester
769 5082 915 5155 retugium
969 5083 1006 5137 tis
1020 5082 1097 5138 inter
1114 5097 1163 5137 vos
1178 5082 1252 5138 sient
1274 5096 1328 5153 ego
1353 5088 1445 5137 mater
1463 5086 1589 5139 vestrae
1612 5080 1738 5152 pueritia
1753 5095 1818 5136 mea

69 5196 168 5239 earum
192 5178 288 5235 sitsi
315 5182 411 5234 autem
434 5176 465 5231 in
492 5173 641 5231 contrariis
663 5172 846 5229 sermonibus
866 5188 915 5228 ve·
969 5188 1019 5227 vos
1034 5169 1182 5239 admonui,
1199 5174 1341 5244 quatenus
1366 5170 1536 5231 charissima
1558 5169 1606 5225 lux
1626 5168 1817 5245 cumlangelis

69 5270 134 5325 stris
164 5281 349 5342 perseverare
374 5262 532 5333 volueritis,
555 5267 654 5320 contra
673 5278 725 5317 nos
741 5261 914 5329 frendentes,
969 5260 1032 5315 sitis
1047 5264 1166 5333 propter
1188 5258 1419 5316 benevolentiam
1442 5264 1576 5327 vestram,
1600 5262 1630 5313 et
1650 5256 1815 5313 fortissimas

69 5358 148 5416 eritis
182 5357 290 5413 similes
323 5352 510 5412 amalechitis
546 5358 576 5408 et
615 5348 770 5417 Antiocho,
799 5350 835 5405 de
857 5366 916 5422 qno
970 5349 1001 5405 in
1037 5349 1147 5405 viribus
1179 5348 1290 5413 vestris,
1320 5348 1393 5403 sient
1416 5348 1500 5403 Pater
1524 5350 1617 5403 vester
1648 5346 1817 5403 Benedictus

69 5447 207 5519 scriptum
235 5452 279 5503 est
316 5444 392 5519 qnod
421 5443 563 5515 templum
596 5438 710 5497 Domini
743 5438 916 5511 despoliavit
969 5453 1020 5493 ves
1033 5435 1139 5493 docuit.
1155 5436 1278 5510 Spiritus
1299 5440 1413 5492 sauctus
1431 5434 1512 5491 vobis
1529 5434 1606 5490 dona
1621 5433 1731 5502 suadet,
1748 5433 1817 5506 qnia

70 5539 96 5612 (l
107 5538 209 5593 lineet.
227 5537 260 5608 r).
969 5530 1035 5599 post
1050 5524 1137 5583 llnam
1153 5540 1261 5593 meum,
1278 5540 1374 5581 vocem
1399 5540 1493 5583 meam
1518 5522 1622 5579 amodo
1636 5538 1694 5578 non
1715 5522 1817 5578 audie·

246 5622 385 5689 Parnon.
411 5620 554 5688 cxcvii.
1578 5618 1620 5680 3t
