3984 6034
114 191 174 247 ser
777 193 964 253 accarone.
976 148 1127 250 -farrsu
1148 189 1250 248 xevu.
1815 188 1867 244 sss

114 326 238 382 tionum
251 331 360 382 tantm
380 326 533 384 mollitiem
547 343 629 384 nnnc
645 331 800 396 munior,
817 329 894 402 quod
913 329 965 386 du·
983 325 1241 386 Acobabitatricas
1268 327 1343 391 tuas,
1372 319 1481 380 scilicet
1506 339 1617 380 sorores
1647 339 1736 394 meas,
1760 339 1793 379 ex
1820 337 1867 379 mc

117 415 239 482 bitures,
261 417 341 472 velut
357 416 508 489 ignorares
529 416 600 488 quid
621 431 686 472 cnm
709 416 779 488 ipsis
801 418 894 473 iecere
916 418 968 473 de-
1022 431 1109 488 qnam
1131 413 1233 470 intime
1256 413 1358 476 saluta,
1382 417 1411 468 ct
1434 412 1537 468 litteris
1558 411 1801 468 commendatitiis
1822 427 1867 466 ma

118 505 182 561 bes.
217 505 352 576 Magister
376 521 503 578 namque
526 510 623 561 sanam
650 510 680 561 et
703 506 781 577 justa
807 507 911 562 docere
938 511 968 561 et
1022 504 1146 560 leetillca.

115 593 195 649 bona
234 594 366 666 exempla
403 594 554 650 ostendere
591 594 686 659 debet.
720 595 967 668 quemadmodum
1205 589 1412 648 RESPONSUM
1434 589 1679 646 erubescente.

115 683 208 737 etiam
228 683 358 738 cbristus
378 682 455 748 lecit,
476 683 511 738 ed
534 698 622 755 quem
645 683 729 739 multi
751 684 913 752 currebant,
938 688 968 738 ct
1026 682 1066 738 Ut
1085 697 1160 752 pura
1177 680 1237 752 fide
1259 680 1333 735 douo
1355 693 1444 750 opera
1465 676 1498 732 ιἰι
1516 675 1562 732 dic
1583 676 1787 749 prosperitatis
1808 693 1868 734 rue

116 787 136 826 a
157 787 219 843 quo
239 771 323 827 multi
345 771 505 844 fugiebant.
527 773 589 842 lpse
605 774 704 827 umen
724 772 843 829 dilectos
862 778 891 827 et
909 773 967 827 ele·
1163 755 1302 820 ament,
1315 750 1402 806 θίᾶθῑ
1420 748 1657 820 mimium
1671 751 1724 804 ²⁸²·

117 865 181 914 ctos
203 873 272 914 suos
295 859 332 915 ed
353 874 383 914 se
400 859 519 930 colligit.
537 859 618 915 Unde
636 860 687 930 qui
706 865 735 915 te
757 875 809 932 per
826 860 968 916 obedien·
1057 859 1080 916 0
1102 857 1284 926 illicitatio
1307 871 1412 928 magua
1434 853 1627 910 sollicitudine
1647 868 1699 924 per
1718 853 1789 908 duas
1809 853 1869 908 vias

115 948 190 1003 tiam
219 949 398 1015 osculantur,
425 951 455 1002 et
479 962 533 1018 per
558 946 729 1003 charitatem
755 949 966 1021 amplexantur,
1022 963 1104 1004 mens
1122 952 1172 1003 tna
1191 951 1331 1018 occupata
1350 948 1403 1000 est.
1425 945 1497 999 Nam
1517 957 1577 1016 per·
1591 941 1746 1013 quamdam
1762 939 1867 995 sollici·

116 1033 150 1088 in
171 1049 287 1089 summo
306 1033 403 1090 studio
421 1037 499 1099 tenc,
521 1047 641 1088 neceas
662 1033 804 1105 relinqua,
825 1034 898 1090 alios
919 1051 968 1088 an·
1020 1037 1150 1093 tudinem
1174 1035 1305 1104 tabescis,
1321 1033 1403 1108 quasi
1426 1032 1462 1088 de
1480 1032 1538 1086 sita
1558 1035 1608 1086 tua
1627 1029 1776 1102 desperes;
1792 1029 1878 1101 unde,

116 1128 179 1178 tem
203 1124 263 1178 Deo
289 1122 411 1186 dimitte,
437 1125 580 1194 quatenus
602 1137 668 1176 cum
692 1122 835 1193 Propheta
856 1123 933 1178 dicas
958 1139 965 1179 ι
1021 1130 1050 1181 et
1066 1125 1212 1181 interdum
1227 1139 1291 1179 cum
1308 1137 1396 1194 super
1419 1125 1547 1177 montem
1568 1117 1770 1174 conscenderis
1790 1116 1868 1186 fidei,

118 1210 282 1267 Veritatem
296 1197 378 1266 tuom
391 1213 421 1265 ct
437 1211 569 1268 nictare
583 1213 664 1265 mam
679 1210 741 1266 cici
753 1210 842 1282 (Psoi.
860 1219 966 1283 xxxix).
1022 1213 1057 1268 ad
1081 1214 1172 1269 Deum
1195 1211 1341 1279 εεεειιᾱίες
1367 1225 1433 1266 eum
1457 1209 1627 1281 interrogas,
1653 1207 1736 1281 quasi
1757 1205 1869 1262 nescias

117 1301 162 1354 Tu
183 1315 255 1371 ergo
279 1315 329 1371 spa
351 1304 403 1354 tua
424 1299 461 1354 ad
483 1315 573 1354 unum
595 1301 685 1356 mum
706 1300 803 1365 tende,
818 1300 888 1372 quia
905 1300 967 1373 ipse
1021 1302 1090 1374 qnid
1115 1302 1145 1358 iu
1167 1301 1221 1357 iste
1244 1301 1423 1357 dubitatione
1447 1298 1543 1354 iacies.
1568 1297 1623 1354 Sed
1647 1301 1679 1351 tu
1704 1309 1770 1350 cum
1795 1309 1869 1366 pura

118 1387 275 1443 Ecclesiam
309 1404 392 1444 suam
424 1403 483 1443 non
520 1387 709 1460 derelinquet.
744 1392 809 1447 liceo
842 1405 967 1462 nemque
1021 1387 1079 1445 lide
1101 1389 1177 1444 bona
1198 1404 1286 1462 opera
1308 1385 1454 1460 operando
1478 1386 1508 1440 in
1529 1384 1576 1440 dia
1591 1382 1791 1455 prosperitatis
1812 1384 1869 1435 lues

118 1492 186 1546 spes
211 1475 343 1532 metata
367 1481 419 1544 est,
444 1476 522 1548 qnod
545 1477 608 1548 ipsa
628 1478 740 1532 oculata
763 1476 824 1544 ssat,
847 1483 877 1533 et
902 1494 968 1549 spes
1021 1479 1148 1546 ambula,
1164 1483 1193 1532 et
1207 1476 1355 1549 Deoquod
1369 1491 1455 1530 suum
1467 1480 1510 1528 eat
1523 1473 1568 1528 da.
1587 1472 1763 1528 Namsolem
1780 1470 1868 1535 rides,

118 1561 176 1617 iste
192 1578 294 1618 secura
313 1567 368 1626 est,
391 1569 533 1633 quemnus
554 1561 637 1619 dolor
650 1563 700 1618 din
715 1569 838 1631 maneat,
857 1563 888 1618 in
908 1579 966 1636 quo
1022 1566 1099 1639 quod
1117 1572 1160 1622 est
1182 1567 1276 1622 bonor
1293 1566 1342 1620 ille
1363 1579 1449 1636 quem
1473 1563 1601 1618 nondum
1624 1561 1699 1614 licus
1723 1559 1870 1614 abstrahat

118 1650 255 1720 plurimae
272 1650 512 1722 congregationes
530 1649 724 1721 spiritualium
743 1650 968 1706 commovebun·
1022 1671 1039 1709 a
1061 1659 1099 1718 te.
1116 1659 1146 1710 et
1168 1654 1302 1710 seculum
1321 1653 1351 1707 in
1372 1651 1495 1724 suspirio
1514 1654 1542 1706 at
1564 1649 1594 1704 in
1608 1649 1710 1704 timore
1728 1647 1801 1718 legis
1817 1645 1869 1702 liei

117 1743 178 1807 tur,
198 1738 332 1809 plurimae
350 1754 467 1810 quoqne
489 1738 686 1794 destruentur.
708 1737 859 1810 ligavero
882 1748 968 1794 auro·
1022 1743 1121 1811 babes,
1147 1742 1219 1796 sicut
1241 1741 1310 1796 luna
1330 1739 1360 1794 in
1385 1740 1524 1794 necleta
1546 1743 1671 1809 utruque
1694 1751 1763 1808 ergo
1786 1740 1868 1806 parte

118 1841 184 1880 ram
201 1825 276 1880 siem
294 1825 480 1896 splendorem
494 1826 524 1880 in
545 1825 681 1895 tasideo,
697 1826 775 1899 qnod
796 1826 923 1882 studium
937 1827 967 1882 in
1022 1831 1150 1885 sarriana
1172 1833 1232 1886 asto
1254 1829 1323 1896 Deo,
1348 1828 1418 1900 quie
1440 1825 1612 1882 sacrificium
1637 1829 1719 1880 tuum
1745 1823 1815 1890 vult,
1840 1827 1869 1877 et

117 1912 199 1968 bona
212 1913 360 1968 voluntate
370 1914 643 1984 banorumopernm
658 1914 689 1968 in
703 1919 731 1968 te
745 1919 798 1968 est.
812 1913 968 1970 Turbinem
1022 1917 1092 1988 qnia
1106 1917 1181 1972 bona
1195 1931 1312 1987 operae
1333 1919 1360 1970 te
1376 1914 1407 1968 in
1426 1914 1484 1968 rita
1499 1918 1548 1966 toa
1569 1913 1694 1983 postulat
1712 1915 1868 1981 antequem

119 2016 239 2074 quoqne
271 2006 390 2073 propter
417 2002 471 2058 bas
497 2007 526 2056 ct
552 2002 625 2056 alias
645 2000 855 2056 vicissitudines
883 2000 913 2056 in
939 2007 968 2056 te
1022 2005 1166 2061 moriaris.
1193 2007 1251 2062 Lux
1278 2004 1380 2076 gratia
1405 2003 1454 2060 liei
1476 2001 1589 2072 operiat
1611 2006 1650 2062 te,
1676 2001 1706 2054 et
1732 1997 1868 2053 nummus

118 2089 343 2157 discurrentem,
363 2089 414 2162 qui
434 2089 591 2162 aliquando
609 2088 792 2161 splendorem
811 2089 843 2143 in
864 2093 893 2144 tc
916 2089 968 2144 ob·
1023 2093 1227 2149 misericordia
1256 2109 1315 2150 sum
1346 2098 1374 2148 te
1397 2096 1497 2163 ungat,
1524 2105 1583 2162 qua
1613 2088 1701 2144 [levid
1730 2085 1867 2158 ungebat,

118 2176 243 2232 nubilet
260 2178 319 2232 lloc
333 2176 444 2245 minue,
462 2183 492 2231 ct
505 2175 640 2232 fiduciam
660 2175 745 2244 habe,
762 2175 840 2248 quod
860 2175 890 2231 in
909 2177 968 2233 Deo
1022 2199 1090 2240 cum
1110 2186 1228 2254 peccate
1248 2198 1300 2238 sua
1320 2181 1484 2238 condtendo
1505 2180 1597 2235 Deum
1621 2176 1700 2234 sidit.
1724 2177 1789 2247 lpse
1812 2189 1868 2230 nn·

118 2264 233 2320 finieris
245 2264 319 2321 otia
332 2269 475 2321 emmam
489 2265 575 2320 vives.
1021 2269 1117 2326 ctione
1138 2268 1290 2324 viriditatis
1310 2269 1435 2340 Spiritus
1455 2266 1548 2322 sancti
1570 2272 1597 2322 te
1619 2269 1720 2336 ungat,
1740 2269 1770 2319 ct
1792 2262 1869 2318 bona

409 2371 578 2429 Eptspopg
595 2371 684 2430 mvl,
1023 2362 1050 2414 al
1064 2363 1162 2413 mnata
1182 2373 1271 2430 opera
1293 2357 1324 2412 in
1344 2362 1373 2412 te
1394 2357 1488 2424 belet,
1508 2371 1561 2428 ρει·
1581 2355 1766 2411 devotionem
1789 2351 1869 2408 illam

119 2476 300 2516 acuminis
335 2477 483 2516 ennemase
524 2475 794 2518 eeunauaarauausrs
833 2479 869 2517 en
907 2477 969 2518 ιιιιι-
1023 2463 1081 2520 (ῙῈΕ
1096 2447 1156 2502 '⁰²5
1176 2447 1340 2504 ⁸d⁰ifli⁰¹⁵⁰⁸
1361 2447 1450 2502 Mum
1472 2445 1605 2500 ⁸d⁰i⁸¹²i·
1628 2445 1709 2499 Nune
1723 2445 1868 2514 1)ΐὲἉοοΝα

466 2547 620 2587 accennare.
1023 2533 1275 2604 ltelacrumas
1290 2534 1321 2592 in
1336 2537 1478 2590 arternum
1492 2533 1580 2588 sires.

119 2633 167 2690 Ab
184 2633 368 2708 Hildepardc
382 2634 505 2693 maora
515 2635 590 2708 petit
603 2635 701 2718 ipsius
722 2639 752 2691 el
763 2651 895 2718 sororum
908 2633 971 2703 artf-
1303 2639 1468 2697 urtstota
1487 2639 1586 2696 xcvii.

148 2705 261 2779 siwia
272 2710 451 2788 ‘immam
464 2707 542 2762 inte*
560 2714 709 2779 “lm-'W
721 2707 910 2779 ΝΜ
921 2723 969 2761 ⁸⁰·
1212 2745 1239 2786 u.
1259 2746 1408 2787 iamneae
1426 2746 1460 2785 aa
1480 2743 1681 2785 ninoanaanru.

156 2793 238 2832 rores
250 2781 430 2834 mentalem.
1022 2815 1122 2890 [βίω
1140 2833 1240 2890 pm„
1261 2833 1316 2891 pro
1336 2835 1369 2874 ,ρ
1393 2832 1503 2890 mque
1530 2811 1749 2888 congregatione
1770 2813 1871 2884 depre-

157 2886 341 2940 llaomnarnrs
361 2884 653 2940 Gandcrbeimueusis
673 2885 800 2942 ecclesiia
815 2883 967 2955 abbatissa,
988 2910 1009 2965 c
1401 2893 1493 2946 eatur.

120 2974 254 3046 quemvis
273 2974 403 3046 indigna,
428 2973 460 3030 ll.
485 2974 597 3030 dilecta
621 2974 707 3028 matri
728 2974 763 3029 de
788 2974 816 3030 S.
841 2974 968 3045 liuperto
1057 2975 1268 3032 Amantissimo
1294 2977 1419 3033 domium
1441 2981 1472 3031 at
1498 2976 1528 3031 iu
1552 2973 1664 3031 cbristo
1693 2971 1779 3028 metri
1802 2970 1871 3028 dile·

119 3064 223 3119 liberte
236 3079 349 3136 sponm
362 3065 530 3130 ierusalem,
546 3064 644 3118 oscula
658 3063 774 3135 Sponsi.
1023 3064 1168 3134 ctissimea,
1193 3065 1225 3120 lt.
1250 3065 1406 3134 abbatissa,
1429 3065 1497 3120 licat
1516 3063 1648 3136 indigne,
1669 3075 1802 3116 sororum
1826 3075 1870 3114 ee·

155 3153 250 3208 Arbor
271 3153 357 3220 bona,
376 3153 453 3212 bono
473 3168 507 3208 cx
527 3153 623 3208 tractu
642 3153 768 3224 cognita,
786 3167 968 3224 mqnequm
1022 3151 1115 3208 alesia
1119 3193 1174 3222 .....
1200 3153 1310 3224 Regem
1335 3152 1434 3225 gloriae
1458 3152 1490 3208 in
1519 3167 1571 3208 suo
1598 3151 1700 3206 decore
1722 3148 1819 3204 videre
1840 3151 1870 3202 at

118 3240 186 3297 duci
205 3241 291 3296 debet
310 3241 341 3296 in
361 3241 546 3308 oblivionem,
563 3240 633 3312 qnia
653 3239 852 3296 fructificando
872 3240 968 3295 dulce·
1022 3255 1088 3295 cum
1103 3257 1137 3296 eo
1149 3241 1275 3313 gandera
1289 3241 1466 3313 perenniter.

119 3331 232 3396 dinem,
251 3330 365 3385 dulcem
380 3330 522 3385 bonorum
535 3329 709 3384 commeruit
721 3345 860 3385 amorem.
881 3331 969 3386 Bruto
1058 3329 1227 3387 Benedictus
1254 3332 1339 3399 Deus,
1364 3330 1414 3402 qni
1442 3329 1578 3403 mysteria
1602 3333 1778 3384 secretorum
1804 3341 1869 3382 suo·

118 3434 190 3488 ergo
225 3417 345 3473 animali
376 3420 442 3490 jure
475 3417 596 3473 interior
624 3417 789 3488 habebitur,
817 3417 869 3490 qui
894 3419 968 3474 bena
1022 3433 1098 3485 rum,
1128 3419 1234 3474 mundo
1262 3424 1347 3474 antea
1374 3435 1523 3492 nunquam
1552 3418 1661 3486 andita,
1689 3415 1868 3488 temporibus

119 3507 216 3563 dulcia
241 3506 338 3562 miuus
360 3506 435 3562 bene
458 3506 654 3577 amplectitur.
679 3508 721 3563 Tu
742 3506 841 3578 itaque
864 3506 968 3562 Christi
1022 3507 1128 3562 nostris
1156 3507 1275 3564 mirifica
1299 3523 1353 3579 per
1375 3513 1404 3563 te
1424 3508 1570 3564 declarare
1594 3509 1739 3580 dignatur,
1764 3504 1867 3560 lidem-

119 3594 265 3663 columba,
280 3609 338 3648 non
359 3594 487 3656 seducte,
502 3595 551 3650 sed
568 3594 653 3650 corde
674 3609 780 3666 magna
800 3599 828 3650 et
848 3595 965 3663 munde,
1022 3611 1078 3668 qne
1101 3600 1227 3652 nostram
1251 3611 1304 3667 per
1327 3601 1366 3665 te,
1388 3612 1406 3651 o
1429 3601 1522 3652 mater
1545 3596 1735 3662 sanctissima,
1759 3591 1867 3648 conllr·

119 3683 193 3737 sicut
214 3682 324 3736 bonum
347 3684 468 3751 malum,
491 3683 540 3738 lux
563 3685 708 3751 tenebras,
730 3685 815 3740 dulce
835 3698 965 3740 amarum
1020 3690 1090 3752 mat,
1112 3688 1140 3738 et
1163 3689 1291 3740 sanctem
1314 3685 1467 3740 Ecclesiam
1492 3701 1574 3740 suam
1601 3683 1687 3740 solito
1708 3681 1867 3754 lulgentio·

119 3770 270 3839 coniecit,
286 3771 326 3825 ita
339 3770 411 3825 mibi
425 3787 443 3824 a
463 3771 549 3826 corde
565 3787 625 3827 non
645 3772 771 3840 excidis3
785 3773 862 3828 unde
881 3772 968 3828 debas
1021 3773 1102 3828 ribus
1117 3771 1267 3844 signorum
1285 3788 1403 3828 snorum
1423 3773 1586 3840 rimutsbns,
1601 3773 1679 3828 velut
1695 3769 1867 3843 quibusdem

118 3866 147 3914 et
162 3864 195 3913 tu
216 3859 384 3930 manenter
397 3858 456 3914 mei
474 3860 785 3934 recordari,quoniem
807 3867 920 3917 constat
938 3866 968 3917 et
1022 3859 1087 3916 nori
1109 3861 1179 3916 solis
1199 3861 1287 3918 radiis
1305 3860 1491 3918 ineffabiliter
1511 3861 1666 3917 illuminat.
1687 3861 1709 3917 0
1729 3858 1794 3930 quis
1813 3857 1868 3912 ista

118 3947 229 4002 amoris
241 3952 269 4002 at
288 3947 397 4004 intima
416 3947 575 4004 devotionis
595 3948 809 4021 propinquitate
830 3949 882 4006 tibi
897 3965 966 4005 eon·
1021 3964 1149 4022 unquam
1174 3949 1300 4005 audivit?
1329 3950 1393 4022 quis
1421 3949 1492 4004 sidit
1517 3949 1606 4006 talia?
1635 3949 1709 4020 Ergo
1736 3947 1867 4002 dicamus

114 4034 212 4106 jungi.
230 4036 301 4090 Nolo
312 4049 381 4106 ergo
395 4039 428 4090 nt
440 4035 553 4107 euuqni
570 4036 741 4092 autumenti
763 4037 818 4092 llos
833 4037 864 4092 in
881 4036 967 4094 corda
1021 4039 1139 4110 singuli,
1162 4038 1290 4095 dicamus
1312 4053 1414 4094 omncs
1430 4039 1622 4095 :Benedictus
1647 4038 1731 4093 Dens.
1748 4034 1867 4091 Vultum

117 4131 170 4178 tuo
198 4123 316 4186 aruerit,
341 4123 393 4195 qui
416 4123 563 4195 qnondam
586 4124 664 4180 inter
686 4139 732 4179 me
754 4129 783 4180 et
805 4131 835 4180 te
855 4125 965 4192 lloruit,
1021 4128 1176 4183 sanctitatis
1201 4132 1304 4183 vestras
1327 4127 1434 4196 videre,
1466 4131 1495 4182 et
1522 4127 1610 4182 verba
1635 4141 1669 4182 ex
1697 4140 1746 4180 ore
1772 4127 1866 4179 restro

117 4228 184 4267 cum
209 4227 257 4267 me
278 4211 403 4266 dulciter
422 4212 548 4268 educasti
567 4227 575 4267 ε
597 4214 679 4285 cnjus
701 4229 800 4268 amore
821 4219 850 4269 et
869 4215 965 4270 dilecti
982 4208 1006 4262 D
1021 4216 1120 4271 divino
1135 4217 1235 4274 audire
1249 4216 1335 4288 euplo
1355 4215 1569 4283 ardentissime3
1586 4215 1636 4272 scd
1658 4214 1727 4287 quia
1748 4212 1802 4268 boc
1814 4227 1867 4283 pro

116 4301 223 4372 Spousi
243 4301 288 4357 tui
310 4300 449 4357 charitate
471 4307 501 4357 te
521 4303 657 4370 obtestor,
676 4319 837 4376 precorque
860 4310 893 4360 ut
914 4320 966 4376 pro
1020 4308 1149 4376 tempore
1172 4310 1201 4360 et
1222 4307 1349 4361 locorum
1369 4305 1506 4360 instantia
1526 4321 1578 4378 per
1598 4301 1781 4376 praesentiam
1803 4317 1868 4357 cor-

116 4407 165 4446 ma
188 4398 220 4445 et
243 4405 310 4445 mec
335 4405 435 4462 grege,
456 4389 578 4460 locoque
603 4392 675 4447 mibi
702 4397 752 4447 tua
774 4393 965 4464 permissione
1019 4393 1098 4466 poris
1117 4394 1238 4466 implere
1260 4410 1318 4450 non
1332 4396 1424 4459 valan,
1440 4395 1525 4449 corde
1544 4398 1574 4449 et
1592 4394 1690 4449 animo
1710 4396 1739 4447 te
1753 4406 1867 4462 semper

116 4479 272 4535 commisso
292 4478 437 4536 orationes
460 4485 490 4535 et
515 4479 726 4536 obsecrationes
750 4484 809 4537 tuse
831 4481 902 4537 liant
928 4483 964 4538 ad
1017 4481 1131 4549 videbo,
1154 4487 1182 4536 te
1204 4497 1319 4552 semper
1341 4481 1456 4536 amabo.
1486 4481 1591 4536 Precor
1612 4480 1700 4536 etiam
1728 4478 1867 4533 sanema-

116 4569 220 4634 licum,
243 4570 331 4638 atque
357 4581 411 4621 nos
433 4567 598 4622 committas
627 4568 807 4624 orationibus
831 4568 964 4624 omnium
1018 4575 1077 4625 tem
1100 4575 1224 4637 tuem,o
1247 4574 1339 4624 mater
1359 4568 1500 4640 piissima,
1517 4575 1548 4624 nt
1568 4584 1621 4640 pro
1641 4582 1687 4622 ma
1709 4564 1866 4638 peccatrice

115 4669 251 4711 sororum
277 4661 410 4722 tuarum
432 4670 485 4710 oro
506 4655 593 4712 etiam
618 4662 652 4711 ut
675 4657 843 4713 societatem
865 4658 965 4713 irater·
1018 4664 1048 4713 et
1071 4671 1124 4730 pro
1154 4658 1379 4730 congregatione
1405 4663 1504 4714 nostra
1531 4658 1584 4714 tibi
1611 4671 1724 4712 mecum
1752 4654 1865 4726 suppli·

115 4743 217 4800 nitatis
245 4749 303 4799 tura
331 4744 478 4800 sororibus
506 4745 578 4800 meis
607 4746 684 4817 apud
708 4747 823 4802 easdem
851 4763 964 4804 sorores
1017 4752 1109 4814 cente,
1135 4745 1169 4801 ad
1197 4747 1296 4814 Deum,
1312 4746 1363 4818 qni
1386 4751 1414 4802 te
1438 4746 1539 4817 procul
1563 4745 1651 4801 dubio
1674 4743 1800 4808 exaudit,
1816 4742 1866 4796 in·

114 4837 193 4900 tuas,
216 4832 278 4888 imo
299 4846 378 4887 maes
399 4833 539 4901 obtineas,
566 4836 595 4888 et
616 4833 686 4889 ditm
710 4835 816 4907 aliquis
840 4851 894 4906 per
913 4851 963 4890 sos
1016 4835 1161 4891 tarcedere
1179 4835 1317 4906 digneris.
1337 4835 1414 4892 Scias
1433 4851 1550 4908 quoque
1569 4834 1638 4908 qnia
1659 4831 1799 4888 memoria
1813 4837 1865 4887 tua

113 4921 152 4977 ad
176 4937 230 4977 noe
247 4921 405 4988 transierit,
428 4919 533 4976 litteris
554 4922 741 4990 transmissis,
755 4923 784 4979 ld
803 4930 833 4978 et
853 4923 878 4977 si
892 4921 963 4994 quid
1017 4923 1093 4995 apud
1116 4939 1171 4980 nos
1194 4939 1310 4996 semper
1328 4924 1358 4978 in
1383 4923 1583 4979 benedictione
1610 4923 1675 4990 erit,
1704 4926 1733 4978 et
1756 4935 1864 4977 nomen

113 5010 195 5066 aliud
220 5009 347 5065 volueris
371 5008 404 5064 in
435 5009 548 5066 cbristo
576 5011 747 5067 innotescas.
778 5012 839 5083 Rgo
864 5016 963 5068 eutem
1018 5012 1133 5070 Domini
1147 5027 1200 5084 per
1221 5018 1250 5069 te
1270 5013 1513 5086 magnificabitur.
1531 5013 1587 5068 Ora
1608 5027 1660 5084 pro
1680 5009 1771 5074 nobis,
1788 5009 1862 5081 piis·

113 5098 249 5170 expedito
279 5102 422 5168 tempore,
444 5098 469 5153 si
492 5099 552 5155 lieo
583 5099 735 5170 placuerit,
756 5101 794 5156 ad
826 5116 876 5156 ros
904 5115 962 5156 nou
1016 5102 1089 5158 sima
1110 5107 1203 5158 mater
1225 5106 1255 5157 et
1276 5101 1403 5158 domina.
1420 5101 1513 5172 Super
1537 5099 1711 5155 haecomnia
1725 5113 1863 5170 rogamus

110 5187 246 5245 differem
269 5186 375 5251 rauba,
398 5191 430 5240 ut
451 5201 501 5241 ore
521 5187 558 5242 ed
582 5202 614 5243 os
633 5187 797 5259 loquemur,
812 5202 902 5243 manu
925 5189 961 5244 ed
1016 5195 1079 5246 tum
1100 5206 1153 5261 pro
1177 5190 1247 5258 ileo,
1271 5195 1332 5245 turn
1355 5204 1408 5261 pro
1433 5193 1563 5244 materno
1587 5187 1700 5254 aflectu,
1725 5191 1759 5241 ut
1779 5185 1863 5241 nobis

110 5289 235 5332 manum
254 5273 333 5346 qnod
352 5273 462 5330 bonum
478 5278 525 5331 ast
539 5291 703 5347 operemur,
725 5274 824 5347 sicque
842 5276 964 5349 antiqua
1015 5278 1222 5335 consolationis
1243 5281 1301 5334 tuae
1324 5278 1435 5333 litteras
1458 5276 1573 5332 mittere
1597 5277 1627 5332 in
1649 5275 1782 5348 proximo
1804 5290 1862 5330 non

110 5363 277 5420 stabilietur
293 5363 424 5430 cometes,
444 5378 533 5435 quam
555 5363 587 5419 in
607 5364 691 5420 nobis
714 5365 867 5421 confirmet
886 5367 963 5422 Deua
1016 5365 1141 5422 differas.
1164 5366 1293 5422 Christus
1313 5365 1451 5421 Dominus
1470 5371 1569 5425 nostm
1584 5365 1614 5420 ln
1636 5380 1726 5446 regno
1742 5379 1795 5430 suo
1809 5379 1863 5428 nos

110 5452 251 5509 charius.
267 5453 339 5521 Qua
357 5451 470 5508 babitas
483 5452 515 5510 in
535 5453 628 5510 bonis
644 5455 785 5523 ausculta,
802 5470 962 5533 omnaque
1015 5459 1112 5514 mcum
1127 5469 1303 5528 congregare
1315 5455 1461 5528 dignetur.
