3984 6034
165 183 212 296 itt
890 239 918 293 S.
940 237 1176 294 utebantnbts

357 368 561 426 RESPONSUM
581 367 817 425 ultumannts
1030 377 1052 428 Α
1067 367 1164 438 satier,
1179 372 1320 440 quantam
1335 384 1394 440 prae
1409 368 1516 424 viribus
1530 369 1587 424 tuis
1602 375 1681 442 potas
1696 375 1724 427 et
1740 372 1813 426 lleus
1828 372 1916 428 iaciat

164 479 312 535 Horum,
324 475 363 534 ag
375 476 513 543 laborem,
524 477 552 530 eg
565 472 695 546 adfige„
704 475 756 530 mg
771 473 931 549 dimum
946 491 1013 530 coa·
1067 464 1098 512 nt
1111 457 1142 512 in
1155 457 1291 514 servitute
1304 457 1394 529 ipsius
1406 473 1581 529 perseveres.

490 545 683 619 airinom·
1359 563 1524 620 aetsroua
1543 565 1621 622 extr.

198 655 337 721 Omater,
353 653 441 708 bomo
456 651 506 725 qui
520 667 623 723 agrum
638 651 720 707 illam
736 651 787 724 qni
802 650 1013 724 plenitudinem
1069 665 1095 706 a.
1126 665 1284 706 aassrtssa
1315 666 1479 706 snrssroms
1508 668 1679 709 uoulsrrau
1697 669 1916 710 asrrssnmmsrs

163 742 370 800 fructuositatis
393 741 489 811 babet,
508 757 568 796 non
590 740 671 808 fodit,
694 755 746 795 nec
761 740 941 796 tructiicrnm
965 741 1012 795 ta·
1351 754 1391 794 so
1412 753 1632 796 arnoanaaosu.

162 833 211 902 cit,
237 831 389 902 delinquit,
413 830 483 903 quia
503 845 555 901 pro
582 829 703 901 praemio
717 827 933 902 patrisfamilias
954 845 1013 883 non
1067 829 1115 882 Aa
1128 827 1267 909 creditam
1287 827 1342 908 sibi
1355 843 1454 910 curam
1479 827 1625 910 dimittere
1694 829 1746 908 sit,
1766 832 1794 884 et
1813 829 1848 884 de
1866 829 1914 884 llis

162 923 283 977 laborat.
308 919 376 986 Quis
399 919 478 974 enim
500 918 603 974 bovem
630 923 660 973 et
684 918 799 973 asinum
826 918 1011 973 constitnit?
1101 913 1162 979 iu?
1181 915 1246 980 lam
1281 901 1455 971 ‘nimia‘
1482 915 1521 954 “n
1548 897 1604 954 ⁸²⁶²
1642 899 1846 956 ‘mimium
1873 901 1915 956 ⁸²⁰²

161 1009 276 1065 Scilicet
300 1009 375 1064 Dens
400 1007 436 1064 ad
468 1009 636 1062 servitutem
659 1006 787 1062 hominis
813 1023 861 1062 eos
893 1005 1011 1061 crearit.
1101 966 1223 1040 “hqmd'

1858 243 1911 294 332

161 1099 330 1154 curantem
354 1098 441 1152 bomo
456 1097 573 1168 propria
596 1096 720 1150 utilitate
743 1111 795 1151 sua
810 1111 869 1150 non
889 1096 1010 1160 laboret,
1100 1076 1275 1174 Reverendae
1299 1077 1328 1174 i?
1356 1077 1473 1174 mistim·
1493 1077 1617 1132 mmmm
1646 1077 1799 1176 Qlissffldae
1828 1079 1917 1134 Μή

159 1186 305 1257 cumipse
333 1192 425 1241 totam
448 1200 521 1257 opos
546 1185 595 1240 Dei
609 1185 656 1252 sit,
681 1191 710 1239 et
729 1199 795 1239 cum
812 1185 888 1240 Deus
915 1184 1011 1255 ipsum
1067 1167 1101 1222 fl·
1119 1167 1147 1220 Ε·
1175 1166 1223 1220 ⁰0¹
1247 1169 1347 1236 Sfssiffi,
1378 1180 1401 1217 ⁵¹
1426 1163 1495 1235 qmd
1524 1170 1577 1263 §³⁵22
1616 1167 1724 1220 ⁵⁰¹¹¹⁰01
1757 1167 1912 1234 tbbiiiffl,

160 1291 282 1330 vacuam
298 1289 356 1329 non
373 1272 629 1328 constituitiilaus
647 1289 772 1345 namque
795 1273 941 1328 bominem
961 1273 1011 1327 iir-
1067 1253 1197 1326 ‘imunVis
1211 1252 1369 1325 indigum
1389 1253 1533 1323 ⁸⁰P⁰fi⁰f¹
1549 1253 1723 1308 m⁰¹¹⁸⁵i01i⁰
1738 1254 1914 1323 fliii⁵b⁰ssaes

162 1369 308 1419 mammio
331 1363 456 1419 similem
483 1363 560 1430 facit,
579 1362 656 1434 quod
676 1362 777 1429 wien),
798 1367 827 1416 ot
852 1361 963 1427 lunam,
979 1376 1013 1415 &G
1065 1343 1211 1399 Orationes
1225 1357 1298 1414 quas
1311 1346 1405 1413 potest
1418 1357 1485 1398 cum
1497 1341 1615 1396 Sincerffl
1632 1341 1740 1397 fidflifit
1753 1342 1916 1400 dilectionis

161 1453 257 1506 stellas
281 1455 386 1523 portat,
406 1455 548 1522 watenes
570 1450 651 1505 omni
674 1455 812 1505 creaturos
837 1451 961 1514 luceant,
984 1453 1013 1503 ct
1066 1431 1180 1487 flffflciu·

160 1548 303 1612 quatem„
316 1544 448 1609 tempo„
462 1544 628 1610 temporum
642 1538 817 1594 ostenderet,
834 1537 887 1593 god
908 1538 932 1593 ,i
950 1538 1012 1592 hm
1101 1519 1201 1575 Videre
1221 1517 1323 1572 taciem
1340 1522 1474 1582 vestram,
1488 1516 1605 1572 domina
1619 1517 1814 1586 dilectissima,
1835 1522 1917 1577 mul-

159 1628 257 1683 omnis
277 1627 361 1699 nigra
384 1627 475 1682 nubes
497 1626 655 1699 obtegeret,
679 1632 810 1682 creatura
833 1642 864 1681 se
879 1626 957 1680 ilniri
973 1626 1010 1681 ti·
1031 1611 1127 1724 3¹¹¹}ss
1151 1605 1295 1706 d⁰³if¹⁰f³²
1322 1605 1420 1660 “nimi
1449 1621 1523 1672 ¹⁰⁰⁸·
1547 1611 1575 1660 ⁰²
1603 1607 1638 1660 Εὖ
1663 1607 1808 1664 ‘mdi‘ffldfl
1828 1609 1917 1663 'elba

160 1723 260 1771 mom,
276 1717 330 1785 pu,
344 1715 404 1770 fin„
428 1713 489 1782 pei,
511 1730 612 1786 ,grum
636 1715 714 1769 hunc
727 1720 756 1770 ιθ
778 1731 839 1769 0350
858 1730 1009 1786 cognosce,
1066 1713 1123 1751 oras
1140 1701 1226 1750 restra
1241 1695 1331 1749 rnnttn
1353 1701 1483 1765 ternpore
1510 1698 1628 1750 arrectae
1648 1701 1716 1750 sunt
1730 1711 1813 1751 auras
1829 1713 1916 1752 mem.

160 1805 230 1877 quia
244 1810 364 1875 propter
378 1803 610 1859 bgnevopemigm
626 1804 927 1875 tuamgmplngongm
945 1818 1011 1858 cum
1066 1784 1121 1838 Pro
1141 1798 1247 1854 magno
1263 1783 1350 1838 etiarn
1373 1782 1513 1838 desiderio
1537 1798 1601 1839 meo
1628 1783 1783 1855 aliquando
1812 1784 1917 1841 titteris

159 1894 267 1965 populo
285 1891 383 1960 babes,
400 1892 439 1945 ita
456 1891 534 1962 qnod
555 1891 616 1962 ipse
631 1892 719 1946 verba
733 1897 761 1946 et
785 1907 872 1962 opera
895 1895 944 1945 tna
964 1908 1011 1946 aa·

159 1997 228 2054 pare
241 1986 345 2051 potest.
362 1979 430 2035 ideo
449 1979 592 2050 cumipse
609 1979 740 2034 laborare
759 1996 817 2035 non
838 1980 941 2052 fugias,
958 1996 1012 2035 nec

159 2073 281 2139 propter
301 2082 403 2120 vacans
426 2066 517 2121 ndum
532 2065 693 2138 delinquas,
714 2067 783 2139 quia
798 2083 875 2138 soepc
893 2067 1011 2122 inutiles

162 2157 260 2212 barbae
285 2155 315 2209 in
334 2153 478 2210 otiositate
507 2160 648 2209 crescunt.
665 2157 706 2210 Ta
734 2171 849 2227 qaoque
871 2155 1011 2210 ostensio·

163 2257 227 2297 nem
241 2241 418 2296 firmamenti
433 2240 485 2297 tibi
505 2257 646 2314 propone,
663 2259 699 2297 ne
714 2244 812 2298 lumen
831 2243 1010 2299 rationalita-

161 2331 199 2384 tis
211 2335 268 2385 tue
281 2330 317 2383 ob
333 2330 431 2400 nigras
445 2329 601 2401 nequities,
616 2329 734 2385 fallente
750 2329 877 2397 diabolo,
892 2331 1012 2386 abscon·

161 2419 221 2486 das,
237 2418 319 2491 qnasi
329 2418 377 2473 rix
393 2418 481 2486 viras,
496 2434 528 2473 ac
547 2419 576 2472 in
593 2419 637 2474 bis
652 2418 787 2474 omnibns
802 2419 833 2474 in
859 2419 1012 2491 disciplina

162 2507 236 2564 illias
259 2513 323 2561 tuas
345 2506 525 2578 constringe;
556 2508 625 2578 quia
658 2509 902 2579 quemadmodum
939 2524 1012 2580 puer

160 2597 243 2652 timet
257 2595 334 2667 quod
348 2597 427 2666 virga
448 2596 633 2667 percutiatur,
649 2597 690 2650 its
713 2597 849 2668 magister
861 2597 897 2650 ab
919 2597 1011 2651 omni·

161 2685 215 2739 bus
228 2685 325 2738 timeri
351 2684 447 2738 debet.
469 2682 663 2738 afflictionem
679 2688 774 2738 autem
796 2684 827 2738 in
850 2683 895 2739 bis
918 2701 955 2739 ne
969 2683 1010 2738 ti·

161 2787 249 2841 meas,
263 2772 312 2827 sed
323 2788 388 2827 cum
405 2772 458 2828 bac
473 2773 592 2844 praemis
610 2779 661 2828 tna
684 2773 715 2827 in
730 2779 837 2827 telerna
850 2772 910 2826 rita
924 2786 1009 2841 ange,

161 2861 201 2916 ita
215 2867 248 2917 nt
261 2862 419 2933 spiramina
433 2859 557 2932 Spiritus
569 2863 659 2916 sancti
673 2863 704 2916 ia
718 2865 747 2916 te
762 2860 863 2917 ssuant.

464 2966 632 3024 nulsione
653 2966 718 3023 citt.

162 3089 190 3127 N.
214 3086 374 3128 ABBATISSAE
396 3086 691 3127 VETBRMONASTERU
720 3085 872 3126 HOGUNTIAE
895 3087 931 3127 ΔΙ)
951 3087 1010 3125 titt.-

498 3156 676 3197 DBGARDH.

237 3231 276 3286 Ut
288 3245 342 3302 pro
354 3229 482 3300 peccatis
502 3227 564 3283 suis
583 3232 668 3284 Deam
682 3229 802 3301 placare
814 3229 938 3285 studeat.

200 3336 330 3392 Dominae
354 3351 413 3390 suoe
439 3337 473 3390 li.
499 3335 558 3390 Deo
575 3336 674 3390 dicatae
698 3335 816 3407 virgini,
833 3337 866 3390 N.
884 3335 946 3391 solo
961 3352 1012 3390 no-

163 3425 241 3481 mine
266 3424 407 3479 abbatisse
430 3440 562 3480 sororum
587 3424 617 3479 in
639 3425 922 3480 Veteri-monasterio
952 3423 1009 3479 iio·

162 3513 293 3586 gantiam
307 3512 447 3581 Ecclesiae,
469 3518 532 3582 post
545 3511 687 3568 diutinam
698 3512 901 3583 egritudinem
913 3512 1013 3566 eoeles·

163 3602 199 3658 tis
214 3601 278 3656 vitre
293 3600 512 3656 beatitudinem.

197 3689 225 3746 Si
245 3689 469 3761 aliquantalum,
487 3686 606 3744 domina
624 3703 698 3754 mea,
726 3686 761 3742 de
785 3687 952 3741 infirmitate
967 3704 1012 3741 va

162 3785 221 3835 stra
236 3777 430 3845 convaluistis,
444 3776 554 3848 gaudeo
565 3792 573 3844 ;
586 3777 630 3832 sin
647 3781 754 3842 summ,
770 3791 803 3830 ex
818 3775 915 3830 animo
938 3791 1011 3830 con-

161 3868 254 3924 doleo.
271 3868 312 3922 En
327 3866 420 3921 scribo
435 3865 515 3921 robis
528 3881 599 3920 ausu
625 3864 838 3932 inmitiaritetis,
864 3869 965 3936 patens
979 3871 1013 3920 ut

1065 1872 1246 1926 sanctitatem
1260 1877 1383 1925 vestram
1399 1871 1529 1938 salutari,
1546 1871 1593 1926 sed
1612 1873 1750 1943 rescripta
1764 1873 1844 1929 nulla
1864 1891 1915 1929 re-

1066 1960 1139 2032 cepi.
1164 1960 1244 2030 Rogo
1275 1959 1374 2030 igitur,
1405 1963 1491 2030 atque
1523 1959 1641 2031 pedibus
1671 1961 1770 2015 vestris
1801 1962 1916 2017 eminus

1066 2049 1218 2121 provoluta
1249 2048 1398 2102 bumiliter
1427 2047 1576 2118 deprecor,
1605 2053 1636 2101 nt
1666 2065 1719 2120 per
1740 2056 1914 2120 presentem

1065 2137 1202 2193 nuntium
1217 2137 1319 2192 saltem
1334 2136 1369 2192 da
1388 2136 1500 2191 duabus
1528 2137 1763 2209 inquisitionibus
1780 2139 1851 2194 mibi
1872 2157 1916 2195 re-

1065 2225 1208 2296 spondere
1233 2224 1403 2296 dignemini,
1428 2224 1452 2279 si
1470 2223 1602 2280 videlicet
1615 2225 1650 2280 de
1668 2241 1699 2280 re
1718 2241 1770 2297 pro
1786 2241 1843 2297 qna
1851 2226 1914 2296 jam

1066 2315 1189 2368 maxime
1209 2312 1347 2384 affligitur
1369 2329 1541 2381 cormeum,
1564 2313 1681 2384 aliquod
1703 2314 1861 2386 periculum
1877 2315 1916 2368 ti-

1065 2403 1215 2473 mendum,
1230 2403 1275 2456 rei
1285 2404 1319 2456 de
1336 2401 1385 2456 Dei
1409 2401 1604 2456 misericordia
1618 2401 1851 2473 presumendum
1864 2403 1911 2457 sit.

1066 2490 1143 2547 Scire
1157 2491 1242 2562 cupio
1257 2489 1409 2546 consilium
1426 2495 1550 2544 vestrum
1567 2489 1602 2544 dc
1617 2506 1686 2546 cura
1701 2489 1772 2547 mihi
1791 2490 1913 2558 credita,

1065 2578 1209 2651 quomodo
1227 2579 1269 2632 vel
1284 2577 1399 2648 quando
1414 2578 1540 2649 expediri
1555 2577 1664 2649 possim
1678 2580 1713 2634 de
1728 2581 1787 2634 illa.
1804 2580 1912 2635 lterum

1064 2672 1150 2740 atque
1166 2667 1272 2722 iterum
1288 2666 1456 2721 charitatem
1478 2671 1603 2721 vestram
1623 2666 1790 2738 suppliciter
1809 2667 1913 2740 implo-

1065 2773 1132 2812 rans
1150 2756 1286 2826 siilagito,
1311 2755 1335 2808 si
1357 2769 1414 2826 que
1442 2754 1501 2808 sint
1523 2755 1553 2809 in
1568 2755 1646 2810 robis
1670 2755 1778 2810 viscere
1800 2757 1912 2811 miseri-

1064 2844 1178 2908 cordiae,
1202 2849 1233 2898 ut
1250 2843 1404 2898 maximam
1427 2842 1590 2913 angustiam
1614 2843 1692 2898 cordi
1725 2860 1789 2900 meo
1813 2845 1914 2901 immi-

1029 2938 1180 2994 Gnentem
1198 2931 1312 3002 scriptis
1330 2930 1431 2986 vestris
1446 2932 1573 2986 retrelare
1589 2947 1637 2986 vos
1661 2947 1719 2987 non
1734 2933 1839 3006 pigeat.

1249 3037 1456 3094 nnseottstttt
1483 3038 1725 3094 flttuunattnts.

1067 3127 1134 3183 Non
1144 3125 1317 3199 inquirenda
1328 3141 1389 3197 qua
1404 3126 1482 3181 Deus
1493 3125 1600 3181 nesciri
1611 3126 1681 3194 vall,
1699 3143 1752 3182 aee
1764 3126 1915 3184 dimitten-

1260 3197 1330 3254 dom
1343 3196 1402 3268 ipsi
1414 3196 1584 3269 impositam
1603 3213 1715 3252 carram

1102 3286 1124 3342 Ο
1148 3286 1215 3341 filiae
1233 3285 1311 3348 Ades.
1340 3287 1413 3340 Deus
1430 3285 1608 3341 rationalitas
1632 3286 1682 3340 illa
1704 3291 1747 3342 est
1765 3302 1830 3359 quae
1859 3303 1916 3342 nec

1066 3377 1180 3432 initium
1196 3391 1248 3431 nec
1262 3375 1351 3429 tinem
1374 3373 1469 3440 babet,
1485 3381 1513 3428 et
1529 3390 1581 3446 per
1599 3390 1686 3446 qaam
1712 3375 1800 3430 bomo
1822 3375 1914 3429 ratio-

1065 3464 1139 3518 nalis
1154 3469 1214 3529 est3
1228 3468 1256 3517 et
1269 3463 1370 3518 eadem
1394 3463 1570 3518 rationalitas
1584 3464 1614 3517 in
1638 3464 1702 3534 ipso
1717 3463 1841 3518 animata
1854 3464 1915 3519 rita

1065 3557 1118 3620 cst,
1134 3567 1199 3623 quse
1215 3567 1361 3622 nonquam
1386 3549 1507 3606 deliciet.
1524 3552 1605 3606 Nunc
1619 3556 1715 3606 sutem
1730 3552 1795 3606 vide
1819 3557 1847 3606 ct
1869 3558 1914 3608 at-

1065 3641 1149 3696 tende
1163 3639 1323 3712 Scripturas
1354 3655 1418 3712 qnae
1436 3640 1470 3695 de
1497 3639 1590 3695 radica
1608 3639 1731 3710 Spiritus
1755 3639 1842 3694 sancti
1869 3656 1916 3693 ra-

1066 3727 1166 3783 dicatae
1181 3732 1377 3800 salutatque
1393 3729 1479 3784 eliam
1494 3729 1529 3784 de
1551 3729 1744 3785 rationalitate
1759 3745 1822 3800 que
1839 3729 1915 3783 Deus

1067 3822 1108 3871 est
1132 3817 1246 3888 scriptae
1271 3822 1346 3871 sunt.
1374 3817 1520 3887 Scriptura
1543 3818 1621 3873 enim
1644 3820 1791 3890 speculum
1818 3817 1915 3872 estin

1066 3919 1123 3976 qno
1145 3921 1197 3976 per
1224 3905 1309 3960 fldem
1331 3906 1420 3960 Deam
1446 3905 1611 3977 aspicimus,
1641 3905 1709 3976 qnia
1732 3903 1915 3960 sdversarius

163 3971 256 4011 meam
276 3953 351 4009 circa
365 3971 414 4007 ros
437 3952 617 4007 devotionern
642 3951 811 4020 attendatis,
827 3956 856 4006 et
871 3967 923 4022 pro
947 3967 1012 4022 pec-

162 4043 232 4099 catis
247 4041 320 4096 meis
333 4040 435 4095 taciem
453 4039 569 4095 Domini
591 4040 704 4111 placare
734 4040 881 4094 studeatis.
907 4041 1012 4095 Precor

162 4133 307 4186 enimvos
332 4130 363 4184 in
388 4129 498 4182 vinculo
529 4127 676 4183 charitatis
697 4133 729 4182 nt
751 4144 803 4199 per
825 4128 1010 4198 praeentiam

162 4219 324 4274 litterarum
347 4219 516 4289 portitorem
547 4231 592 4271 me
618 4218 834 4285 commoneatis,
866 4217 943 4287 qnod
966 4233 1010 4270 re-

162 4306 266 4379 scripto
278 4310 384 4373 vestro,
406 4309 492 4378 prout
512 4303 636 4376 Spiritus
655 4309 768 4360 sanctus
783 4305 862 4360 robis
885 4305 1012 4360 donare·

163 4395 209 4462 rit,
227 4410 273 4450 me
288 4394 448 4450 laetificetis.

1066 3997 1164 4046 noster
1185 3991 1284 4062 vigilat
1305 3996 1334 4046 et
1348 4007 1405 4047 non
1426 3991 1542 4048 dormit.
1564 3993 1630 4048 ldeo
1647 4007 1713 4047 cum
1738 3992 1788 4047 illa
1812 3991 1915 4046 adrer-

1066 4095 1113 4134 sus
1126 4095 1193 4134 eum
1207 4094 1336 4150 pugnare
1349 4079 1496 4147 debemus,
1513 4085 1541 4134 at
1556 4079 1645 4134 Deam
1661 4083 1772 4134 tentare
1792 4092 1851 4132 nnn
1866 4077 1916 4132 da-

1065 4167 1176 4235 bemas,
1204 4168 1253 4222 sed
1274 4169 1377 4222 devote
1398 4167 1528 4222 adorare.
1554 4167 1690 4223 Diabolus
1709 4167 1786 4221 enim
1810 4165 1915 4238 [borni-

1031 4255 1141 4326 Dneml
1165 4255 1333 4310 mutabilem
1352 4259 1380 4310 et
1401 4255 1580 4310 diversorum
1603 4270 1719 4310 morum
1735 4254 1864 4309 assumit
1882 4259 1914 4310 at

1063 4344 1150 4412 ridet,
1168 4349 1197 4399 st
1209 4343 1247 4399 ob
1266 4344 1320 4399 hoc
1332 4343 1362 4398 in
1378 4344 1483 4416 quietis
1506 4344 1635 4400 moribus
1657 4343 1733 4416 pacis
1755 4358 1820 4398 enm
1834 4342 1915 4414 qnie-

1065 4449 1143 4488 scere
1160 4448 1217 4488 non
1234 4431 1382 4504 permittit.
1397 4431 1477 4503 Saepe
1491 4432 1598 4488 etenim
1615 4433 1702 4487 borno
1715 4430 1798 4502 qnasi
1813 4431 1841 4485 in
1856 4430 1914 4486 im-

349 4499 554 4556 flESPONffl
578 4500 823 4558 fflfflffifflffls·
1065 4528 1165 4593 petuo
1192 4520 1249 4575 [leo
1270 4519 1417 4575 scirerult
1435 4520 1512 4592 qood
1527 4521 1598 4575 scire
1625 4535 1683 4575 non
1708 4519 1783 4587 ticet,
1808 4525 1837 4573 et
1860 4535 1914 4590 per

166 4609 205 4663 nt
217 4607 331 4680 pendas
340 4622 424 4662 saum
432 4603 613 4661 devotissime
619 4609 725 4676 portet,
736 4607 805 4663 etin
817 4606 1012 4665 Dcisernitule
1065 4611 1120 4666 boc
1133 4609 1299 4666 servitutem
1315 4609 1364 4664 Dei
1379 4608 1519 4664 dimittit:
1542 4607 1619 4664 unde
1641 4607 1773 4664 diabotus
1788 4607 1913 4662 multum

498 4680 667 4747 mmm·
1064 4697 1180 4770 gaudet,
1197 4703 1225 4753 et
1248 4697 1411 4770 inutraque
1426 4702 1586 4769 pertesum
1606 4696 1729 4752 deficere
1744 4695 1829 4750 videt.
1855 4696 1914 4750 Ta-

199 4786 334 4841 Voluntas
348 4783 396 4838 bai
411 4782 492 4854 qnasi
517 4783 548 4837 in
569 4783 653 4854 signo
678 4785 779 4839 mortis
795 4801 841 4841 me
860 4789 1010 4853 straverat,
1065 4787 1176 4842 lisrero
1196 4785 1347 4840 sciscitatio
1373 4786 1461 4841 stulte
1485 4789 1539 4854 est,
1554 4785 1627 4841 siout
1646 4785 1695 4840 illa
1717 4800 1783 4856 quta
1805 4785 1914 4839 atstso

162 4875 240 4930 velut
250 4874 348 4929 anima
361 4888 427 4928 mea
439 4872 537 4927 dehoc
547 4874 652 4927 seculo
662 4875 838 4944 suspiraret;
854 4874 903 4930 sed
917 4875 1012 4944 gratia
1065 4873 1205 4946 propbeta
1217 4873 1367 4945 quaritur.
1384 4875 1416 4928 ln
1430 4873 1566 4929 omnibus
1581 4873 1627 4928 bis
1638 4875 1713 4930 Dens
1724 4887 1783 4928 non
1797 4872 1912 4940 tentari,

164 4964 213 5019 ilai
227 4962 439 5034 aliquantulum
454 4977 501 5016 me
516 4960 634 5016 innovo
648 4961 725 5016 dono
739 4977 817 5017 nnnc
841 4963 938 5017 erexit.
956 4962 1011 5018 Sed
1064 4964 1113 5020 sad
1129 4962 1243 5019 adorari
1258 4962 1352 5018 debet.
1380 4963 1514 5019 Diabolus
1543 4978 1668 5036 namquo
1699 4979 1734 5018 ex
1757 4961 1913 5018 saevissima

161 5049 283 5120 mystica
298 5046 349 5102 [lei
361 5047 471 5114 dicunt,
486 5053 519 5104 nt
532 5046 564 5101 in
576 5062 643 5102 vera
657 5047 766 5103 risione
780 5049 862 5105 video
877 5065 884 5104 :
905 5049 960 5115 oni
979 5050 1011 5104 in
1064 5052 1193 5125 nequitia
1206 5067 1257 5106 sna
1272 5051 1369 5123 jacula
1383 5053 1412 5107 in
1426 5068 1476 5108 cor
1490 5051 1617 5108 bominis
1630 5067 1706 5123 sepe
1732 5049 1829 5118 mittit,
1853 5050 1914 5123 qui·

162 5139 279 5192 nomine
293 5153 359 5191 meo
371 5136 423 5191 ulli
433 5136 542 5192 dolenti
556 5138 706 5204 succurrit,
724 5138 767 5193 illi
783 5139 814 5193 in
830 5145 913 5209 parte
935 5155 1009 5206 rnen,
1064 5141 1117 5196 bos
1136 5140 1223 5196 bomo
1234 5140 1324 5195 Deum
1339 5139 1505 5196 contundat.
1525 5141 1627 5197 beatus
1645 5143 1741 5195 antem
1768 5139 1856 5194 bomo
1877 5155 1914 5194 ea

161 5223 239 5294 qood
254 5221 407 5295 premium
425 5222 584 5288 teudisast,
609 5230 800 5279 succurretur.
818 5224 895 5280 ilem
913 5230 1010 5281 autem
1065 5245 1117 5284 nec
1142 5228 1326 5295 laceraverit,
1351 5245 1404 5285 nse
1427 5229 1469 5285 cis
1497 5229 1647 5297 consentit,
1677 5228 1726 5284 sed
1757 5228 1829 5283 siant
1845 5243 1912 5283 curn

162 5318 212 5367 tus
223 5311 326 5382 flagrat
338 5311 421 5383 quasi
439 5311 533 5382 ignito
553 5311 618 5366 oleo
633 5327 749 5382 mperes
764 5313 811 5378 sit,
833 5314 912 5369 unde
926 5313 1012 5371 inter
1064 5317 1196 5389 passione
1211 5317 1310 5372 mortis
1335 5318 1365 5372 in
1388 5317 1430 5372 sis
1443 5315 1522 5374 vivit.
1539 5319 1629 5374 llomo
1648 5321 1744 5373 antam
1771 5331 1836 5372 curn
1859 5317 1913 5372 ori·

161 5402 232 5457 dum
247 5399 372 5456 dolendo
387 5399 527 5470 fatigaris,
538 5400 737 5455 velutnescias
752 5401 822 5472 quid
837 5402 931 5458 iacere
942 5418 1010 5475 pos·
1064 5403 1152 5475 ginali
1172 5409 1289 5476 peccato
1313 5405 1484 5461 naturaliter
1503 5411 1622 5478 peccat:
1639 5421 1705 5462 cnm
1727 5405 1829 5461 deinde
1851 5421 1912 5476 pre-

162 5489 211 5544 sis.
228 5489 310 5544 Nunc
323 5488 386 5544 vive
399 5487 429 5543 in
446 5488 512 5554 nso,
534 5491 563 5544 et
586 5489 700 5558 pondus
724 5494 807 5545 tuum
828 5489 1010 5547 devotissime
1065 5493 1147 5560 nitet,
1169 5499 1198 5550 et
1225 5508 1289 5548 cum
1319 5493 1389 5550 illud
1412 5499 1531 5568 propter
1550 5495 1691 5552 bonorem
1715 5493 1765 5550 Dei
1780 5494 1910 5566 dimittit,
