3984 6034
788 155 933 214 sclvlas.
950 185 983 196 —-
999 155 1062 210 clo.
1081 155 1105 224 1,
1123 153 1215 211 Vlslo
1234 153 1279 209 Vl.

817 405 969 480 VISIO
1008 405 1189 480 SEXTA.

123 559 306 615 Sutunurca.
321 587 359 602 -
377 559 458 626 Quod
482 562 558 616 oeus
573 562 738 614 creaturum
760 574 845 613 neom
865 557 1039 613 mirabiliter
1056 555 1183 614 condidit
1203 560 1230 614 et
1242 555 1393 626 disposuit.
1417 560 1453 612 tte
1467 555 1567 612 babitu
1589 558 1757 630 nnpetorum
1772 561 1800 612 ei
1818 558 1881 628 ejus

159 630 382 703 sionificnlions.
397 636 438 686 De
451 629 551 685 babitu
563 630 802 702 orcbnnpelorum
822 635 851 684 et
871 631 934 699 ejice
952 627 1173 708 significatione.
1196 631 1233 683 De
1255 628 1355 684 babitu
1378 628 1512 708 uirtutum
1532 631 1559 682 et
1578 628 1641 697 ejus
1656 627 1878 700 &efficatione
1908 651 1912 660 -

159 705 203 758 be
217 701 318 756 babitu
332 705 506 772 potestatum
531 705 560 755 et
580 703 643 769 ejus
661 699 881 772 significatione.
904 703 947 756 De
960 699 1061 754 babitu
1073 697 1293 778 principatuum¹
1305 701 1333 752 et
1347 699 1410 768 sp'us
1426 698 1645 770 monrficotione.
1663 701 1705 754 De
1716 699 1814 754 bobilo
1828 701 1878 754 do·

157 771 352 827 minutiorum
365 775 394 826 et
408 774 471 840 einr
494 770 717 851 siqniſscotione.
742 773 781 825 tie
802 769 900 825 babitu
919 771 1085 826 thronorum
1099 773 1127 824 et
1141 787 1204 838 eicos
1217 769 1436 841 modificatione.
1452 771 1493 823 De
1503 769 1602 824 babitu
1616 769 1761 824 cherubim
1775 773 1803 824 el
1815 772 1878 838 cius

157 842 382 969 wadone.
394 842 559 972 gamm
574 840 1086 968 ὖεναρριἰηὸιθοίὦίωρι’ΞηὸὶῙὶοαίίοηῖ.
1112 841 1190 966 Οιὲοά
1199 841 1251 968 litu
1262 857 1360 968 parebis
1371 846 1454 966 m
1466 839 1648 896 mirabilibus
1659 840 1773 896 vomeris
1785 840 1877 896 miro·

161 928 182 969 r·
315 929 395 969 orer
495 929 557 986 qun
600 929 693 968 uum
744 928 763 968 a
814 927 892 966 onam
931 927 1119 983 mopernur.
1162 927 1266 966 sums
1356 927 1370 966 e
1465 927 1506 966 re.

161 1160 273 1217 Βθῑῦἆθ
299 1160 357 1216 lidi
384 1159 416 1214 5¹¹
445 1158 597 1215 alfiiutlim
623 1158 780 1214 ⁰oe¹⁰³fi⁰¹¹¹
803 1161 979 1212 mmmm
997 1165 1098 1228 tsuit.
1115 1173 1287 1238 Quomodo?
1303 1175 1373 1229 Nam
1386 1173 1525 1246 quosdam
1540 1175 1580 1229 ita
1601 1173 1757 1242 constituit,
1779 1179 1812 1230 ut
1824 1191 1879 1231 ne-

123 1253 197 1306 duas
223 1251 300 1304 &ciet
334 1263 527 1320 tsspttttttfflffl
556 1247 711 1320 Spitstttttffl
733 1247 826 1302 mulli
847 1246 975 1304 emittit
1030 1259 1210 1316 cessitatibus
1237 1261 1389 1316 bominum
1413 1262 1594 1331 subveniant,
1632 1263 1772 1334 quosdam
1801 1279 1877 1332 sero,

120 1338 277 1410 f¹¹¹8⁰¹1²0⁸s
294 1343 324 1393 ⁰3
336 1338 388 1409 (1¹¹i
411 1337 441 1392 5¹¹
467 1338 562 1408 prima
584 1337 645 1392 ⁸⁰1⁰
667 1342 751 1392 mut
772 1338 975 1408 velutpannas
1030 1353 1063 1404 ut
1081 1349 1191 1420 judicia
1215 1355 1388 1404 secretorum
1421 1366 1539 1406 suorum
1564 1367 1616 1422 per
1641 1367 1690 1406 eos
1713 1352 1879 1408 hominibus

122 1429 154 1482 5¹¹
168 1428 335 1499 ltffiffl'sstut
353 1427 412 1482 ⁸⁰5⁸
435 1425 580 1481 habebant
601 1431 631 1480 θῑ
655 1425 742 1481 Ῑῦθῐθθ
766 1431 798 1480 ¹¹²
812 1425 900 1480 faciet
922 1425 972 1479 ¹¹0·
1030 1436 1259 1492 manifestentur.
1293 1423 1487 1510 Quapropter¹
1507 1439 1571 1494 ride
1595 1439 1624 1493 in
1647 1439 1797 1495 altitudine
1823 1457 1878 1497 cse-

121 1517 314 1588 ¹¹¹5¹1¹¹¹¹¹Ptt¹t
329 1531 358 1569 ’θ
381 1514 521 1581 smmi·
537 1515 568 1569 5¹¹
591 1515 697 1586 ‘itibus
719 1517 749 1570 θ*
767 1514 862 1569 'alim
880 1513 975 1569 hwi-
1028 1523 1143 1580 testium
1179 1532 1353 1581 secretorum
1390 1527 1462 1582 duas
1480 1527 1555 1583 acies
1579 1543 1770 1600 supernorum
1794 1530 1877 1600 spiri-

119 1620 194 1660 unm
208 1605 292 1678 (tutti
305 1604 336 1659 in
350 1617 423 1676 pura
442 1618 518 1675 aqua
541 1603 729 1674 apparebant,
748 1606 777 1658 ei
797 1603 847 1674 (tut
870 1603 902 1657 iu
930 1603 975 1656 ³¹-
1029 1612 1111 1664 tuum
1131 1609 1222 1665 multa
1243 1610 1372 1666 claritate
1394 1611 1547 1682 fsilgeutes,
1573 1612 1641 1684 quia
1663 1617 1696 1667 ut
1717 1613 1770 1668 tibi
1792 1629 1878 1669 mon·

119 1697 184 1750 tera
210 1693 270 1749 acie
293 1693 412 1748 luerunt
433 1692 518 1747 etiam
549 1692 581 1747 in
610 1692 775 1763 pectoribus
809 1692 869 1747 suis
891 1690 975 1763 quasi
1029 1701 1135 1752 stratur
1154 1697 1185 1752 in
1207 1697 1361 1754 altitudine
1391 1699 1508 1754 illorum
1532 1700 1708 1756 occultorum
1732 1717 1797 1772 ques
1816 1717 1879 1757 car-

120 1797 234 1852 penone
256 1781 420 1836 habuerunt
446 1784 474 1834 et
501 1779 586 1833 faciet
609 1786 642 1834 ut
659 1780 744 1834 facies
768 1780 919 1835 hominum
942 1779 974 1833 in
1029 1786 1877 1860 nalisohtutnsnonpenetrat,sedqurevisasinteriorisho·

120 1885 152 1924 se
168 1871 369 1937 ostenderunt,
385 1867 416 1923 in
439 1869 545 1939 quibus
567 1867 654 1923 etiam
678 1868 775 1940 imago
797 1867 859 1923 Filii
880 1867 974 1923 homi·
1029 1874 1115 1930 minis
1129 1876 1263 1944 attendit,
1274 1875 1335 1930 brec
1349 1875 1530 1948 duosgmina
1541 1892 1643 1948 corpus
1653 1878 1816 1934 etanimam
1827 1880 1878 1934 ho·

120 1959 168 2014 uis
195 1959 279 2030 quasi
301 1957 333 2013 in
363 1959 478 2027 speculo
503 1955 641 2029 fulgebat.
670 1957 724 2012 Sed
758 1972 853 2028 nsque
875 1956 907 2010 in
929 1957 974 2010 his
1029 1964 1126 2033 minis,
1140 1964 1336 2020 ileofamulari
1345 1965 1449 2020 debere
1459 1965 1612 2037 designaut
1623 1965 1674 2022 ubi
1682 1966 1744 2038 ipsa
1754 1982 1818 2022 eum
1833 1984 1879 2022 su-

121 2062 177 2102 nec
193 2047 224 2101 in
239 2045 295 2100 iilis
309 2046 395 2100 atium
414 2045 537 2101 formum
553 2044 715 2099 disttrssote
738 2045 828 2115 witti·
858 2045 907 2099 He
920 2059 973 2099 ⁸¹1·
1029 2053 1127 2124 pernis
1140 2051 1418 2108 civibusclaritatem
1434 2054 1744 2109 aeterumbeatitudiuis
1758 2055 1877 2111 habent.

121 2143 182 2192 tem
208 2137 284 2191 acies
306 2135 377 2190 alias
399 2134 528 2207 quinque
553 2134 627 2188 acies
664 2136 822 2189 secundom
854 2135 973 2189 modum
1063 2130 1098 2195 Et
1112 2141 1163 2211 qui
1176 2141 1206 2195 in
1222 2141 1317 2212 prima
1343 2141 1401 2196 acie
1426 2147 1493 2196 sunt
1515 2143 1595 2197 velut
1613 2157 1722 2214 pennas
1737 2142 1766 2196 in
1781 2148 1877 2213 pecto·

120 2240 237 2280 coronae
251 2224 518 2279 circumcinxerant.
544 2222 577 2276 iit
602 2222 652 2292 qui
676 2223 707 2276 in
726 2223 831 2277 barum
845 2221 974 2293 quinque
1029 2229 1107 2285 ribus
1135 2230 1193 2283 suis
1216 2230 1332 2298 habent,
1355 2234 1384 2284 et
1406 2229 1493 2285 facies
1514 2234 1547 2285 ul
1569 2231 1656 2286 facies
1680 2230 1830 2286 bominum
1847 2233 1878 2286 in

119 2314 217 2385 prima
245 2313 305 2370 acie
327 2311 455 2378 fuerunt,
490 2310 573 2381 quasi
595 2310 682 2364 iacies
707 2309 859 2365 homiuum
882 2309 974 2364 habe·
1028 2318 1312 2388 supercrescentia
1328 2317 1432 2388 quibus
1454 2319 1590 2374 etvultus
1623 2319 1772 2374 hominum
1796 2319 1878 2391 quasi

119 2401 192 2456 bant
210 2401 248 2455 ab
274 2401 396 2456 humero
411 2405 441 2455 et
462 2399 598 2455 deorsum
621 2413 727 2471 magno
748 2397 902 2468 splendore
920 2397 974 2452 iul·
1028 2405 1060 2460 in
1073 2421 1145 2477 pura
1173 2421 1248 2484 aqua
1269 2410 1433 2478 apparent3
1464 2407 1512 2461 isti
1536 2405 1631 2478 augeli
1655 2411 1722 2468 sunt
1735 2408 1877 2463 desideria

120 2497 233 2561 gentes.
258 2492 313 2556 Qui
335 2491 366 2546 in
390 2492 516 2546 mounda
546 2494 638 2557 erant,
663 2495 750 2544 mutae
772 2490 908 2545 claritatis
929 2505 975 2544 ex·
1028 2494 1232 2566 profunditatis
1265 2494 1427 2550 intellectus
1456 2495 1500 2549 sui
1525 2495 1606 2566 quasi
1634 2511 1744 2567 pennas
1769 2512 1878 2566 expan-
1963 2495 1973 2508 ‘

119 2579 268 2646 stiterunt,
284 2579 363 2651 quod
378 2594 427 2634 cos
440 2579 548 2634 intueri
560 2595 620 2634 nou
641 2583 783 2650 poteram.
802 2579 856 2642 oui
871 2577 901 2632 in
915 2583 973 2632 ter·
1027 2583 1146 2650 dentes;
1162 2598 1222 2637 nou
1239 2583 1316 2654 quod
1330 2597 1441 2655 pennas
1455 2589 1487 2636 ut
1499 2598 1567 2639 aves
1583 2583 1719 2652 habeant,
1736 2585 1785 2640 sed
1801 2586 1876 2656 quod

120 2668 162 2723 tia
182 2673 216 2722 ut
239 2668 339 2724 album
368 2683 495 2723 marmor
530 2671 736 2739 apparuerunt,
768 2671 796 2721 et
824 2666 919 2737 capita
942 2670 973 2721 ut
1028 2671 1206 2726 voluntatem
1233 2671 1282 2728 Dei
1306 2670 1336 2725 in
1363 2671 1513 2726 desideriis
1543 2671 1602 2725 suis
1630 2672 1765 2728 volociter
1787 2673 1876 2743 perti·

119 2757 217 2827 capita
238 2757 392 2812 homiuum
422 2756 599 2823 babuerunt;
628 2771 716 2828 super
743 2771 809 2827 qun
840 2756 974 2810 ardentes
1027 2758 1114 2826 ciant,
1143 2760 1222 2814 vetut
1249 2760 1335 2814 bomo
1355 2760 1385 2814 in
1410 2760 1633 2830 cogitationibus
1662 2761 1721 2815 suis
1746 2761 1878 2815 celeriter

119 2845 225 2901 faculae
247 2845 315 2900 abae
337 2850 415 2911 sunt,
430 2850 459 2900 et
483 2846 519 2901 ab
536 2845 658 2901 humero
680 2851 709 2899 et
737 2844 872 2899 deorsum
897 2845 975 2898 velut
1027 2849 1124 2903 volat:
1150 2849 1191 2904 ita
1214 2849 1291 2920 quod
1306 2852 1335 2903 et
1353 2864 1406 2918 per
1428 2849 1514 2904 facies
1541 2865 1606 2902 suas
1631 2848 1875 2919 pulchritudinem

120 2933 216 2988 terrea
231 2932 703 2997 nubeeireumuautueruut.oni
725 2933 755 2987 in
770 2930 973 3003 quartarium
1027 2936 1229 2992 rauenaliuus
1260 2937 1289 2991 in
1320 2953 1349 2991 sa
1375 2937 1569 3004 manifestant,
1595 2937 1644 2991 ubi
1681 2937 1767 2992 etiam
1801 2938 1876 2992 oeus

121 3022 256 3077 utfacies
271 3023 423 3078 bominum
438 3027 467 3078 et
484 3023 573 3094 pedes
589 3023 721 3094 utpedes
745 3019 896 3077 homiuum
921 3019 972 3075 ha·
1026 3040 1114 3094 opera
1144 3025 1297 3080 hominum
1334 3026 1484 3098 perspicue
1513 3029 1718 3096 perscrutatur,
1746 3025 1815 3098 quia
1844 3031 1876 3080 ut

118 3112 232 3180 bontas,
248 3111 278 3166 in
303 3111 446 3183 capitibus
470 3110 529 3165 sois
558 3113 654 3180 galeas
668 3110 829 3182 gestabant,
850 3125 973 3163 marmo·
1025 3129 1124 3168 servus
1152 3113 1237 3168 rerba
1262 3114 1372 3168 domini
1406 3115 1451 3168 sui
1481 3113 1610 3181 audiens,
1649 3129 1683 3168 ea
1716 3113 1874 3169 secuudum

119 3201 179 3255 reis
201 3199 308 3254 tunicis
330 3199 434 3255 induti.
456 3199 511 3265 Qui
535 3199 660 3271 deniquo
683 3200 715 3253 iu
737 3199 840 3270 quinta
866 3203 969 3252 erant:
1024 3202 1202 3257 voluntatem
1234 3202 1311 3256 itlius
1341 3201 1470 3273 perficit3
1496 3201 1534 3256 ita
1557 3207 1586 3257 et
1616 3202 1671 3272 ipsi
1697 3202 1874 3257 voluntatem

119 3289 233 3343 nullam
252 3289 375 3343 formam
393 3287 545 3344 bominum
570 3287 600 3342 in
627 3303 658 3342 se
681 3284 873 3352 ostendentes,
893 3285 971 3340 velut
1025 3288 1077 3344 Ilei
1097 3290 1128 3344 in
1148 3289 1315 3344 homiuibus
1337 3292 1490 3345 attendunt
1508 3294 1536 3344 ct
1562 3295 1641 3344 aetus
1664 3305 1766 3344 eorum
1786 3289 1828 3344 illi
1844 3291 1875 3345 in

118 3393 227 3432 aurora
250 3377 404 3433 rubebant.
432 3376 546 3432 Nullam
568 3380 664 3431 autem
687 3375 774 3430 aliem
797 3374 921 3429 formam
940 3373 970 3428 iu
1024 3377 1178 3449 semetipso
1194 3378 1360 3433 ostendunt.
1385 3378 1463 3433 Unde
1488 3383 1517 3433 et
1538 3379 1588 3451 qui
1612 3379 1642 3433 in
1663 3379 1723 3433 acie
1738 3378 1793 3433 alia
1807 3385 1875 3434 sunt

119 3467 162 3520 eis
176 3465 400 3538 conspiciebam.
418 3465 473 3521 Sed
487 3470 518 3520 et
531 3465 605 3520 acies
619 3464 683 3519 istro
697 3464 768 3518 alias
790 3464 862 3518 duas
883 3462 970 3517 etiem
1024 3467 1155 3521 adamis
1175 3466 1339 3536 pectoribus
1355 3466 1414 3520 suis
1430 3467 1512 3537 quasi
1531 3483 1641 3538 pennas
1655 3466 1770 3534 babent,
1788 3473 1817 3521 et
1832 3467 1871 3522 ta-

118 3554 151 3608 in
181 3554 301 3608 modum
324 3568 440 3608 coronas
465 3551 723 3607 circumdederant.
741 3551 798 3616 Qui
819 3556 916 3606 autem
940 3551 970 3604 iu
1025 3554 1082 3609 cies
1101 3560 1133 3608 nt
1153 3553 1238 3608 facies
1252 3554 1403 3609 bominum
1420 3553 1450 3608 in
1475 3571 1504 3608 se
1528 3557 1691 3622 ostendunt,
1716 3555 1745 3608 iu
1769 3555 1875 3625 quibus

117 3643 217 3713 prima
237 3629 297 3696 acie
329 3642 445 3697 illarum
472 3645 565 3709 erant,
589 3641 679 3696 oculis
708 3645 737 3695 et
761 3641 864 3711 pennis
891 3637 971 3709 pleni
1025 3643 1112 3698 etiam
1136 3642 1234 3714 imago
1257 3643 1320 3696 Filii
1343 3643 1472 3697 bominis
1491 3643 1570 3696 velut
1584 3643 1614 3696 in
1629 3643 1745 3712 speculo
1760 3643 1873 3714 fulget:

117 3730 299 3799 ridebantur,
321 3735 352 3785 et
365 3729 396 3784 in
419 3745 596 3802 unoquoque
615 3729 698 3784 oculo
721 3729 871 3800 speculum
893 3732 922 3781 et
939 3728 969 3782 in
988 3737 1009 3792 c
1025 3731 1189 3801 archangeli
1211 3736 1279 3785 sunt
1301 3730 1387 3785 eliam
1413 3731 1442 3784 iu
1466 3729 1615 3786 desideriis
1646 3729 1806 3784 intellectus
1830 3730 1873 3784 sui
1897 3779 1901 3786 .

119 3819 186 3889 ipso
219 3819 335 3888 speculo
369 3817 456 3873 facies
486 3817 611 3873 hominis
641 3816 784 3888 apparuit,
810 3821 838 3870 et
860 3831 971 3886 pennas
1022 3819 1200 3873 voluntatem
1235 3817 1285 3871 Dei
1320 3817 1549 3886 contemplantes
1571 3821 1598 3871 et
1627 3816 1759 3872 decorem
1784 3817 1873 3871 retio-

117 3921 186 3959 suas
211 3905 246 3960 ad
269 3919 425 3976 supernam
455 3905 638 3960 altitudinem
658 3906 812 3960 elevarant.
829 3905 862 3958 Et
875 3903 925 3974 qui
940 3903 970 3956 in
1024 3905 1151 3962 ualitatis
1179 3905 1210 3960 in
1236 3921 1266 3960 se
1293 3905 1509 3960 manifestantes
1542 3905 1724 3959 incarnatum
1746 3905 1872 3960 Verbum

118 3994 247 4048 mcunda
261 3993 389 4061 fuerunt,
403 3994 486 4066 qnasi
506 3994 582 4066 ignis
600 3993 750 4061 ardebant,
773 3992 970 4064 plurimasque
1025 3995 1075 4050 Dei
1098 3993 1252 4066 purissime
1286 3993 1481 4064 magnificant,
1513 3993 1581 4065 quia
1602 3992 1666 4065 ipsi,
1694 4009 1799 4048 arcana
1822 3993 1874 4048 [tei

116 4097 230 4153 pennas
244 4081 384 4137 habentes
403 4082 435 4136 in
455 4082 560 4154 quibus
582 4081 666 4154 quasi
688 4081 720 4135 iu
739 4081 854 4153 speculo
869 4095 970 4134 omnes
1023 4087 1235 4154 cognoscentes,
1260 4083 1396 4152 mysteria
1425 4081 1630 4135 iucarnationis
1663 4081 1727 4136 filii
1761 4081 1811 4136 Dei
1832 4079 1873 4134 si-

117 4170 237 4224 ordines
272 4169 470 4225 ecclesiasticae
506 4169 697 4224 institutionis
735 4169 889 4241 insignitos
918 4170 970 4223 de·
1023 4171 1087 4242 guis
1111 4170 1169 4224 suis
1203 4169 1368 4240 frequenter
1399 4168 1655 4239 proeinsinuabaul.
1687 4169 1742 4225 Sed
1768 4184 1820 4224 uec
1842 4169 1874 4223 in

117 4258 328 4313 monstrabant.
348 4257 402 4312 Sed
418 4258 505 4313 aliam
524 4258 646 4313 formam
671 4273 724 4312 uec
741 4259 772 4313 in
795 4258 840 4313 his
863 4272 916 4312 nec
939 4256 970 4311 in
1022 4259 1068 4314 bis
1094 4273 1145 4313 uec
1174 4259 1204 4312 in
1228 4256 1284 4312 illis
1312 4257 1399 4312 aliam
1432 4256 1555 4312 formam
1589 4257 1750 4312 discernere
1781 4262 1872 4329 potes,

116 4346 177 4402 iltis
191 4346 258 4402 vidi.
273 4347 308 4401 Et
321 4347 383 4401 haec
406 4346 480 4402 acies
494 4363 595 4402 omnes
613 4347 644 4401 in
659 4347 739 4401 omni
757 4361 862 4417 genere
878 4345 970 4400 musi·
1023 4347 1161 4420 qnoniam
1182 4352 1210 4401 at
1229 4347 1259 4399 in
1282 4347 1391 4417 angelis
1417 4351 1446 4400 et
1469 4345 1500 4400 in
1522 4345 1702 4417 archangelis
1723 4344 1814 4400 mults
1828 4361 1871 4400 se-

116 4436 224 4493 calium
250 4450 427 4506 organorum
456 4434 584 4490 mirificis
614 4435 730 4490 vocibus
756 4434 899 4490 mirabilia
920 4435 970 4489 itta
1021 4441 1098 4491 creta
1120 4435 1323 4507 mysteriorum
1359 4439 1427 4489 sunl
1452 4449 1518 4505 qum
1542 4435 1686 4490 humanus
1711 4434 1873 4488 intellectus

116 4523 300 4592 resonabant,
324 4539 390 4595 qum
415 4525 491 4580 Deus
513 4525 544 4578 in
571 4524 663 4579 beatis
690 4524 840 4579 animabus
863 4539 969 4593 opera·
1023 4525 1138 4581 mortali
1160 4539 1280 4595 corpore
1305 4526 1447 4595 gravatus,
1475 4538 1577 4593 capere
1598 4538 1656 4578 non
1682 4524 1765 4577 valet.
1790 4521 1869 4587 Quod

116 4618 175 4681 tor,
190 4628 244 4685 par
258 4628 323 4685 qnoe
349 4614 439 4668 Deum
463 4612 617 4685 magnifice
635 4611 843 4684 glorificabant.
866 4613 968 4667 titan·
1022 4619 1119 4670 autem
1143 4613 1188 4667 bre
1210 4613 1284 4667 acies
1308 4612 1377 4666 alias
1392 4612 1521 4684 quinque
1542 4612 1618 4666 aries
1635 4610 1793 4666 secundum
1809 4625 1872 4664 mo-

115 4702 176 4758 divi
197 4701 233 4757 de
255 4702 329 4757 coelo
349 4717 448 4757 vocem
487 4701 557 4756 mibi
586 4701 749 4756 dicentem:
780 4701 969 4771 Omnipotens
1022 4702 1092 4758 dum
1106 4715 1221 4754 coronas
1234 4698 1355 4770 cingunt
1371 4715 1377 4752 ε
1393 4698 1446 4754 hoc
1463 4704 1505 4754 est
1519 4700 1595 4770 quod
1609 4715 1713 4770 corpses
1729 4704 1757 4752 et
1775 4697 1873 4752 anima

117 4795 147 4845 et
160 4788 317 4845 ineffabilis
334 4791 408 4844 Deus
422 4789 472 4861 qui
487 4793 552 4844 ante
572 4790 676 4844 sucula
698 4788 762 4857 fuit,
779 4804 833 4844 uec
852 4790 968 4844 initium
1022 4787 1147 4844 bominis
1171 4788 1300 4859 quinque
1333 4802 1435 4842 sensus
1470 4787 1595 4842 hominis
1624 4787 1731 4842 virtute
1756 4785 1871 4842 tortitu-

117 4877 223 4935 habuit
249 4893 302 4933 nee
342 4884 408 4949 post
436 4877 525 4933 finem
557 4879 728 4933 saeculorum
768 4894 830 4933 esse
859 4878 969 4933 desinet
1023 4875 1098 4931 dinis
1127 4891 1185 4932 som
1209 4875 1496 4946 comprehendentes,
1522 4891 1573 4946 per
1599 4874 1728 4946 quinquo
1752 4874 1873 4929 vulnera

116 4982 235 5022 omnem
270 4972 433 5022 creaturam
466 4965 593 5022 mirabili
624 4967 710 5021 modo
743 4981 797 5020 sus
822 4966 968 5020 voluntate
1023 4963 1087 5021 Filii
1116 4965 1172 5019 mei
1201 4965 1380 5031 emundatos,
1412 4964 1446 5019 ad
1469 4963 1670 5018 rectitudinem
1698 4961 1871 5018 interiorum

115 5054 258 5125 condidit,
290 5069 414 5126 eamque
455 5054 580 5110 mirabili
616 5055 703 5110 modo
734 5071 787 5109 sua
822 5054 968 5111 voluntate
986 5035 1009 5091 ⁰
1024 5053 1224 5109 mandatorum
1252 5053 1376 5124 dirigere
1402 5051 1515 5107 debent.
1545 5051 1626 5107 Unde
1646 5049 1696 5122 qui
1723 5050 1755 5104 in
1778 5049 1872 5122 prima

116 5143 270 5215 disposuit.
303 5141 475 5206 Quomodo?
501 5141 645 5207 Quasdam
675 5147 819 5196 creaturas
848 5143 969 5197 terrenis
1024 5143 1083 5198 acie
1097 5143 1200 5198 harum
1216 5149 1292 5210 sunl,
1314 5142 1396 5213 quasi
1419 5141 1505 5197 iacies
1528 5139 1680 5196 homiuum
1703 5139 1819 5204 habeut,
1835 5138 1871 5194 ab

115 5235 239 5299 haerere,
256 5231 395 5302 quasdam
417 5247 486 5286 sero
500 5230 532 5285 in
546 5230 710 5286 coelestibus
725 5245 787 5285 esse
812 5229 967 5302 deputavit.
1023 5231 1145 5286 humero
1170 5236 1198 5286 et
1232 5231 1367 5286 deorsum
1400 5243 1504 5300 magno
1536 5228 1688 5298 splendore
1709 5227 1869 5299 fulgentes;

115 5321 182 5391 lpse
206 5333 321 5390 quoque
349 5318 448 5373 beatos
473 5319 618 5390 angelicos
633 5318 750 5390 spiritus
764 5323 822 5375 mm
843 5321 879 5375 ad
895 5321 981 5374 salu·v
1024 5335 1089 5391 quai
1112 5320 1230 5375 virtutes
1256 5323 1323 5374 sunt
1350 5318 1380 5372 in
1399 5318 1485 5372 corda
1513 5316 1691 5372 credentium
1713 5316 1871 5371 ascenden-

115 5415 176 5465 tem
190 5407 345 5464 hominum
360 5422 449 5479 quam
463 5407 651 5465 adbonorem
666 5407 793 5463 nominis
806 5406 849 5463 sui
868 5406 970 5479 dispo-
1025 5413 1068 5464 tes
1082 5412 1110 5463 et
1135 5407 1164 5463 in
1188 5408 1305 5464 ardente
1336 5405 1475 5462 charitate
1501 5406 1640 5461 excelsam
1667 5404 1770 5460 turrim
1785 5404 1816 5460 in
1831 5405 1871 5460 eis
