3984 6034
112 230 165 282 “lit
768 230 950 287 smvmn-
961 230 1024 287 tle.
1043 230 1093 300 lli,
1111 229 1204 287 tlsro
1223 230 1266 285 Xl.
1812 234 1868 287 722

112 354 226 413 artibus
243 356 322 413 velut
342 355 409 428 igne
426 356 548 429 fulguris
577 357 758 414 comburens.
782 358 837 415 Sed
863 360 958 417 Enoch
975 359 1128 419 ivitatem
1141 360 1242 417 datum
1265 375 1351 417 sunm
1373 359 1404 417 in
1426 365 1549 418 mortem
1569 366 1686 419 retorna
1700 363 1863 421 damnatio·

111 450 143 501 et
158 444 233 501 lilias
255 460 319 501 cum
346 449 423 501 recta
438 444 568 501 doctrina
590 447 672 519 quasi
686 463 752 502 curn
768 447 826 503 ictu
841 447 960 505 tonitrui
1016 447 1112 503 nisita
1124 452 1338 504 consummatus
1357 450 1482 516 evomit:
1509 452 1579 524 quia
1602 452 1676 507 sicut
1690 450 1865 508 tentationes

110 549 231 589 omnem
246 534 396 590 cohortem
412 534 489 589 illius
502 541 679 591 exterrentes
701 536 850 609 dejiciunt,
865 536 962 595 fideles
1018 536 1080 591 Filii
1095 536 1153 592 mei
1166 536 1256 593 finitas
1270 542 1348 602 sunt,
1372 554 1439 593 cum
1458 539 1520 611 ipse
1540 544 1667 596 tentatus
1690 540 1804 597 diabolo
1822 541 1865 597 di·

2 692 4 697 ,
110 622 168 677 boc
183 622 268 677 modo
283 622 468 679 stabilientes.
1015 604 1090 680 xitt'
1109 626 1195 694 Vada,
1230 626 1396 697 turpissime
1427 627 1542 695 Souna,
1577 634 1606 683 et
1638 630 1686 684 illo
1713 629 1866 685 exterritus

146 714 281 766 Attamen
300 710 331 765 in
352 708 541 782 permissione
564 710 719 767 voluntatis
743 727 815 767 mere
845 712 881 767 ab
910 710 960 767 illo
1015 712 1106 785 fugit,
1131 714 1172 770 sic
1186 714 1275 771 etiam
1296 719 1324 769 et
1346 716 1519 771 tentationes
1541 717 1603 772 istae
1618 733 1689 788 quas
1717 716 1794 772 illius
1809 716 1863 772 ini·

110 798 230 853 taudem
262 799 465 867 consummati,
493 800 655 855 mercedem
687 800 818 855 laborum
841 816 960 857 suorum
1016 801 1133 873 quitatis
1158 800 1289 857 Ecclesiae
1315 801 1411 870 interl,
1434 803 1465 858 in
1482 803 1537 859 boc
1558 805 1620 860 zelo
1637 822 1701 859 meo
1724 820 1860 860 consum·

110 890 143 941 iu
174 887 336 943 celestibus
368 892 589 959 consequantur.
613 888 692 943 Tunc
716 890 800 943 liores
824 888 961 945 doctrine
1016 888 1172 945 mationem
1182 889 1332 961 accipient.
1678 942 1687 957 ,

110 973 373 1041 eorumcadentes,
399 972 467 1044 quia
484 973 710 1045 vocesipsorum
726 974 833 1045 jamin
854 974 961 1031 mundo
1050 978 1121 1034 lude
1138 977 1233 1033 subito
1256 978 1468 1034 tetensnabula
1490 983 1618 1035 montem
1647 979 1744 1051 ipsum
1770 984 1864 1035 totum

109 1076 173 1117 non
187 1061 352 1129 audientur,
368 1061 477 1117 bonrum
498 1062 623 1118 tructam
640 1062 670 1119 in
688 1064 784 1120 electis
798 1064 960 1129 ostendent,
982 1128 987 1137 ¹
1015 1066 1245 1138 comprehendit,
1263 1067 1294 1121 in
1309 1083 1368 1138 qua
1392 1072 1479 1138 caput
1501 1066 1598 1139 ipsum
1622 1072 1703 1122 tanto
1726 1067 1809 1122 sorde
1820 1066 1864 1121 in·

110 1148 200 1203 verba
214 1154 242 1203 et
264 1148 370 1203 rabiem
391 1149 539 1206 diabolicae
569 1154 639 1207 artis
657 1152 914 1223 contemnentibus,
934 1157 962 1207 et
1014 1157 1148 1222 volvitur,
1172 1160 1205 1209 ut
1225 1161 1351 1210 astantes
1374 1156 1476 1227 pupuli
1498 1156 1529 1210 in
1546 1155 1702 1212 maximum
1726 1160 1865 1211 terrorem

110 1237 142 1291 in
163 1253 213 1309 spo
230 1253 362 1307 superum
377 1238 552 1293 hereditatis
575 1240 649 1295 bene
666 1240 796 1309 ssrrnatis,
822 1240 960 1313 quemad·
1015 1244 1183 1311 mittantur;
1223 1243 1293 1315 quia
1336 1243 1586 1298 immundissimus
1618 1242 1866 1315 intolerabilisque

109 1326 232 1380 modum
251 1330 279 1380 et
294 1325 429 1381 Salomon
445 1325 480 1380 do
497 1326 575 1381 bono
591 1332 621 1381 et
646 1334 722 1383 recto
736 1328 852 1383 homine
864 1334 959 1384 osten·
1015 1337 1045 1389 et
1057 1331 1206 1388 infernalis
1229 1331 1302 1387 fetor
1331 1332 1426 1386 locum
1446 1331 1579 1386 elationis
1603 1330 1682 1386 illius
1708 1336 1802 1386 totum
1817 1346 1862 1385 re·

109 1411 164 1479 dit,
183 1411 298 1468 dicens:
318 1415 426 1469 Domus
448 1412 523 1482 justi
544 1412 694 1486 plurimu.
701 1415 851 1485 fortitudo,
881 1418 909 1472 et
928 1416 960 1472 in
1014 1419 1115 1492 plebit,
1132 1418 1162 1473 in
1177 1433 1235 1490 quo
1249 1419 1297 1473 ille
1308 1418 1449 1490 pessimus
1464 1416 1632 1473 criminator
1643 1421 1723 1472 tanta
1737 1418 1865 1473 immun·

106 1500 252 1564 fructibus
264 1500 348 1573 impii
362 1501 550 1558 conturbatio.
567 1502 664 1575 (Pron.
681 1508 736 1574 xv).
759 1507 815 1561 lloc
829 1507 884 1562 tale
900 1510 958 1562 est:
1015 1509 1086 1565 ditia
1105 1513 1134 1562 et
1158 1506 1247 1569 fetore
1271 1506 1435 1575 effervebat,
1460 1510 1493 1561 ut
1512 1506 1590 1577 iusto
1608 1505 1659 1561 Dei
1679 1504 1789 1576 judicio
1813 1520 1867 1560 nec

108 1594 236 1647 Acutum
250 1590 446 1645 babitaculum
468 1589 517 1645 nbi
531 1592 665 1647 contritio
680 1595 708 1647 et
729 1592 881 1648 infelicitas
901 1609 960 1649 non
1015 1596 1131 1653 initium
1147 1611 1200 1651 nec
1215 1594 1281 1650 linis
1299 1595 1361 1667 ejus
1380 1594 1482 1651 amodo
1505 1594 1535 1650 in
1553 1594 1693 1650 memoria
1704 1594 1864 1661 habeatur;

110 1684 170 1752 est:
191 1678 315 1750 speciale
339 1679 488 1751 speculum
510 1680 587 1735 oculi
618 1680 668 1735 llei
691 1679 721 1735 in
743 1688 821 1737 recto
843 1682 961 1738 homine
1016 1685 1153 1758 quoniam
1167 1682 1269 1755 populi
1284 1682 1327 1738 illi
1340 1682 1462 1738 cadaver
1477 1682 1567 1755 ipsius
1584 1682 1645 1738 sine
1659 1697 1727 1738 voce
1741 1680 1773 1737 in
1789 1688 1866 1737 terra

111 1772 164 1835 est,
185 1767 214 1823 in
235 1783 294 1840 quo
315 1766 392 1823 idem
412 1768 511 1823 oculus
529 1768 728 1825 fortitudinem
755 1770 960 1825 miraculorum
1015 1777 1190 1846 prostratum
1221 1775 1250 1827 et
1277 1772 1369 1826 multa
1399 1770 1465 1827 tabe
1489 1770 1641 1844 perfusum
1663 1769 1811 1826 videntes:
1835 1786 1866 1825 se

111 1871 231 1911 suorum
253 1854 335 1927 quasi
360 1856 391 1911 in
406 1856 536 1928 appetitu
562 1857 750 1928 percutientis
771 1857 857 1929 gladii
872 1858 958 1913 ridet.
1015 1862 1148 1933 deceptos
1171 1875 1232 1915 esse
1255 1862 1439 1931 cognoscent,
1461 1857 1524 1931 ipsa
1551 1859 1658 1914 nebula
1682 1858 1758 1913 circa
1780 1873 1864 1913 mou·
1907 1906 1912 1917 ,

110 1943 166 2000 Sed
188 1944 218 2000 in
239 1943 462 2015 procedentibus
491 1942 584 2005 lactis,
617 1945 745 2001 velutin
767 1947 960 2002 crescentibus
1014 1955 1075 2005 tem
1098 1948 1181 2004 illum
1201 1948 1413 2021 aliquantulum
1438 1947 1545 2003 diutius
1568 1946 1761 2015 immorente;
1789 1962 1865 2019 quo-

112 2031 253 2087 iructibus
275 2031 390 2103 superbi
418 2032 523 2101 cordis,
548 2032 625 2105 quod
643 2032 673 2088 in
688 2034 814 2105 propriis
829 2034 960 2106 volupte·
1014 2038 1094 2093 uiam
1108 2037 1183 2092 tetur
1197 2036 1246 2092 ille
1261 2035 1432 2092 diabolicam
1452 2035 1606 2091 elationem
1626 2034 1865 2107 circumamplec-

112 2120 190 2176 tibus
218 2120 277 2175 suis
305 2121 404 2175 ruinas
425 2120 558 2190 aedificat,
588 2120 704 2177 tristitia
726 2123 775 2178 illa
800 2123 863 2187 erit.
893 2122 962 2195 quia
1015 2132 1089 2195 tens,
1118 2124 1300 2181 immundam
1320 2124 1456 2194 ostendit,
1481 2128 1514 2179 ut
1542 2123 1676 2179 homines
1693 2120 1798 2179 ab'illo
1816 2139 1864 2176 se-

112 2206 272 2278 superbum
294 2222 343 2262 1111
366 2224 430 2263 tam
453 2223 534 2277 11111111
556 2223 614 2263 non
636 2208 889 2282 1011111111111113111
911 2226 960 2265 ⁵11·
1014 2215 1093 2272 ducti
1115 2215 1237 2270 fetorem
1252 2219 1281 2269 et
1294 2212 1510 2268 immunditiam
1530 2211 1611 2267 illem
1626 2211 1764 2277 videntes,
1786 2226 1865 2265 erro-

111 2310 203 2368 perna
218 2296 367 2351 saturitate
378 2296 470 2351 lloret.
1014 2317 1076 2358 rem
1088 2317 1172 2357 sunm
1192 2301 1347 2369 declinent,
1364 2305 1393 2355 et
1416 2300 1452 2355 ad
1471 2300 1622 2355 veritatem
1648 2299 1775 2355 redeant.
1793 2298 1864 2354 Nam

148 2384 203 2439 Sed
219 2390 250 2438 ut
276 2383 351 2439 rides
372 2383 451 2457 quod
470 2384 566 2455 ipsum
590 2390 805 2441 monstruosum
830 2390 916 2457 caput
930 2402 960 2441 se
1015 2396 1110 2447 astans
1125 2390 1250 2463 populus
1273 2390 1334 2445 hec
1348 2404 1479 2457 cemens,
1502 2389 1595 2444 multo
1614 2386 1719 2443 timore
1734 2385 1867 2441 concuti-

111 2476 193 2528 tnnto
218 2472 362 2545 tragorea
387 2474 447 2529 loco
467 2489 519 2528 suo
542 2474 659 2542 emovit,
678 2473 757 2547 quod
772 2474 865 2529 omnis
883 2492 960 2547 prae-
1013 2484 1080 2542 tur;
1096 2480 1166 2553 quie
1188 2480 1249 2534 brec
1270 2477 1399 2533 videntes
1415 2477 1557 2532 maximos
1572 2476 1677 2532 borror
1697 2475 1809 2544 incutit,
1825 2473 1866 2529 ita

112 2561 190 2617 dicta
200 2562 350 2617 muliebris
364 2561 460 2633 imago
474 2562 505 2617 in
519 2562 654 2617 omnibns
669 2562 805 2618 membris
820 2562 878 2618 suls
893 2562 960 2619 inde
1014 2573 1047 2624 ut
1061 2568 1197 2641 lugubres
1222 2581 1305 2621 voces
1327 2569 1355 2621 et
1377 2565 1490 2621 llebiles
1511 2565 1644 2637 querelas
1664 2564 1823 2637 proferant,
1839 2565 1867 2618 et

111 2651 293 2707 concutitur:
313 2651 376 2729 ‘hoc
408 2656 449 2706 est
469 2666 533 2705 curu
563 2668 592 2706 se
617 2650 695 2708 filius
726 2652 897 2723 perditionis
913 2669 958 2707 ca·
1014 2673 1046 2712 se
1055 2656 1182 2729 graviter
1195 2670 1306 2712 errasse
1323 2655 1429 2709 dicant.

111 2744 165 2811 put
178 2738 338 2811 iniqnitatis
362 2738 496 2807 existens,
522 2741 613 2796 multa
627 2740 794 2813 arrogantia
817 2742 960 2812 superbio
1051 2748 1084 2801 lit
1107 2761 1171 2801 ecce
1191 2744 1276 2817 pedes
1301 2743 1428 2815 praefate
1458 2741 1608 2798 muliebris
1637 2740 1772 2813 imaginis
1801 2756 1865 2795 can-

111 2829 216 2884 veluta
229 2844 318 2899 perro
338 2844 435 2883 errore
454 2828 549 2884 infixae
569 2828 623 2884 sibi
637 2829 774 2901 nequitiae
797 2830 880 2897 tollit,
902 2847 960 2885 ma·
1015 2832 1074 2889 didi
1098 2836 1247 2906 apparent,
1269 2832 1451 2905 splendorem
1478 2844 1566 2901 super
1593 2828 1776 2899 splendorem
1797 2827 1865 2883 solis

109 2916 203 2988 jorem
220 2932 348 2971 errorem
366 2915 519 2987 arripiens,
536 2918 642 2973 scilicet
656 2934 744 2990 supra
761 2934 862 2973 omnes
879 2919 958 2975 exal·
979 2939 1000 2995 (;
1018 2922 1187 2978 reddentes:
1209 2922 1263 2976 boc
1295 2925 1338 2975 est
1366 2920 1443 2990 quod
1466 2917 1607 2973 fortitudo
1631 2915 1813 2971 fundamenti
1836 2922 1866 2971 et

111 3004 167 3060 tari
182 3005 289 3073 voleus,
306 3005 337 3061 id
351 3010 394 3059 est
406 3021 472 3061 cum
485 3005 666 3079 deceptiones
679 3023 739 3062 sues
753 3006 842 3063 flnem
861 3020 963 3080 accep'-
1016 3011 1185 3067 sustentatio
1202 3027 1313 3081 sponsas
1330 3008 1383 3063 tilii
1408 3008 1465 3062 mei
1480 3008 1605 3061 multum
1624 3005 1777 3061 candorem
1797 3005 1866 3060 fidei

105 3099 185 3176 ¹turae
200 3099 278 3161 sunt,
301 3094 395 3149 omnis
410 3094 535 3150 Ecclesia
552 3096 582 3149 in
599 3096 732 3151 ornnlbus
743 3094 811 3151 filiis
827 3096 886 3152 suis
901 3102 960 3153 tam
1016 3100 1157 3167 ostendet,
1176 3102 1204 3153 et
1218 3096 1464 3171 pulchritudinem
1479 3095 1559 3149 illam
1574 3110 1640 3166 quae
1654 3107 1772 3149 omnem
1795 3094 1861 3165 pul-

111 3182 270 3255 majoribus
289 3198 377 3254 quum
415 3182 575 3240 minoribus
597 3182 629 3240 in
650 3182 805 3240 maximum
826 3185 961 3241 timorem
1015 3186 1208 3243 cbritudinem
1223 3191 1346 3242 terrenae
1360 3183 1497 3239 claritatis
1509 3187 1626 3256 superat
1641 3181 1861 3251 demonstrabit,

112 3271 249 3339 mittitur,
275 3275 441 3342 exspectans
464 3272 607 3328 insaniam
623 3273 856 3345 presumptionis
871 3274 959 3331 illins.
1014 3290 1081 3331 cum
1096 3276 1157 3333 tilio
1179 3274 1348 3347 perditionis
1362 3279 1396 3330 ut
1416 3274 1524 3329 dictum
1550 3276 1593 3327 est
1608 3275 1760 3343 prostrato,
1780 3270 1864 3325 multi

111 3363 147 3418 Et
163 3362 240 3417 velut
255 3376 361 3430 magna
382 3376 475 3415 massa
498 3362 597 3417 multe
617 3362 693 3417 fascis
713 3362 765 3433 ipsi
790 3362 876 3433 capiti
892 3380 959 3419 con·
1014 3380 1047 3420 er
1064 3364 1099 3419 iis
1112 3364 1163 3436 qui
1184 3369 1349 3419 erraverant
1369 3362 1404 3419 ad
1428 3362 1578 3416 veritatem
1602 3363 1791 3415 revertentur.
1808 3358 1864 3414 Sed

109 3449 254 3521 juugitur,
279 3450 357 3503 unde
388 3448 460 3504 illud
485 3465 573 3519 super
599 3450 756 3521 quemdam
781 3456 909 3507 montem
931 3466 960 3507 so
1013 3458 1077 3525 post
1090 3468 1188 3507 casum
1212 3452 1291 3507 illius
1314 3451 1408 3522 impii,
1425 3450 1540 3523 quaudo
1559 3448 1732 3503 novissimus
1752 3447 1813 3502 dies
1831 3445 1864 3502 in

113 3538 239 3603 elevans,
281 3535 464 3591 altitudinem
503 3537 641 3591 coelorum
672 3536 824 3591 mcendore
849 3541 957 3605 tentat3
1012 3541 1152 3597 solutions
1166 3540 1267 3596 mundi
1280 3544 1409 3595 occurrat
1424 3538 1551 3593 mortalis
1562 3539 1649 3592 honio
1659 3553 1717 3591 non
1731 3541 1861 3608 queram

111 3626 180 3696 quin
202 3624 334 3679 maximae
360 3630 434 3679 1111111
458 3622 663 3679 diabolicarum
691 3624 872 3691 insidiarum,
888 3626 960 3679 mul·
1013 3628 1162 3702 quieenm
1177 3628 1249 3683 scire
1269 3643 1328 3683 nun
1349 3626 1467 3700 poterit,
1499 3625 1636 3698 quoniam
1653 3640 1719 3680 eum
1735 3624 1863 3680 Peterin

110 3718 169 3770 tam
190 3712 406 3769 immunditiam
438 3712 620 3769 afferentium
645 3712 739 3769 eidem
764 3713 824 3767 lulio
847 3712 959 3785 iniqui·
1011 3716 1177 3772 abscondito
1191 3716 1291 3770 secreti
1314 3716 1359 3769 sui
1383 3715 1515 3778 servavit,
1540 3714 1582 3770 Ad
1608 3712 1753 3785 judicium
1776 3728 1858 3782 ergo,

111 3800 177 3856 latis
198 3800 372 3865 assistentes,
398 3800 453 3873 ipsi
482 3801 541 3856 elas
562 3800 705 3872 superbie
728 3794 957 3870 subministrant,
1011 3804 1185 3872 obomines,
1201 3820 1252 3858 vos
1266 3807 1437 3875 praeparate.
1465 3804 1499 3858 Ut
1516 3807 1612 3858 autem
1633 3800 1802 3873 praedictum
1819 3805 1863 3856 est

111 3904 144 3943 ac
162 3904 229 3943 eum
252 3888 281 3943 in
305 3894 415 3945 tantam
444 3889 697 3961 presumptionem
729 3888 853 3961 erigunt,
881 3889 957 3961 quod
1011 3894 1087 3950 lilius
1103 3891 1271 3966 perditionis
1283 3908 1349 3947 cum
1374 3897 1455 3963 patre
1476 3907 1527 3946 sno
1544 3890 1659 3946 diabolo
1684 3893 1791 3944 etcum
1807 3903 1865 3944 om·

2 3966 4 3979 ’
110 3977 270 4049 ipseetiam
290 3984 398 4033 secreta
413 3978 538 4034 coelestia
553 3994 582 4033 so
601 3983 683 4052 putat
697 3993 779 4049 posse
794 3982 955 4049 penetrare.
1011 3982 1096 4037 nibus
1110 3981 1219 4037 artibus
1232 3980 1311 4036 illius
1325 3979 1354 4034 in
1369 3979 1526 4034 novissimo
1543 3983 1673 4050 tempore
1687 3992 1740 4049 per
1754 3975 1859 4032 Filium

111 4066 286 4131 0⁰0m0d0?
310 4068 382 4121 Nam
404 4082 469 4121 cum
493 4081 608 4123 omnem
633 4066 808 4122 voluntalem
824 4066 955 4122 seducto·
1010 4088 1109 4127 meum
1127 4070 1316 4126 fortissimum
1334 4068 1532 4140 praeliatorem
1554 4083 1620 4123 cum
1642 4082 1748 4138 magna
1761 4066 1861 4121 contu-

111 4156 150 4211 ris
172 4155 280 4211 diaboli
302 4156 500 4227 compleverit,
524 4155 564 4209 ita
582 4156 661 4227 quod
682 4156 759 4227 justo
780 4154 889 4223 jndicio
905 4155 957 4211 Dei
1011 4161 1091 4215 sione
1104 4158 1308 4231 superabitur;
1325 4155 1400 4212 sicut
1422 4160 1451 4210 et
1470 4154 1580 4210 inimici
1607 4154 1755 4211 fortissimi
1775 4154 1861 4210 Sam-

110 4244 234 4315 amplius
247 4248 357 4299 tantam
375 4248 547 4317 potestatem
576 4243 738 4316 iniquitatis
754 4248 783 4299 et
803 4244 955 4299 erudelita·
975 4216 1089 4305 Dsonis
1102 4248 1132 4303 in
1151 4245 1388 4321 praefiguratione
1406 4244 1497 4317 ipsius
1525 4241 1629 4314 dejecti
1645 4248 1723 4311 sunt,
1739 4243 1817 4298 velut
1831 4242 1861 4299 in

110 4331 147 4386 tis
164 4346 223 4385 susc
248 4329 353 4385 bebere
381 4330 499 4386 omnino
529 4346 589 4386 non
614 4329 813 4400 permittetur;
841 4346 957 4387 omnem
1011 4354 1092 4392 sacra
1112 4336 1232 4392 Historia
1256 4334 1397 4406 scriptum
1421 4338 1483 4389 est:
1508 4330 1718 4403 commeasse
1737 4330 1863 4401 sortiter

110 4419 256 4475 cohortem
280 4434 361 4474 suem
376 4418 572 4490 congregabit,
589 4418 686 4475 etsibi
703 4418 886 4474 credentibus
910 4420 957 4475 di·
1010 4425 1164 4494 columnis,
1186 4422 1289 4480 cecidit
1310 4422 1408 4479 mua
1428 4438 1515 4494 super
1536 4436 1635 4477 omnes
1656 4418 1813 4493 principes,
1833 4422 1862 4474 et

110 4513 156 4563 cet
169 4506 239 4581 quia
253 4508 289 4562 ad
303 4508 390 4563 coelos
412 4508 454 4563 ire
472 4507 547 4562 velit.
568 4506 624 4563 Sed
646 4507 719 4562 sicnt
740 4507 870 4564 diabolus
894 4524 956 4564 nos·
1009 4517 1142 4570 caetmm
1156 4512 1370 4569 multitudinem
1383 4507 1584 4583 quaibierui:
1602 4508 1749 4581 multoque
1762 4508 1862 4579 plures

110 4595 178 4651 civit
201 4596 304 4651 Filium
325 4595 374 4651 bei
394 4597 431 4651 ad
453 4594 683 4666 redemptionem
706 4599 736 4649 et
750 4596 872 4651 salutem
895 4596 956 4651 ani·
1009 4598 1155 4662 interfecit
1169 4599 1392 4672 meriemqmm
1407 4602 1476 4656 onte
1489 4594 1569 4655 mous
1587 4594 1734 4652 cccidoeot
1747 4594 1859 4665 (Judic.

111 4699 226 4740 marum
249 4684 338 4753 nasci,
355 4685 395 4739 ita
418 4689 445 4740 et
461 4685 514 4740 iste
529 4683 671 4754 pessimus
689 4699 755 4739 oum
775 4700 805 4739 se
827 4685 858 4739 in
880 4700 956 4740 mor·
1012 4688 1080 4760 rvr).
1106 4688 1167 4744 lloc
1201 4688 1258 4743 tale
1279 4692 1340 4743 est:
1368 4687 1440 4743 l'ilio
1465 4686 1524 4754 bei,
1558 4683 1668 4740 scilicet
1703 4682 1860 4739 fortissimo

110 4773 228 4829 tiierum
243 4773 352 4829 malum
371 4772 502 4829 omnium
524 4773 666 4828 malorum
682 4772 816 4842 involvet,
832 4774 957 4829 tortissi-
1011 4775 1142 4832 Samsoni
1163 4775 1291 4848 priunum
1312 4774 1467 4847 synagoga
1485 4773 1639 4844 conjuncta
1653 4776 1713 4839 est;
1737 4770 1784 4826 cui
1799 4770 1861 4841 ipse

109 4876 191 4919 mum
206 4862 294 4918 ictum
310 4878 412 4918 manus
428 4862 479 4917 [lei
494 4876 620 4933 superse
633 4862 731 4917 venire
747 4862 902 4933 ignorabit.
1011 4865 1121 4922 occulta
1143 4865 1193 4920 illa
1215 4880 1279 4936 quae
1307 4863 1339 4918 in
1368 4863 1462 4919 Veteri
1489 4864 1670 4919 Testamento
1692 4859 1861 4917 abscondita

146 4952 180 5006 Et
193 4966 257 5007 ecce
271 4952 350 5007 velut
370 4951 444 5006 ictus
464 4950 587 5005 tonitrui
607 4957 725 5021 repente
740 4950 858 5005 veniens
872 4957 959 5023 caput
1011 4957 1103 5020 erent,
1117 4953 1149 5009 in
1163 4952 1290 5008 mirabili
1303 4951 1433 5007 doctrina
1449 4966 1502 5007 sua
1516 4950 1674 5018 distribuit,
1690 4947 1860 5016 interiorem

110 5041 206 5113 ipsum
221 5038 703 5111 tantafortitudinepercutitquod
717 5040 787 5094 etde
801 5040 957 5097 monteillo
1011 5042 1193 5099 dulcedinem
1221 5041 1293 5112 legis
1318 5056 1382 5112 que
1407 5039 1508 5095 tortior
1534 5040 1618 5095 leone
1645 5040 1717 5103 erat,
1740 5036 1798 5110 ipsi
1814 5036 1860 5091 be·

111 5128 209 5201 dejicit
223 5134 251 5184 et
273 5130 350 5200 quod
367 5128 501 5201 spiritum
528 5126 666 5183 suumin
689 5128 956 5197 mortememittit;
1011 5131 1098 5203 nigne
1121 5130 1263 5201 aperiens.
1287 5128 1342 5184 Sed
1365 5128 1428 5199 ipsa
1457 5128 1571 5198 decepit
1602 5141 1686 5194 eum;
1703 5124 1812 5181 taciens
1826 5127 1859 5178 ut

111 5218 249 5291 quoniam
264 5222 389 5289 potestas
413 5217 508 5273 [leisc
530 5215 723 5284 manifestans,
745 5216 881 5272 eumdem
895 5232 959 5288 per·
1010 5219 1119 5272 secreta
1135 5217 1197 5287 ejus
1211 5215 1410 5282 illuderentur,
1438 5214 1471 5269 in
1485 5213 1645 5269 doctrinam
1662 5211 1741 5267 illius
1767 5210 1860 5283 respi-

110 5303 227 5362 ditionis
240 5304 334 5361 illium
347 5309 426 5361 tauta
439 5304 544 5360 virtute
560 5304 614 5360 zeli
628 5304 674 5359 sui
691 5304 860 5374 prosternit,
882 5305 956 5377 quod
1011 5320 1075 5361 cere
1094 5304 1206 5368 nolens,
1219 5305 1269 5359 sed
1292 5318 1358 5359 eam
1382 5318 1487 5375 magno
1511 5301 1585 5357 tastu
1608 5299 1752 5372 superbies
1767 5298 1861 5371 despi-

111 5394 187 5450 etde
201 5392 337 5465 eriperbia
358 5393 408 5449 illa
435 5408 493 5465 que
521 5409 551 5449 se
570 5396 669 5449 contra
692 5394 784 5449 ileum
817 5400 956 5463 erexerat,
1011 5394 1098 5450 ciens.
1120 5392 1301 5465 Quapropter
1324 5392 1386 5463 ipsa
1413 5394 1573 5446 commotus
1600 5404 1724 5460 reguum
1749 5388 1799 5444 liei
1823 5388 1860 5443 ab

112 5498 218 5555 rnaguo
232 5481 392 5555 precipitio
416 5482 649 5557 presumptionis
668 5498 727 5537 suas
752 5480 819 5551 ruit,
837 5488 866 5537 et
879 5484 956 5555 qnod
1014 5497 1048 5538 ea
1060 5481 1166 5538 aulerci
1190 5488 1220 5538 et
1239 5481 1290 5538 alii
1306 5480 1386 5554 genti
1406 5479 1469 5537 dari
1487 5473 1639 5551 predisit;
1653 5477 1694 5533 ita
1712 5476 1744 5533 in
1760 5476 1861 5533 multis
