3984 6034
110 253 177 306 (233
655 253 799 309 Pllt‘sluu
827 285 859 295 -
878 255 943 309 Itu.
963 253 1014 320 tlt,
1035 253 1079 309 ΙΙΕ
1099 255 1309 310 quoutssus.
1791 257 1857 312 teet

104 388 156 438 aut
180 383 298 438 odoram
318 381 382 453 ejus
400 381 494 454 capiet
512 386 541 437 at
554 383 653 437 oculos
668 398 737 439 suos
751 399 817 440 eum
840 399 875 440 eo
889 388 951 439 teu·
969 385 1038 438 Aet
1061 383 1137 440 labia
1157 385 1193 440 ab
1217 384 1315 456 utIque
1337 383 1504 440 infirmitate
1519 390 1631 441 tument
1649 389 1679 440 et
1704 386 1852 454 inflantur,

104 470 157 541 git,
179 487 256 537 earo,
277 474 363 543 ceput
384 475 415 526 et
437 470 512 524 oculi
532 470 595 542 ejus
610 475 691 526 tanto
715 471 844 526 saniores
869 472 951 529 tient.
1008 488 1108 528 semen
1131 474 1176 528 rel
1199 472 1324 528 Iructum
1340 473 1441 528 abieIIs
1465 490 1552 544 super
1576 475 1694 529 laterem
1717 490 1793 545 poue
1817 476 1853 530 ad

104 559 181 615 ude.
194 559 250 630 ed]
1007 559 1104 628 ignem
1129 561 1307 626 calefactum,
1334 565 1366 616 ut
1384 561 1419 616 ab
1437 578 1471 617 eo
1496 562 1622 617 calidum
1645 563 1704 628 liat,
1724 578 1783 618 non
1799 581 1853 618 uu-

220 647 285 702 Csr.
304 647 395 702 IIllIII.
414 677 449 687 —
469 648 509 702 lis
526 649 627 702 Iniere
645 646 683 718 (Ι)
706 646 763 721 (ΙΙΙ,
784 648 838 719 32].
1007 653 1064 702 tem
1089 650 1124 704 ad
1148 650 1295 720 pulverem
1324 647 1434 719 rediget
1456 649 1506 718 (5),
1538 654 1566 704 et
1591 649 1632 705 ita
1660 649 1786 705 calidum
1809 652 1853 706 ori

140 734 227 790 Abies
254 735 321 804 plus
345 733 437 788 calida
461 750 548 804 quam
574 734 678 805 frigida
708 740 763 804 est,
789 741 820 791 et
848 737 952 791 multas
1006 738 1057 789 tuo
1072 752 1147 806 saepe
1167 751 1341 806 superpone,
1357 741 1386 790 et
1402 741 1499 791 tumor
1513 741 1540 791 el
1557 737 1669 792 iuIletio
1689 739 1851 796 cessabunt.

103 822 180 877 rIres
206 822 237 877 lu
266 837 296 876 se
323 822 420 877 babet.
442 823 476 877 Et
503 821 704 878 IorIItudiuem
733 824 874 894 siguificat
901 824 950 895 (2).
1007 823 1045 894 (6)
1057 823 1112 879 Sed
1127 824 1206 878 abies
1220 825 1323 878 lortem
1340 825 1464 879 colorem
1481 823 1576 893 habet,
1592 831 1620 880 at
1637 827 1707 882 odor
1721 829 1782 897 ejus
1796 830 1851 884 Iru-

104 911 178 966 Nam
205 909 237 965 in
260 925 445 981 quocumque
468 911 531 964 loco
551 908 664 982 liguum
679 910 782 967 abietis
801 918 854 974 est,
876 914 952 968 eerei
1006 927 1113 978 mores,
1138 911 1238 984 quiin
1258 911 1376 966 homine
1397 917 1473 977 suut,
1494 917 1627 980 extorret,
1655 913 1695 967 ita
1722 913 1799 984 quod
1820 912 1852 968 iu

104 998 225 1070 apIritus
243 998 293 1052 ille
317 998 409 1069 magis
427 997 493 1054 odio
518 998 627 1053 habent
649 1004 678 1054 et
698 1000 791 1069 magis
812 1000 950 1069 devitent,
1006 1000 1162 1071 quamdam
1187 999 1407 1055 inundationem
1431 1000 1548 1054 redunt.
1568 1000 1603 1054 Et
1626 1000 1713 1056 homo
1733 1001 1850 1056 odorem

104 1102 193 1156 quam
209 1087 263 1141 alie
282 1087 355 1151 loca,
374 1090 404 1140 et
425 1087 526 1140 weber
541 1084 692 1158 [maleficta
704 1087 761 1159 ed]
785 1092 815 1142 at
840 1088 951 1157 magIca
1005 1087 1105 1143 ablatis
1118 1104 1177 1143 nou
1198 1087 1303 1158 capiat,
1321 1087 1376 1141 uisi
1390 1087 1487 1158 alique
1507 1087 1638 1158 quaedem
1654 1088 1802 1159 pigmenta
1822 1094 1851 1144 et

102 1173 144 1228 ibi
159 1174 257 1230 miuus
270 1173 367 1245 vigent
380 1179 409 1227 et
432 1173 528 1229 miuus
541 1173 583 1228 ibi
603 1176 762 1246 praevalent
783 1192 870 1248 quem
885 1177 951 1232 aliis
1005 1175 1070 1231 alim
1086 1176 1220 1248 quaedam
1235 1176 1385 1231 odorifere
1408 1176 1505 1231 herbe
1529 1177 1554 1230 ci
1579 1176 1732 1243 addantur,
1755 1179 1850 1248 cujus-

103 1261 183 1316 locis.
200 1262 303 1333 Accipe
317 1266 413 1316 aulem
432 1261 468 1317 de
482 1262 587 1317 cortice
603 1269 633 1317 et
651 1263 726 1318 loliis
751 1263 879 1334 ejusdem
904 1281 950 1319 ar·
1004 1279 1129 1336 cumque
1143 1265 1258 1333 generis
1273 1264 1341 1331 siut,
1365 1279 1402 1318 ne
1426 1263 1561 1318 brrmores
1577 1265 1628 1335 qui
1649 1264 1680 1320 iu
1698 1265 1762 1335 ipso
1784 1269 1852 1321 suut

103 1349 190 1418 boris,
207 1350 387 1406 etetiamde
410 1349 473 1422 ipso
487 1349 568 1417 ligno
583 1351 645 1421 ejus
668 1352 802 1421 quedam
815 1351 949 1408 miuutis-
1004 1367 1093 1422 snpra
1117 1353 1235 1408 modum
1278 1367 1363 1406 suum
1392 1351 1521 1418 irrident,
1549 1358 1579 1406 et
1613 1352 1652 1407 ita
1689 1354 1850 1409 ratioentur

103 1439 176 1492 slma
200 1437 291 1493 frusta
316 1437 421 1502 incide,
443 1437 586 1509 cumipse
605 1438 692 1493 arbor
711 1439 795 1506 viret,
818 1439 859 1495 ite
873 1441 948 1512 qood
1004 1445 1033 1495 et
1046 1441 1258 1508 confortantur,
1272 1457 1309 1494 ue
1327 1441 1406 1494 velut
1430 1440 1459 1494 ln
1473 1441 1630 1510 procellam
1653 1441 1849 1497 inundationis

102 1539 219 1580 succum
234 1540 319 1580 auum
339 1526 468 1581 noudum
483 1526 589 1593 amisit,
605 1530 639 1581 ut
653 1526 685 1582 iu
700 1526 800 1582 IIartio
815 1532 844 1583 et
860 1529 949 1583 etiam
1003 1529 1171 1584 excitentur.

102 1612 134 1667 iu
148 1613 221 1668 Ilaio
235 1616 288 1678 est,
313 1613 349 1668 ad
369 1613 484 1684 pondus
502 1613 664 1668 medietatis
681 1613 804 1668 istorum
828 1615 948 1670 salviam
1127 1616 1192 1670 Car.
1212 1615 1299 1670 XXIV.
1320 1644 1354 1654 -
1372 1616 1413 1669 Ile
1430 1615 1507 1668 Time
1526 1615 1565 1686 (7)
1588 1613 1646 1685 (ΙΙΙ,
1668 1617 1723 1686 Sil.
1839 1674 1844 1682 ,

102 1700 185 1768 adde,
214 1705 244 1756 et
270 1705 340 1756 tuuc
364 1702 426 1757 luec
450 1701 537 1756 slmul
563 1701 595 1756 iu
619 1717 695 1774 aqua
721 1701 835 1757 fortiter
858 1674 989 1774 coqueB
1038 1701 1111 1758 'lilia
1137 1717 1276 1772 inagnum
1299 1702 1425 1756 calorem
1443 1703 1540 1766 habet,
1564 1706 1593 1757 et
1607 1704 1685 1758 calor
1703 1705 1750 1759 ille
1772 1708 1849 1760 totus

101 1789 171 1844 dum
193 1789 319 1860 spissum
331 1789 396 1857 flal3
421 1795 449 1844 et
463 1792 551 1846 etiam
571 1790 717 1862 butyrum,
736 1793 813 1862 quod
825 1792 857 1846 iu
876 1795 949 1850 Italo
1002 1791 1033 1846 in
1048 1790 1145 1846 radice
1160 1795 1211 1858 est,
1229 1789 1343 1845 utillud
1362 1790 1393 1844 in
1415 1807 1510 1846 ramos
1531 1796 1560 1847 et
1579 1792 1609 1846 in
1627 1791 1696 1846 folia
1710 1793 1847 1862 escendit,

102 1876 138 1932 de
159 1877 253 1932 bobus
266 1884 395 1948 paratur,
411 1877 496 1943 adde,
519 1884 549 1934 at
569 1883 637 1932 tuuc
659 1894 714 1950 per
732 1895 860 1951 pannum
875 1883 947 1949 cole,
1003 1885 1032 1934 et
1055 1878 1240 1949 fragilitatem
1267 1878 1362 1949 alguat
1387 1879 1436 1948 (8).
1460 1880 1495 1934 Et
1520 1878 1606 1935 homo
1631 1881 1681 1951 qui
1709 1882 1738 1936 iu
1762 1881 1848 1936 corde

102 1963 185 2019 etsie
204 1969 385 2035 unguentum
400 1965 454 2022 Iac.
471 1966 506 2020 Et
522 1966 548 2020 si
568 1966 634 2038 quis
652 1966 684 2022 in
709 1968 802 2038 capita
817 1969 949 2024 doletite
1004 1966 1093 2034 dolet,
1123 1965 1289 2021 interiorem
1312 1967 1437 2022 radicem
1462 1972 1490 2022 et
1508 1967 1580 2022 illud
1597 1969 1675 2039 qood
1689 1969 1720 2023 iu
1739 1969 1847 2026 medie-

101 2054 276 2121 etrpicltttpet
295 2059 339 2108 est
356 2053 402 2108 vel
426 2054 594 2122 eunocum
624 2056 670 2111 rel
689 2055 855 2123 Ireueticus,
870 2058 949 2112 etde
1002 2057 1060 2109 tate
1083 2053 1186 2109 radIcis
1207 2053 1277 2108 tilica
1300 2058 1344 2109 est
1358 2054 1490 2125 accipiat,
1519 2057 1590 2110 ctin
1606 2057 1753 2128 pulverem
1772 2057 1848 2112 redi-

101 2140 271 2196 lortitudiue
293 2142 357 2212 ejus
374 2142 406 2197 iu
430 2141 517 2197 corde
539 2143 664 2210 deliciet,
681 2148 751 2199 tuuc
774 2145 875 2200 eodem
893 2162 948 2200 uu·
1003 2147 1061 2213 gat,
1079 2147 1109 2197 et
1134 2144 1282 2214 pulverem
1311 2143 1393 2197 illum
1419 2159 1484 2198 cum
1508 2159 1583 2214 pane
1607 2159 1683 2212 saepe
1706 2145 1847 2212 comedat,

101 2235 209 2298 guento
232 2245 281 2284 cor
309 2230 371 2301 ejus
389 2231 516 2301 primum
540 2247 681 2302 perunge,
701 2236 731 2287 et
748 2233 950 2300 mox,ebresis
1003 2234 1031 2284 et
1041 2229 1072 2284 in
1087 2231 1172 2285 eorde
1188 2231 1291 2285 melius
1308 2231 1435 2286 hebebit.
1453 2231 1510 2286 Sed
1522 2232 1553 2286 iu
1567 2236 1653 2302 stirpe
1667 2231 1713 2304 (Ι),
1731 2248 1788 2287 non
1804 2247 1850 2286 au·

99 2317 212 2388 capillis
231 2317 319 2387 illius,
333 2323 421 2389 eaput
433 2319 497 2388 ejus
515 2318 619 2374 eodem
639 2325 787 2391 unguento
806 2337 947 2393 perunga,
1004 2323 1062 2372 tem
1077 2317 1106 2372 iu
1122 2317 1209 2372 ramis
1223 2318 1354 2388 ejusdem
1373 2319 1485 2373 arboris
1500 2320 1636 2375 corticem
1658 2320 1739 2376 auler
1758 2335 1849 2392 usque

100 2409 128 2459 et
155 2405 208 2460 hoe
232 2411 283 2461 eut
306 2406 431 2461 secunde
452 2412 503 2462 eut
529 2407 619 2462 tercie
643 2407 690 2463 die
715 2407 820 2463 ilerum
843 2410 897 2476 Iac,
920 2416 950 2463 et
1002 2407 1038 2461 ed
1053 2407 1151 2462 elbum
1172 2407 1294 2476 liguum,
1310 2422 1375 2460 cum
1395 2407 1425 2461 iu
1439 2407 1649 2463 mateteriridis
1668 2413 1721 2474 est,
1739 2413 1768 2462 et
1781 2413 1850 2463 tunc

100 2497 187 2564 ceput
212 2493 276 2565 ejus
299 2493 452 2549 sanitatem
482 2493 610 2565 recipiet,
645 2499 674 2550 et
696 2496 732 2551 ad
755 2513 856 2552 seusus
881 2502 964 2552 suos'
1004 2493 1040 2548 de
1064 2493 1145 2563 ilguo
1165 2494 1280 2562 speclseu
1301 2493 1426 2560 abscide,
1446 2497 1475 2548 et
1503 2494 1574 2548 illud
1596 2493 1628 2548 in
1656 2509 1775 2548 aureum
1797 2511 1848 2548 an·

100 2580 214 2636 redibIt.
241 2581 295 2638 Sed
317 2585 346 2636 at
359 2581 385 2636 si
413 2581 478 2654 quis
498 2581 529 2636 iu
551 2583 699 2638 stomacho
722 2588 772 2638 aut
798 2584 829 2639 iu
849 2585 948 2656 aplane
1004 2581 1292 2652 uulumperioratum
1308 2597 1394 2652 poue,
1410 2585 1438 2634 ot
1453 2595 1624 2652 superapuu
1643 2579 1777 2654 [astulam
1792 2581 1847 2655 ed]

102 2667 190 2736 dolet,
208 2669 290 2723 Illum
305 2668 407 2723 eodem
423 2673 573 2740 unguento
589 2675 710 2741 propter
729 2671 947 2727 detectumcor-
1002 2667 1093 2723 viride
1114 2668 1231 2734 vitrum,
1256 2673 1285 2722 et
1313 2684 1373 2723 uon
1403 2669 1494 2724 alium
1518 2669 1653 2739 lapidem,
1685 2669 1724 2724 ite
1751 2675 1849 2724 lamen

102 2757 147 2811 dis
169 2759 206 2813 ed
228 2773 277 2812 cor
299 2756 394 2828 primo
420 2773 561 2829 perunge,
584 2762 614 2813 et
636 2773 701 2812 mox
731 2766 818 2831 supet
839 2766 949 2816 stoma·
1003 2756 1079 2828 qood
1102 2757 1262 2826 iuterspou
1281 2761 1309 2811 et
1332 2757 1437 2810 riuum
1457 2758 1545 2812 telem
1560 2772 1673 2813 araneae
1687 2762 1737 2812 aut
1756 2758 1849 2814 boum·

100 2845 199 2911 chum,
212 2845 237 2899 si
250 2845 281 2900 iu
294 2846 441 2900 stomacho
455 2844 542 2912 dolat,
558 2851 610 2900 aut
623 2861 709 2917 super
723 2847 817 2918 splen,
830 2848 854 2901 si
868 2849 898 2902 iu
912 2864 948 2903 eo
1003 2845 1082 2900 welle
1106 2842 1219 2917 [bouvel
1239 2845 1296 2915 eat]
1321 2860 1421 2915 pones,
1446 2861 1483 2899 ue
1505 2846 1547 2899 vis
1564 2845 1694 2916 ejusdem
1715 2860 1785 2915 spon
1806 2846 1847 2899 vi-

100 2933 187 3001 dolet,
202 2937 350 3005 unguento
365 2949 506 3006 perunge,
523 2939 551 2988 et
565 2934 890 2992 fortitudinesuatotem
902 2952 950 2991 cu-
967 2959 988 3015 C
1003 2935 1078 2986 trum
1105 2937 1294 3002 pertranseat,
1310 2937 1338 2987 et
1359 2933 1500 2986 annulum
1524 2932 1605 2988 illum
1631 2933 1662 2988 in
1683 2933 1774 3003 dIgilo
1797 2938 1847 2988 tuo

100 3026 158 3076 tem
173 3037 254 3076 suam
267 3021 462 3092 pertransibit,
478 3022 556 3094 qood
566 3022 622 3078 cito
636 3023 793 3080 curabitur.
806 3026 840 3080 Iu
851 3026 901 3096 qui
915 3026 947 3079 iu
1002 3035 1116 3090 semper
1139 3025 1232 3091 porte,
1258 3020 1299 3075 ita
1331 3020 1407 3091 quod
1435 3022 1513 3076 calor
1535 3021 1618 3091 digiti
1640 3021 1684 3076 tui
1706 3021 1742 3076 ad
1764 3021 1846 3076 illum

98 3113 217 3179 pectore
231 3110 357 3179 demphet
377 3114 408 3166 et
426 3110 517 3165 laustet
532 3110 660 3182 [tussitat
672 3111 740 3183 αἱ),
763 3117 791 3166 et
814 3113 901 3168 etiem
916 3113 947 3167 in
1000 3123 1071 3178 epora
1094 3109 1237 3176 ascendat,
1265 3113 1294 3163 et
1313 3110 1354 3162 vis
1377 3109 1454 3162 illius
1474 3124 1542 3178 apuu
1567 3108 1691 3180 dIgitum
1711 3116 1793 3165 tuum
1819 3114 1848 3165 et

97 3198 237 3268 pulmone
245 3197 333 3265 dolet,
345 3197 386 3252 ita
395 3199 471 3269 quod
481 3199 508 3253 ai
519 3199 645 3267 iollatur,
656 3202 769 3270 etquod
778 3201 839 3272 jam
849 3209 947 3272 putre·
1000 3213 1087 3253 venas
1110 3197 1172 3267 ejus
1191 3202 1299 3267 tanget,
1325 3201 1354 3252 et
1372 3197 1434 3252 hec
1456 3197 1613 3252 forIIssime
1637 3198 1728 3254 virtue
1748 3203 1847 3254 contra
1897 3235 1902 3252 .

98 3301 176 3340 scere
188 3284 300 3356 incipit,
317 3286 353 3340 de
367 3286 448 3355 liguo
457 3286 571 3353 abietis,
591 3303 657 3342 eum
670 3303 771 3343 reeens
785 3293 829 3344 est
839 3296 868 3343 et
880 3306 945 3344 cum
1000 3300 1100 3340 omncs
1130 3285 1384 3355 periculosissimas
1405 3290 1499 3356 pestes
1527 3286 1662 3351 bominis,
1689 3291 1718 3340 et
1739 3303 1786 3340 ees
1809 3287 1845 3340 ab

97 3390 199 3429 succus
222 3375 285 3444 ejus
306 3373 400 3428 adbuc
415 3373 445 3427 iu
468 3389 502 3428 eo
527 3382 579 3440 est,
606 3375 718 3431 cineres
740 3378 884 3445 incendat,
905 3379 945 3433 ita
1000 3372 1116 3427 bomiue
1138 3372 1283 3443 probibet,
1309 3373 1382 3428 sIcut
1400 3375 1469 3428 uncle
1489 3373 1606 3445 aliquod
1631 3379 1710 3429 vetet
1735 3390 1770 3430 ne
1794 3390 1845 3428 su-

97 3463 175 3533 quod
189 3463 286 3516 nullus
302 3462 374 3515 aliua
388 3461 461 3515 cinis
480 3462 613 3529 addatur,
637 3469 666 3516 et
683 3463 728 3518 bis
742 3465 888 3519 ciueribus
901 3465 946 3521 bia
1000 3461 1169 3530 perveniens
1188 3460 1339 3517 inundatio
1355 3477 1493 3532 equarum
1509 3462 1650 3532 injttstum
1671 3479 1787 3518 cursum
1807 3463 1846 3517 itt·

97 3554 210 3605 mutum
222 3549 383 3614 bibenella,
401 3552 429 3603 et
443 3549 560 3604 feniculi
571 3555 682 3604 tautum
696 3556 726 3604 ut
742 3551 903 3620 bibenella,
917 3560 947 3608 et
999 3546 1085 3614 eleut,
1101 3548 1187 3602 etiam
1207 3551 1231 3602 si
1251 3549 1314 3603 istu
1337 3555 1430 3619 pestes
1445 3550 1556 3604 modIce
1579 3550 1609 3605 io
1624 3552 1742 3606 homine
1757 3551 1844 3606 iuun-

96 3637 235 3710 liquiricii
255 3641 368 3692 tentum
394 3641 428 3691 ut
450 3636 571 3692 dimidia
584 3653 651 3709 pars
665 3638 829 3704 bibenellae,
844 3645 873 3695 et
891 3641 946 3695 boc
999 3635 1104 3690 deutur
1118 3636 1169 3706 (9).

97 3725 183 3780 simul
197 3725 319 3780 iubono
338 3725 404 3780 viuo
419 3740 520 3797 coque,
543 3725 655 3781 modico
674 3727 761 3781 etlam
781 3728 867 3782 malle
890 3729 945 3784 ad-
1034 3725 1070 3778 Et
1093 3724 1123 3778 iu
1146 3728 1253 3785 aestate.
1280 3740 1344 3778 com
1370 3723 1526 3779 dormitum
1545 3725 1633 3793 vadis,
1656 3726 1783 3781 recentia
1800 3726 1843 3780 Io-

96 3813 167 3881 dito‚
196 3818 224 3868 et
252 3815 293 3869 sic
331 3829 385 3884 per
424 3814 577 3869 saccellum
612 3814 696 3882 colet,
726 3820 756 3868 et
784 3816 945 3883 luterdrang
999 3811 1040 3866 lia
1054 3810 1122 3866 tiliae
1138 3811 1229 3866 oculis
1244 3811 1301 3866 tuis
1320 3828 1483 3884 superpone
1497 3817 1628 3868 ettotam
1643 3813 1744 3868 lactem
1764 3819 1842 3870 tuem

99 3899 215 3971 [purum
234 3903 333 3970 potum
356 3899 410 3972 ed]
425 3900 519 3969 faciel,
534 3906 564 3956 et
583 3901 624 3956 sic
642 3918 718 3972 saape
739 3902 828 3970 bibat,
845 3908 874 3958 et
890 3921 945 3976 pe-
999 3915 1064 3954 cum
1093 3899 1134 3953 ais
1160 3905 1234 3969 tege,
1259 3911 1288 3954 et
1315 3901 1411 3955 oculos
1438 3905 1502 3955 tuos
1541 3901 1677 3956 clarificet
1701 3918 1733 3956 ec
1757 3918 1843 3974 puros

96 3995 158 4042 ctus
186 3988 332 4059 purgabit,
357 3993 386 4042 et
410 3988 580 4060 pulmonem
607 3989 724 4045 sanitati
750 3991 892 4060 restituet,
917 3997 946 4046 et
998 3987 1075 4042 feeit.
1101 3989 1134 4042 Et
1148 3989 1198 4060 qui
1212 3988 1385 4056 utaptcbta'git
1406 3993 1457 4054 est,
1484 3990 1605 4060 accipiat
1624 3991 1659 4044 de
1683 3994 1761 4046 terre
1780 4006 1843 4062 quae

97 4075 138 4130 sic
148 4076 197 4131 ille
207 4076 364 4131 curabitur.
998 4075 1072 4130 cioca
1101 4075 1225 4130 radicem
1253 4077 1322 4131 tiliae
1349 4077 1427 4131 illius
1442 4079 1528 4148 (ηοη),
1557 4083 1585 4132 et
1603 4093 1665 4132 eam
1689 4079 1721 4133 Iu
1743 4078 1841 4150 ignem

130 4162 185 4218 Sed
212 4161 283 4216 dum
301 4161 398 4217 caueri
420 4163 568 4219 homiuem
588 4164 752 4230 comeduut,
775 4165 823 4218 ille
844 4180 942 4220 semen
998 4180 1100 4235 pones,
1125 4169 1153 4220 et
1177 4164 1277 4236 Ignita.
1301 4165 1332 4219 in
1360 4181 1423 4218 asso
1456 4165 1559 4220 balneo
1586 4181 1692 4237 aquam
1722 4167 1844 4238 desuper

96 4249 208 4316 abietis,
236 4250 314 4321 quod
342 4249 374 4305 iu
401 4252 566 4306 summitate
589 4252 700 4319 crescit,
739 4267 827 4323 super
852 4253 944 4323 ignito
964 4247 1109 4319 Diuudet,
1136 4259 1164 4306 et
1191 4253 1231 4307 sic
1245 4253 1370 4318 balneet,
1391 4259 1420 4308 et
1442 4255 1497 4308 hoo
1524 4270 1577 4325 per
1600 4270 1703 4311 uorem
1718 4255 1779 4310 dies
1800 4257 1842 4311 Ie-

95 4338 183 4392 latere
207 4337 238 4392 io
268 4339 416 4409 pulverem
439 4340 560 4410 redigat,
581 4346 611 4396 et
635 4357 722 4411 super
744 4341 848 4395 vulnus
871 4342 943 4396 illud
998 4339 1066 4408 cias,
1081 4345 1109 4395 el
1122 4341 1280 4396 curabitur.

96 4425 146 4480 ubi
160 4425 255 4481 cancri
276 4427 424 4482 bominem
443 4429 599 4483 comeduut
618 4428 658 4500 (3)
672 4432 768 4501 ipsum
794 4430 942 4500 pulverem
1095 4429 1159 4484 Cer.
1180 4429 1252 4484 xxv.
1273 4457 1309 4472 -
1327 4429 1366 4484 lIe
1384 4429 1506 4494 Quercu.
1527 4430 1586 4500 (Ιο)
1607 4430 1669 4503 (ΙΙΙ,
1689 4432 1744 4502 35].

94 4514 236 4584 projiciat,
261 4520 291 4570 et
316 4516 412 4570 cancri
440 4516 610 4571 morientur.
630 4517 686 4573 Sed
707 4522 735 4571 et
758 4518 883 4574 eundem
903 4518 944 4573 la·
1033 4515 1150 4581 Onerum
1178 4516 1283 4587 lrigida
1310 4521 1362 4580 est,
1392 4523 1421 4572 et
1447 4518 1520 4572 dura
1543 4525 1571 4572 et
1592 4535 1690 4573 amaru
1718 4525 1769 4588 est,
1791 4522 1840 4577 aad

94 4607 195 4667 terem,
216 4618 304 4674 super
329 4619 416 4674 quem
438 4619 538 4659 semen
560 4605 633 4660 illud
656 4605 866 4676 pulverizatum
887 4611 940 4674 aet,
995 4605 1094 4659 temen
1120 4605 1265 4659 modicum
1288 4605 1319 4659 iu
1334 4622 1368 4660 aa
1392 4605 1427 4660 ed
1450 4607 1568 4677 plenum
1584 4607 1669 4661 valet.
1694 4609 1728 4662 Et
1741 4609 1842 4679 nequi-

93 4705 160 4744 eum
179 4689 236 4745 alio
257 4691 351 4761 Iguito
373 4690 470 4763 lapide
491 4691 586 4748 denuo
605 4692 721 4748 fortiter
741 4694 898 4763 calefaciat,
914 4700 943 4748 et
995 4691 1062 4746 dam
1092 4692 1234 4763 designet.
1264 4695 1298 4748 Et
1326 4693 1388 4764 ipsa
1416 4694 1488 4748 duro
1514 4699 1543 4748 et
1571 4709 1678 4762 amare,
1706 4710 1757 4750 uec
1784 4698 1842 4752 ulla

94 4793 161 4832 eum
190 4793 278 4848 super
300 4780 405 4834 vulnus
426 4779 509 4848 illud,
531 4781 582 4836 ubi
605 4781 702 4854 cancri
724 4781 880 4837 comedunt
901 4782 943 4849 ite
996 4779 1130 4834 mollities
1154 4781 1184 4834 iu
1204 4796 1238 4835 ee
1256 4796 1317 4835 esse
1340 4787 1442 4850 potest.
1474 4783 1509 4836 Et
1539 4782 1625 4838 etiam
1653 4783 1763 4838 Iruotus
1785 4785 1840 4839 ho·

93 4866 218 4920 calidum
233 4870 332 4936 ponat,
346 4873 376 4921 et
389 4867 445 4938 ipsi
469 4869 630 4924 morientur
644 4870 694 4941 (l).
716 4870 788 4924 Etsi
811 4886 843 4925 os
858 4873 941 4925 tuum
995 4867 1068 4922 mIni
1083 4868 1119 4923 ad
1133 4869 1342 4924 comedendum
1364 4885 1422 4924 uon
1445 4873 1530 4939 velet,
1550 4887 1602 4926 uec
1623 4870 1709 4925 eliam
1733 4873 1841 4927 vermi-

129 5007 152 5078 (Ι
188 5009 271 5063 Piens
283 5009 366 5063 abies.
995 5012 1044 5067 ille
1061 5011 1175 5067 euentus
1197 5012 1323 5066 solvetur
1336 5017 1365 5066 et
1386 5011 1515 5066 cessabit.
1532 5012 1649 5066 Ciueres
1663 5028 1779 5084 quoque
1806 5013 1840 5067 de

129 5080 157 5150 (t
190 5081 225 5134 Et
238 5081 330 5145 [ertit.
345 5082 442 5148 mauis.
458 5079 504 5134 ed.
517 5097 575 5135 orn.
994 5085 1074 5154 IIgno
1106 5081 1206 5136 abietis
1229 5082 1308 5148 liant,
1331 5087 1359 5136 et
1380 5097 1445 5136 cum
1469 5083 1510 5136 cis
1541 5082 1639 5137 lixivia
1655 5090 1780 5154 paretur,
1811 5090 1841 5138 et

130 5151 171 5216 (3)
193 5149 293 5206 Ubi-
308 5149 461 5217 comeduut,
477 5152 522 5205 ed.
537 5167 595 5205 om.
994 5153 1216 5224 caputlavetur;
1231 5157 1260 5207 et
1273 5158 1359 5223 caput
1373 5157 1455 5207 sanet
1469 5158 1497 5207 et
1513 5154 1612 5208 oculos
1626 5154 1771 5209 clarilicat.
1788 5173 1803 5203 a

130 5220 169 5291 (4)
189 5219 283 5277 Sedet
296 5249 330 5260 -
343 5223 494 5275 morientur
508 5221 554 5276 ed.
568 5236 627 5275 om.
1041 5226 1071 5292 7)
1092 5225 1164 5278 Titio
1177 5225 1320 5292 Europae.

131 5293 170 5362 (ὅ)
189 5293 249 5348 uon
263 5290 578 5360 eutem-redigeted.
596 5305 654 5346 om.
1041 5294 1068 5362 8)
1088 5297 1122 5349 lit
1137 5294 1426 5363 color-etpalatum.
1441 5294 1485 5348 ed.

130 5362 166 5432 (6)
186 5362 240 5418 Sed
253 5362 327 5417 abies
341 5390 376 5401 -
400 5363 553 5417 excitentur
575 5376 633 5416 om.
656 5361 714 5426 ed..
733 5377 857 5433 quorum
878 5362 940 5417 loco
1041 5365 1069 5429 9)
1090 5365 1166 5419 Sicut
1179 5365 1249 5418 cocle
1261 5393 1296 5406 -
1311 5363 1548 5419 innocentorum.
1566 5365 1608 5418 ed.

95 5431 155 5486 haee
178 5431 291 5487 hebet:
317 5453 331 5481 ι
357 5431 385 5488 Si
413 5447 514 5487 reuma
541 5430 686 5503 superflue
714 5431 869 5487 auaribus
896 5433 940 5487 el·
1044 5433 1086 5502 lu)
1106 5437 1225 5500 Quercus
1238 5434 1432 5504 pedunculoto.

95 5503 169 5569 lluit,
197 5502 295 5558 tumus
320 5503 356 5557 de
380 5501 459 5574 liguo
487 5502 591 5558 ablatis
611 5501 782 5574 echpiatur,
808 5507 838 5558 et
865 5503 941 5558 lluor
