3984 6034
203 176 271 231 etue
927 172 956 224 s,
976 161 1211 226 uttuheauuts
1890 172 1949 222 ιιιιι

201 311 299 382 periit;
325 311 501 381 quapropter
523 304 680 361 Antonium
695 310 724 360 et
750 303 928 364 hecteriam
950 305 1040 360 acaia
1058 311 1148 362 Asuo
1163 303 1290 361 serviret.
1317 305 1349 360 lit
1372 303 1478 376 Spiritu
1507 309 1606 360 senato
1633 303 1803 376 inspirante,
1835 319 1951 360 omnem

201 398 321 464 similes,
348 396 399 468 qui
426 394 525 450 herbis
550 398 580 449 et
602 393 683 449 dens
714 393 829 449 cibariis
852 393 992 462 vixerant,
1017 394 1048 449 in
1102 393 1284 449 devotionem
1299 393 1393 448 cordis
1406 393 1450 446 sui
1464 392 1499 446 ad
1518 391 1718 448 conversiones
1747 397 1777 448 et
1790 394 1833 448 ad
1847 393 1951 447 doctri-

201 487 287 542 corde
302 502 353 540 sno
367 484 534 556 frequenter
554 483 691 552 babebat,
707 487 850 553 quatenns
863 481 980 537 illorum
996 497 1048 537 ex·
1103 497 1169 538 nam
1185 481 1261 537 beati
1277 479 1421 539 Benedicti
1438 481 1545 549 posuit,
1562 481 1612 552 qui
1623 481 1684 552 jem
1694 481 1730 536 ad
1744 483 1844 536 haum
1862 487 1952 535 trans·

202 575 299 647 emplo
314 589 418 646 corpus
441 587 526 627 suum
552 587 570 625 a
597 570 733 628 mollibus
758 575 789 625 et
820 570 951 626 delicatis
977 570 1048 625 cibis
1102 571 1184 638 ierat,
1200 574 1229 628 et
1247 568 1388 642 quosdam
1413 570 1511 624 beatos
1529 568 1614 637 viros,
1629 575 1734 624 sanctae
1757 569 1950 624 institutione

201 662 464 732 constringeretur
489 659 525 714 ab
550 658 670 729 antiquo
696 663 829 731 serpente
855 658 1045 731 deciperetur.
1101 657 1270 714 suetideles
1285 657 1442 722 ministros,
1457 655 1566 711 eisdem
1590 656 1768 728 temporibus
1791 657 1898 712 adbuc
1918 661 1949 710 ri

202 752 235 808 Et
249 755 358 822 quanto
375 749 439 821 plus
457 748 558 804 beatus
572 746 625 802 istc
646 762 760 802 caruem
784 763 866 802 auam
890 747 1046 818 affligebat,
1101 751 1199 802 ventes
1224 751 1254 801 et
1271 745 1438 817 superstites
1463 745 1629 817 reliqueret,
1651 749 1738 817 atque
1771 745 1809 800 ad
1840 745 1950 816 longia

200 843 281 894 tanto
298 838 422 909 emplius
435 836 559 908 gratiam
583 851 665 890 snam
692 836 768 891 heus
791 851 858 890 cum
876 835 927 890 illo
952 835 1049 890 mutti-
1101 850 1172 906 quas
1197 835 1340 906 regiones,
1366 833 1414 888 ubi
1438 833 1538 888 endem
1561 833 1739 889 conversatio
1760 833 1907 905 religiose
1926 841 1950 888 et

200 926 331 998 plicavit;
347 924 548 980 undeinllrmi
566 922 686 994 plurimi
709 928 739 977 et
759 923 868 978 debiles
890 923 947 995 ipsi
969 923 1047 976 allati
1102 926 1198 979 sancte
1224 922 1348 993 vigebat,
1377 921 1496 977 nuutios
1520 921 1624 977 humili
1660 921 1881 994 supplicatione
1905 939 1948 994 pru

202 1019 279 1082 sunt,
295 1029 371 1084 quos
385 1011 508 1082 Spiritus
527 1017 642 1066 sanctus
664 1027 715 1082 per
729 1011 833 1065 merita
848 1011 911 1081 ejus
929 1015 1047 1082 repente
1101 1011 1158 1066 illis
1182 1011 1269 1079 misit,
1292 1010 1341 1083 qui
1364 1009 1477 1065 vincam
1493 1009 1608 1065 homini
1630 1009 1761 1078 Sabaoth,
1786 1009 1947 1066 secundun

202 1102 336 1158 sanavit:
361 1100 438 1172 quod
468 1105 564 1155 tamen
592 1097 654 1169 ipse
677 1098 827 1154 humiliter
848 1114 1046 1172 expavescens,
1101 1099 1261 1155 doctrinam
1279 1097 1410 1170 predicti
1433 1097 1525 1152 Patris
1547 1097 1722 1168 plantarent,
1738 1097 1788 1168 qui
1815 1099 1945 1168 regula·

199 1191 315 1246 landem
327 1189 490 1257 bominum,
504 1192 646 1258 quantum
661 1188 769 1258 potuit,
779 1187 921 1259 fugiebat.
1100 1187 1241 1260 spirituali
1255 1187 1364 1259 populo
1391 1185 1620 1254 convenientem,
1644 1201 1678 1241 ex
1697 1185 1779 1240 omni
1795 1186 1862 1242 vita
1888 1203 1945 1240 saa-

235 1281 279 1334 20.
297 1279 426 1348 Cumque
450 1276 528 1330 lema
541 1275 700 1330 sanctitatis
714 1275 777 1346 ejus
790 1291 844 1347 per
866 1281 956 1330 totam
972 1275 1046 1330 banc
1100 1282 1225 1347 ctorem,
1239 1276 1348 1348 Spiritu
1363 1273 1601 1340 sanetodocente,
1617 1273 1814 1330 constituerat.

200 1364 676 1439 provinciam,pcpntoprodente,
690 1365 807 1428 volaret,
822 1363 939 1434 quidam
954 1363 1044 1418 lienus
1135 1367 1180 1421 23.
1197 1365 1229 1420 Et
1250 1364 1291 1419 sie
1313 1363 1541 1436 quamplurimos
1565 1361 1696 1434 ejusdem
1718 1362 1944 1418 conversationis
1977 1367 1978 1406 t

186 1456 335 1510 timentes
349 1454 385 1509 ad
406 1469 473 1508 eum
498 1457 649 1520 venerunt,
676 1459 706 1507 et
729 1468 849 1524 parvum
873 1452 1044 1518 oratorium,
1100 1453 1176 1508 viros
1189 1453 1339 1524 religiosos
1359 1451 1412 1507 sibi
1441 1451 1568 1518 attraxit,
1597 1449 1702 1522 quibus
1731 1457 1761 1505 et
1787 1451 1944 1506 oratorium

199 1543 230 1598 in
244 1543 384 1598 descensu
397 1541 512 1612 prelati
540 1541 647 1595 montis
674 1541 711 1596 ad
737 1541 890 1607 orientem,
917 1540 944 1594 ei
974 1540 1042 1594 edi·
1100 1543 1130 1594 et
1152 1539 1315 1596 habitacula
1342 1539 1552 1606 convenientia,
1579 1538 1610 1594 iu
1632 1537 1787 1609 supercilio
1815 1539 1945 1609 ejusdem

197 1628 486 1698 ficaverunt,inque
508 1626 687 1681 divinarum
714 1627 773 1680 suls
798 1624 893 1680 cilicia
922 1625 1045 1681 celebra·
1064 1601 1218 1696 Buxentia,
1237 1631 1354 1699 propter
1377 1627 1524 1682 dilllcilem
1551 1642 1708 1693 accessum,
1723 1643 1825 1682 versus
1855 1629 1945 1682 ories·

197 1723 252 1786 ret,
277 1722 420 1788 quatenns
436 1721 466 1770 et
494 1716 550 1788 ipsi
575 1721 605 1770 et
630 1716 727 1770 ceteri
754 1730 807 1786 pro
833 1716 891 1770 ileo
909 1730 1045 1787 superve-
1098 1719 1157 1772 mm
1172 1712 1313 1771 adificare
1324 1715 1421 1788 jussit,
1444 1715 1577 1772 videlieet
1599 1731 1636 1770 ne
1661 1717 1766 1772 amodo
1793 1731 1813 1771 a
1839 1720 1944 1789 populo

199 1807 324 1875 nientes,
339 1805 426 1860 verba
439 1809 468 1859 et
482 1803 663 1874 pascuasius
677 1804 712 1858 ab
726 1803 840 1858 eoinibi
852 1803 1044 1874 perciperent.
1099 1804 1313 1869 infestarentur,
1333 1810 1362 1860 et
1377 1819 1413 1859 ne
1442 1805 1516 1859 torte
1539 1803 1621 1874 rigor
1646 1819 1679 1858 ac
1706 1803 1809 1875 religio
1834 1821 1941 1870 eornm,

198 1894 255 1950 atii
282 1898 380 1949 antem
408 1908 509 1947 versus
533 1892 722 1958 occidentem,
757 1891 788 1945 in
813 1891 931 1962 planitie
963 1890 1044 1962 pedis
1099 1893 1270 1964 quotidiana
1289 1893 1520 1964 frequentatione
1534 1891 1811 1964 supervenientium,
1827 1894 1861 1947 in
1881 1899 1944 1949 met·

198 1982 327 2054 ejusdem
342 1981 450 2035 montis
472 1996 573 2052 vepres
593 1984 622 2034 el
637 1981 744 2035 lrnteta
756 1979 950 2046 succiderunt,
976 1981 1044 2034 bea·
1099 1981 1190 2036 litiern
1215 1986 1244 2036 et
1264 1983 1295 2036 in
1319 1982 1472 2052 segnitiem
1496 1987 1666 2036 verteretur.
1690 1983 1754 2052 lpse
1768 1997 1850 2050 vero,
1868 1983 1941 2037 atad

198 2077 287 2141 toque
301 2069 363 2124 viro
383 2069 484 2124 hortos
510 2072 540 2123 et
563 2084 668 2139 pascam
690 2084 835 2139 parvaque
861 2069 978 2138 tuguria
1002 2069 1045 2124 ibi
1099 2069 1196 2124 omnia
1213 2069 1392 2124 occursantia
1407 2075 1525 2141 paratus
1547 2075 1632 2135 esset,
1650 2073 1679 2123 et
1692 2073 1725 2124 nt
1737 2069 1939 2140 superveniss-

198 2161 373 2230 parerernnt
390 2172 396 2211 :
418 2156 496 2210 unde
511 2161 539 2210 et
551 2160 671 2226 propter
684 2156 800 2221 fruteta,
816 2171 882 2226 qne
896 2155 938 2210 ibi
952 2155 1045 2210 excisa
1098 2156 1175 2212 tibus
1201 2157 1231 2212 in
1245 2157 1400 2214 reddendis
1414 2156 1570 2226 responsis,
1597 2157 1755 2212 secundnm
1774 2158 1939 2228 qualitatem

198 2253 276 2316 sunt,
291 2261 356 2318 qnae
369 2245 483 2316 vulgari
495 2244 639 2299 locutione
650 2243 754 2299 studim
766 2246 821 2314 (ot)
834 2244 980 2311 dicuntur,
996 2244 1041 2298 lo·
1098 2259 1198 2299 eorum
1224 2245 1360 2300 omnibus
1391 2245 1579 2311 satisfacerem
1611 2246 1642 2300 in
1671 2244 1809 2300 descensu
1839 2247 1940 2300 monis

198 2351 249 2391 cus
274 2334 337 2406 ipse
360 2333 538 2390 studenheim
563 2331 697 2404 primitus
711 2331 937 2403 appellatnsest.
964 2331 1044 2387 llulti
1097 2333 1187 2404 ipsius
1207 2333 1243 2388 ad
1267 2333 1419 2400 orientem,
1449 2333 1480 2388 in
1503 2332 1668 2388 habitaculo
1696 2338 1726 2388 et
1748 2332 1781 2387 in
1807 2337 1938 2401 oratorio,

196 2437 312 2494 qnoque
337 2437 370 2476 ex
393 2420 560 2492 longinquis
573 2420 741 2490 regionibus
766 2419 802 2474 ad
821 2420 938 2475 matam
966 2421 1044 2494 huuc
1098 2421 1174 2492 quod
1190 2420 1245 2476 sibi
1262 2427 1423 2492 paraverat,
1449 2427 1482 2476 ut
1507 2422 1703 2493 supradictum
1728 2427 1781 2490 est,
1798 2423 1939 2478 soliterius

197 2510 359 2578 veniebant,
393 2509 563 2580 animasque
592 2525 656 2563 snas
681 2509 708 2563 ei
733 2509 810 2563 bona
837 2508 895 2564 tide
926 2513 955 2563 et
992 2525 1042 2580 spe
1096 2509 1265 2578 permensit.
1283 2509 1475 2581 Congregatio
1493 2517 1591 2565 antem
1615 2509 1785 2565 eorumdem
1809 2509 1938 2574 imunt,

196 2597 438 2654 commendabant
467 2596 571 2668 :qnod
600 2596 701 2668 populi
722 2596 752 2650 in
780 2597 881 2650 eadem
895 2597 1043 2666 provincie
1097 2601 1155 2650 um
1185 2597 1342 2652 secundum
1371 2598 1461 2653 licum
1491 2613 1578 2669 qnam
1606 2597 1764 2652 meandum
1791 2597 1940 2654 hominen

195 2684 368 2752 habitantes,
382 2685 481 2739 divino
500 2683 640 2740 instinctu
663 2685 867 2751 extimuerunt,
897 2700 929 2739 ac
952 2700 984 2739 ae
1010 2684 1042 2740 in
1096 2684 1357 2755 augmentabatur:
1378 2685 1563 2756 etquidquid
1584 2685 1739 2740 facereret
1761 2685 1873 2742 babere
1901 2688 1940 2742 de

194 2773 250 2827 boc
271 2773 345 2828 lactc
365 2771 545 2843 negligentes
572 2786 633 2826 esse
651 2770 950 2842 dixerunt-quoniam
967 2773 1042 2828 heus
1096 2771 1213 2840 bebent,
1234 2772 1364 2844 jussione
1380 2773 1423 2828 vel
1450 2759 1637 2843 permissione
1658 2773 1744 2845 hujus
1768 2775 1863 2830 sancti
1894 2777 1939 2828 viri

195 2860 231 2915 ad
244 2860 367 2932 gloriam
383 2867 413 2915 et
426 2861 461 2914 ad
476 2860 618 2915 bonorem
634 2859 760 2915 nominis
773 2859 819 2914 sui
846 2860 941 2915 locum
957 2860 1040 2920 illum
1060 2860 1192 2932 citabat,
1215 2877 1248 2917 ae
1275 2877 1459 2918 communem
1477 2862 1577 2930 vitam,
1605 2863 1763 2918 meandum
1786 2862 1940 2918 institutio

194 2964 247 3018 per
265 2955 397 3004 sanctum
419 2964 504 3003 sunm
527 2948 677 3014 visitasset,
699 2962 788 3018 quem
817 2946 874 3018 ipsi
893 2948 976 3018 juxta
1011 2965 1040 3002 se
1094 2964 1163 3003 nem
1176 2949 1253 3004 beati
1264 2950 1420 3018 benedicti,
1433 2949 1614 3006 exercebant.

194 3037 334 3093 hebentes
367 3035 483 3091 visitare
509 3041 539 3091 et
560 3035 743 3092 facultatibus
779 3035 839 3090 suis
860 3035 1040 3106 frequentius
1067 3071 1075 3085 ·
1129 3038 1174 3091 il.
1201 3037 1340 3093 studebat
1364 3038 1472 3094 etenim
1488 3038 1553 3110 pius
1580 3040 1665 3094 Pater
1687 3037 1844 3094 hisibodus
1865 3041 1939 3111 qnod

192 3125 336 3180 bonorare
351 3126 541 3196 negligerent.
1094 3125 1280 3197 congregatio
1293 3126 1393 3196 ipsius,
1410 3143 1463 3197 per
1474 3127 1713 3184 consuetudinem
1730 3126 1787 3182 sibi
1798 3127 1939 3183 instituta

227 3216 273 3268 tr.
296 3214 376 3270 Unde
398 3213 506 3267 tactum
534 3216 587 3280 est,
612 3211 691 3283 quod
715 3211 860 3283 principes
884 3210 1039 3283 ceterique
1093 3213 1165 3284 legis
1179 3214 1217 3268 ite
1231 3215 1388 3285 composita
1403 3222 1433 3270 et
1446 3214 1531 3271 firma
1549 3221 1633 3282 esset,
1647 3215 1723 3287 qnod
1745 3215 1881 3271 diabotus
1903 3217 1938 3271 lo

192 3300 345 3356 nobileset
359 3299 472 3367 divites,
494 3315 552 3354 nne
576 3315 642 3355 cum
658 3297 772 3372 reliquo
786 3299 894 3370 populo
924 3300 1039 3355 οιιεάοιιι
1093 3316 1173 3357 veam
1187 3301 1322 3357 vitiorum
1337 3302 1368 3358 iu
1383 3319 1417 3357 ea
1431 3319 1533 3374 parare
1549 3319 1608 3359 nou
1622 3309 1728 3374 posset,
1745 3308 1775 3359 ct
1795 3305 1879 3376 quod
1894 3309 1938 3376 ja-

192 3393 284 3442 terras
308 3386 512 3456 inhabitantes,
534 3393 661 3442 montem
689 3387 785 3457 ipsum
810 3402 877 3442 cnm
903 3389 1039 3444 omuibus
1092 3391 1157 3444 unis
1171 3391 1229 3445 suis
1242 3407 1305 3446 eam
1320 3391 1489 3462 transfigere
1504 3396 1534 3448 et
1548 3393 1583 3448 ab
1597 3391 1718 3448 invicem
1733 3407 1871 3463 separare
1886 3410 1936 3448 noa

191 3477 323 3532 terminis
347 3476 418 3542 suis,
456 3477 535 3532 ultra
576 3477 761 3532 decurrentes
789 3476 902 3543 fluvios,
932 3478 1040 3533 seilicet
1093 3480 1213 3548 valeret3
1231 3480 1349 3551 etquod
1366 3478 1428 3551 ipsa
1443 3477 1579 3536 terribilis
1594 3495 1647 3551 per
1667 3481 1878 3536 continentiam
1904 3483 1938 3536 vi·

191 3565 262 3620 Nam
277 3564 328 3637 lul.
343 3564 434 3635 Nehe]
449 3569 478 3620 et
491 3565 573 3632 Glan,
589 3565 620 3619 in
636 3565 902 3636 longumetlatnm,
918 3572 951 3622 ul
964 3583 1038 3638 pre·
1091 3566 1211 3637 homar,
1226 3583 1259 3622 ac
1273 3568 1351 3622 velut
1366 3567 1441 3622 acies
1463 3567 1604 3636 ordinata,
1624 3568 1655 3622 in
1673 3568 1827 3624 eoncordia
1850 3571 1937 3624 virtu·

191 3653 302 3708 dictem
325 3657 379 3720 est,
404 3651 530 3719 directis,
554 3653 648 3708 ciuem
670 3652 754 3708 beato
781 3653 842 3708 viro
868 3669 901 3708 ac
917 3655 1038 3725 posteris
1090 3657 1154 3709 tum
1167 3654 1283 3711 diabolo
1298 3659 1326 3710 et
1342 3655 1680 3728 bominibusapparsret.
1693 3656 1939 3730 Sapienterqctp

191 3743 254 3814 ejus
277 3741 420 3810 offerunt,
442 3742 511 3814 qnia
532 3740 677 3797 mirabilia
698 3742 748 3797 Dei
778 3741 809 3798 in
834 3758 869 3796 ec
892 3743 1035 3808 uiderunt,
1091 3759 1126 3815 pe
1140 3759 1205 3798 eam
1228 3749 1329 3799 contra
1351 3744 1467 3800 hostiles
1486 3750 1595 3800 turmas
1614 3747 1757 3801 asnorum
1781 3745 1938 3816 spirituum

104 3833 107 3836 ’
189 3835 333 3902 qnatenus
359 3830 448 3886 etiam
475 3835 582 3886 sancte
609 3830 832 3886 conversationls
852 3830 926 3886 inibi
951 3831 1037 3886 bonis'
1090 3832 1120 3886 in
1142 3832 1304 3888 bumilitate
1317 3847 1448 3904 pugnare
1468 3838 1498 3888 et
1512 3835 1667 3889 venitatem
1682 3833 1826 3905 superbie
1850 3852 1885 3890 ac
1899 3851 1939 3890 ar

189 3919 357 3976 bominibus
384 3919 577 3990 congregatis,
610 3919 770 3974 necessaria
793 3919 943 3990 presentis
971 3920 1035 3974 vitae
1090 3921 1256 3990 rogantium
1271 3921 1386 3985 menth,
1409 3921 1439 3975 in
1458 3922 1649 3978 delectatione
1671 3922 1768 3978 seculi
1789 3923 1882 3994 huius
1903 3925 1939 3977 vi-

189 4013 218 4062 et
231 4009 295 4064 sine
309 4008 473 4077 indigentie
496 4007 678 4075 sufficerent3
706 4013 735 4062 et
762 4006 908 4062 communi
924 4023 993 4063 voce
1008 4014 1037 4064 ct
1089 4012 1150 4062 tere
1179 4007 1309 4075 docebat,
1341 4009 1514 4082 laudemque
1538 4025 1570 4064 ac
1594 4010 1717 4082 gloriam
1744 4011 1873 4079 viatoris,
1889 4013 1937 4084 qui

188 4097 314 4150 clamore
329 4095 485 4150 dicebaut:
503 4116 517 4144 ιι
542 4096 616 4151 Laus
638 4095 701 4164 tibi,
717 4096 838 4150 llomine
854 4097 939 4164 heus,
966 4097 1035 4168 quia
1089 4095 1218 4166 legitime
1235 4097 1396 4164 certaverit,
1420 4103 1449 4153 et
1478 4113 1508 4152 se
1530 4097 1635 4155 deinde
1662 4099 1692 4154 in
1716 4101 1828 4154 ceneta
1853 4107 1938 4154 nete

187 4183 265 4237 hunc
287 4189 417 4238 sanctum
441 4189 523 4237 tunm
548 4183 632 4238 nobis
654 4184 768 4239 mittere
798 4184 934 4254 dignatus
951 4201 991 4239 es.
1019 4207 1030 4234 ι
1053 4166 1350 4255 ”circumspectionis
1363 4185 1437 4240 bene
1451 4187 1670 4255 conservaverit,
1685 4187 1850 4258 diligenter,
1871 4203 1936 4258 pro·

187 4270 248 4335 Qua
263 4270 408 4326 oblatione
426 4274 568 4343 suscepte,
581 4271 683 4327 beatus
706 4272 755 4326 ille
770 4273 913 4339 extimuit,
939 4289 1034 4328 recor-
1089 4272 1223 4342 ponebat.
1245 4272 1323 4327 Vallo
1351 4273 1438 4328 etiam
1463 4273 1569 4345 rigoris
1589 4280 1620 4330 et
1641 4275 1826 4330 districtionis
1849 4277 1937 4341 totins

186 4359 269 4414 datus
297 4360 375 4432 quod
401 4360 432 4415 in
463 4360 620 4432 episcopali
646 4376 734 4416 onere
762 4361 889 4432 plurima
916 4362 1035 4418 adversa
1088 4356 1224 4430 spiritalis
1245 4358 1404 4430 discipline
1418 4375 1482 4416 eam
1502 4361 1684 4418 circumfodit
1698 4367 1728 4417 et
1749 4363 1886 4430 munivit,
1901 4379 1935 4418 ns

184 4446 265 4519 prius
279 4447 457 4503 sustinuerat
468 4466 484 4504 a
497 4449 646 4520 gentibus,
655 4449 778 4519 genibus
793 4449 828 4505 ad
838 4450 929 4506 Deum
942 4450 1033 4522 hexis,
1086 4444 1218 4502 diabolus
1231 4447 1353 4503 latenter
1362 4461 1482 4520 repente
1497 4465 1662 4521 supeream
1682 4451 1817 4520 irrueret,
1840 4453 1934 4506 aciem

184 4535 295 4604 erubet,
312 4541 343 4592 nt
364 4535 588 4593 eademobtetlo
603 4538 780 4594 adtractum
807 4544 837 4594 et
859 4540 895 4594 ad
919 4545 1034 4611 vegeta·
1087 4534 1226 4606 quoditie
1242 4536 1398 4594 maximum
1413 4537 1542 4593 studium
1558 4537 1652 4605 babet,
1676 4545 1821 4610 quatenus
1844 4555 1932 4611 super

184 4624 295 4679 tionem
307 4619 485 4691 animarum,
501 4626 609 4698 Spiritu
622 4627 758 4693 donante,
774 4637 949 4701 exsurgeret.
1087 4624 1245 4695 spiritalem
1260 4625 1400 4696 populum
1411 4625 1502 4681 irruat
1517 4641 1524 4681 :
1538 4633 1567 4682 et
1580 4627 1657 4698 quod
1672 4628 1764 4684 multo
1779 4625 1847 4699 plus
1861 4645 1933 4700 geu·

220 4712 265 4764 tt.
292 4709 403 4783 Deinde
425 4711 473 4767 die
496 4728 529 4766 ac
553 4717 635 4767 nocte
649 4712 680 4766 iu
695 4715 781 4769 corde
795 4730 847 4769 suc
871 4717 1032 4784 aestuando,
1088 4711 1380 4784 dttb⁸i⁸plfi1⁰ttl⁰m
1402 4715 1550 4770 hominem
1574 4716 1729 4771 seeundum
1756 4717 1932 4772 '⁰1⁰⁰th

184 4798 330 4869 cogitabat
355 4798 602 4869 quemadmodum
633 4799 664 4854 iu
687 4801 830 4857 desiderio
848 4803 953 4857 mantis
972 4820 1032 4859 sue
1085 4799 1235 4869 pravitatis
1249 4817 1309 4856 sue
1324 4805 1512 4873 superaverit,
1528 4819 1615 4874 qnam
1634 4803 1659 4859 si
1686 4807 1793 4861 multos
1818 4805 1935 4862 amula·

184 4886 393 4956 perplurimos
407 4903 499 4942 annos
522 4893 589 4942 ante
614 4893 773 4945 transactos
794 4889 943 4957 habuerat,
961 4908 1032 4963 qno.
1084 4886 1280 4944 restitisset:
1297 4889 1531 4960 quoniamilium
1554 4891 1677 4948 similem
1697 4892 1752 4948 sibi
1774 4893 1879 4952 teclme
1896 4901 1931 4954 vl·

185 4972 273 5027 modo
287 4976 316 5026 et
341 4972 392 5028 ubi
409 4971 569 5043 religiosos,
595 4978 624 5028 et
648 4989 757 5045 asperae
773 4974 839 5029 vitre
858 4975 934 5030 viros
948 4977 1031 5032 colli·
1083 4973 1140 5042 det,
1157 4991 1255 5032 cuma
1279 4978 1387 5034 coetesti
1402 4979 1546 5036 desiderio
1575 4981 1661 5049 cadit,
1686 4983 1930 5055 quemadmodum

183 5066 276 5130 geret,
295 5059 436 5133 queniam
454 5060 486 5116 in
506 5062 609 5133 spiritu
624 5062 767 5118 intellexit
784 5064 862 5135 qnod
877 5065 968 5119 haum
983 5065 1031 5120 da·
1083 5069 1112 5118 et
1125 5064 1188 5135 ipse
1201 5081 1253 5137 per
1267 5066 1432 5138 superbiam
1448 5068 1483 5123 de
1496 5068 1567 5124 creto
1578 5069 1697 5126 corruit.

181 5152 272 5216 cerat,
288 5157 319 5205 nt
334 5149 472 5221 spiritalis
485 5150 671 5222 congegatio
693 5152 726 5206 in
746 5152 809 5207 locu
828 5152 879 5208 illo
902 5153 1030 5209 Creatori
1119 5155 1163 5208 hb.
1183 5155 1239 5210 llcc
1261 5155 1347 5211 modo
1367 5163 1483 5212 sanctus
1500 5157 1555 5213 iste
1574 5157 1650 5215 illios
1676 5176 1743 5216 suos
1766 5163 1932 5220 coadunare
1977 5121 1978 5172 ¹

217 5269 273 5341 (et)
287 5271 401 5354 llornnt
427 5271 561 5327 Germani
583 5271 715 5358 Stcudeu,
730 5289 783 5355 pro
810 5274 933 5356 tratetis,
949 5277 1028 5332 unde
1081 5293 1181 5334 verum
1197 5281 1227 5336 in
1240 5281 1398 5354 appendice
1411 5282 1619 5340 miraculorum
1633 5300 1732 5342 rursus
1746 5286 1856 5360 legitur
1870 5292 1931 5349 Ste·
1977 5309 1978 5358 ι

181 5339 301 5396 lormari
315 5342 463 5398 debuisset
474 5343 700 5408 suadentem
714 5345 787 5401 torte
801 5346 905 5400 melius
920 5362 1027 5404 nomen
1082 5347 1232 5408 dornheim.

180 5411 236 5466 loci
252 5415 388 5485 expressit
401 5413 586 5484 Tritbemius,
609 5415 660 5470 nbi
687 5415 786 5471 scribit
815 5417 1024 5475 moenem:
