3984 6034
156 92 209 147 aes
459 91 462 113 ¹
656 63 663 79 “
892 92 920 150 s.
942 90 1177 151 airusalems
1860 88 1914 144 aas

156 226 200 283 itti
233 226 368 296 auferret,
403 229 472 302 qaia
504 232 591 301 caput
621 229 683 299 eius
715 228 809 285 valida
836 229 1004 287 fordtudine
1023 228 1190 285 hincarus
1218 226 1279 299 pati
1303 224 1401 281 voluit.
1427 224 1608 281 llomoanim
1629 238 1702 296 opus
1730 224 1843 280 dextras
1863 225 1914 280 liei

156 316 362 372 contemndum
376 316 530 388 prescivit.
546 316 693 373 Praedictis
714 332 831 389 quoque
849 318 1005 375 virtutibus
1059 320 1111 385 est,
1139 332 1192 389 per
1216 330 1303 389 quem
1330 314 1391 387 ipsa
1415 314 1531 371 vestitus
1555 318 1584 369 et
1603 317 1721 369 vocatus
1746 313 1780 369 ad
1794 314 1916 385 regales

158 404 281 461 decimis
310 410 446 461 exornata
476 409 506 461 et
537 405 634 460 dotata
663 405 694 460 in
726 405 892 462 cubiculum
928 406 1006 480 regis
1058 404 1174 477 nuptias
1189 407 1240 470 est,
1263 418 1335 476 quas
1357 402 1504 459 humilitas
1530 402 1608 469 lecit,
1625 414 1690 457 cum
1713 402 1788 457 Dans
1805 401 1915 456 altissi-

157 493 326 559 ducahatur,
341 498 374 548 nt
392 492 609 566 scriptumest:
956 540 964 555 .
1059 509 1124 549 mus
1136 493 1166 547 in
1181 491 1240 549 ima
1249 496 1331 547 terroe
1347 489 1481 562 respexit,
1499 495 1527 546 et
1544 490 1690 546 ecclesiam
1708 489 1743 545 de
1758 490 1914 545 communi

162 598 252 656 Verba
270 596 364 655 David
377 614 412 654 η
426 598 617 671 mmm„-
642 596 802 653 1300ka
813 596 894 653 „ario
917 595 1005 653 virm.
1058 582 1165 653 populo
1180 580 1304 651 collegit,
1328 582 1470 650 quateuus
1483 577 1532 633 ille
1555 577 1605 649 qui
1620 577 1761 633 ceciderat
1781 592 1841 648 per
1858 592 1916 647 pae-

289 672 351 725 tum
360 668 617 725 cultudeccrotom
630 667 873 723 commmaduutio.
1059 668 1209 725 nitentium
1240 672 1413 739 resurgeret,
1451 682 1539 738 eaque
1570 665 1601 720 in
1633 665 1739 719 sanctis
1778 665 1916 720 moribus

193 758 262 812 tv«
286 757 384 813 Astitit
403 756 506 828 regina
529 756 671 811 adertris
689 755 748 810 tuis
775 755 804 810 in
825 754 928 810 vestitu
952 754 1006 809 de·
1058 760 1210 813 renovaret
1225 755 1361 811 varietate
1382 754 1520 809 virtutum
1540 753 1623 826 quasi
1640 752 1785 808 viriditate
1800 753 1912 808 tlornrn

158 849 260 901 aurato
292 845 468 900 circumdata
509 844 683 899 varietate.»
723 843 818 915 Hujus
855 843 1007 898 sententie
1059 846 1224 901 adornatus.
1258 842 1400 915 Superbia
1426 846 1522 899 auum
1555 856 1669 913 semper
1692 846 1834 912 corrupta
1860 846 1912 907 est,

158 934 323 989 intellectus
343 933 397 989 hoc
412 933 497 988 modo
512 932 695 1004 accipiendus
709 935 770 987 est:
794 931 883 987 oriri
904 931 1007 1001 Patris,
1060 934 1127 1005 quia
1150 946 1386 1004 unamquamque
1409 946 1471 986 rem
1492 930 1668 1001 comprimit,
1689 929 1793 986 dividit
1810 936 1844 985 et
1869 931 1913 984 ab

158 1021 190 1076 in
222 1019 445 1091 desponsatione
472 1019 620 1075 catholicae
656 1017 725 1075 tidei
755 1018 845 1074 astitit
881 1018 1008 1074 Ecclesia
1059 1018 1177 1087 strahit;
1201 1018 1349 1073 humilitas
1373 1032 1441 1072 vero
1467 1016 1539 1072 nulli
1569 1017 1726 1089 quidquam
1751 1018 1830 1090 rapit
1866 1034 1911 1071 seu

158 1106 341 1180 prosperitati
373 1122 566 1179 supernorum
587 1106 798 1163 desideriorum
827 1107 925 1163 dotata
947 1106 1008 1176 lhu-
1060 1106 1210 1175 abstrahit,
1232 1106 1281 1162 sed
1300 1106 1398 1162 omnia
1419 1105 1450 1160 in
1465 1105 1603 1161 charitate
1626 1105 1742 1174 retinet,
1760 1106 1835 1161 etin
1853 1106 1912 1178 ipsa

159 1197 299 1252 munitate
315 1201 376 1263 tua,
393 1211 457 1267 quae
472 1196 578 1251 rubore
596 1194 746 1267 sanguinis
761 1196 804 1250 tui
827 1196 1005 1266 pertusaest,
1060 1197 1135 1251 Deus
1159 1194 1194 1250 ed
1213 1198 1303 1249 terras
1318 1210 1347 1249 se
1369 1193 1526 1262 reclinavit,
1553 1198 1639 1265 etque
1655 1208 1756 1249 omnes
1790 1193 1913 1248 virtutes

98 1278 102 1282 ’
159 1282 373 1339 circumamicta
388 1298 504 1354 quoque
525 1281 732 1354 multiplicibus
746 1281 909 1350 virtruibus,
933 1298 1007 1353 quae
1062 1298 1114 1355 per
1134 1283 1228 1354 ipsam
1246 1281 1371 1352 collegit.
1392 1281 1517 1336 Virtutes
1539 1296 1665 1353 namque
1679 1282 1716 1337 ad
1738 1281 1848 1337 Filium
1866 1281 1912 1336 llei

159 1371 296 1427 dedomo
310 1371 401 1443 patris
417 1370 460 1426 tui
474 1369 550 1439 tulit,
566 1386 632 1425 cum
659 1370 690 1424 in
708 1371 857 1440 amplexus
881 1369 1008 1425 dilectio·
1060 1371 1195 1437 madunt,
1224 1370 1298 1425 sicut
1330 1369 1411 1441 virgo
1433 1368 1526 1423 virum
1558 1368 1737 1441 repudiando
1761 1368 1910 1425 Christum

161 1459 279 1515 uistuu
293 1474 323 1514 se
340 1458 447 1530 posuit.
467 1460 525 1514 leta
546 1458 656 1531 quippe
684 1458 867 1530 desponsatio
881 1473 934 1530 per
960 1474 1009 1513 vo·
1065 1474 1204 1531 sponsum
1226 1474 1312 1514 suum
1325 1461 1419 1524 vocat,
1438 1456 1566 1529 ipseque
1589 1456 1745 1512 humilitati
1767 1457 1911 1528 adjuncta

160 1548 301 1604 launum
323 1546 530 1619 omnipotentis
553 1546 605 1603 liei
620 1546 829 1619 prooessit,qui
849 1546 929 1601 ittam
944 1562 1010 1601 cum
1029 1520 1143 1615 Beunt,
1166 1548 1232 1603 cum
1255 1560 1303 1602 aas
1326 1546 1361 1601 ad
1399 1545 1515 1617 nuptias
1549 1545 1636 1616 liegis
1654 1544 1796 1616 perducit.
1817 1546 1911 1602 Verba

158 1636 281 1708 fulgenti
307 1651 394 1707 opere
427 1634 558 1707 perfecit,
592 1634 643 1691 uhi
674 1649 823 1689 asummo
856 1649 949 1707 usque
973 1633 1010 1689 ad
1063 1636 1125 1691 heac
1149 1636 1247 1691 fideles
1277 1634 1482 1690 devotoccrdis
1510 1634 1613 1689 effectu
1635 1632 1808 1705 percipiant,
1835 1650 1911 1705 quo·

99 1728 102 1736 '
159 1725 248 1780 imum
271 1724 421 1780 hominem
443 1724 567 1795 collegit,
591 1739 679 1795 quem
702 1723 874 1779 indumento
887 1722 1011 1794 iustitiae
1064 1723 1143 1777 niam
1168 1737 1219 1795 per
1239 1721 1323 1776 illum
1349 1720 1401 1794 qui
1423 1720 1535 1792 primus
1559 1725 1589 1776 et
1610 1720 1784 1777 norissimus
1810 1726 1856 1777 est
1877 1722 1909 1777 ad

160 1812 316 1882 decoravit,
332 1828 399 1869 cunr
412 1812 501 1868 Filius
517 1810 568 1867 liei
587 1827 641 1884 pro
657 1810 857 1883 redemptione
883 1810 1010 1867 bominis
1065 1809 1219 1866 utilitatem
1233 1809 1413 1865 credentium
1427 1808 1505 1865 edita
1519 1814 1597 1865 sunt.

864 2095 1009 2170 VISIO
1052 2094 1211 2170 NONA.

163 2448 287 2507 Visiode
307 2448 418 2505 daubus
444 2445 624 2520 mactatus
636 2444 767 2502 mirabili
780 2444 918 2503 ctortmc
936 2444 1009 2515 sut·
1062 2458 1153 2499 unum
1169 2442 1198 2499 in
1214 2443 1381 2500 summitate
1399 2444 1506 2500 dextrae
1519 2444 1573 2500 alae
1596 2448 1667 2513 erat,
1682 2445 1712 2499 ia
1737 2461 1796 2516 quo
1815 2446 1906 2516 scrip·

193 2515 857 2659 wpgaehtmmwdffiwbx
865 2516 1009 2642 alen?
1062 2536 1123 2587 tum
1145 2531 1304 2599 videbatur,
1337 2531 1392 2589 Via
1405 2536 1433 2588 et
1449 2532 1568 2601 ueritus,
1598 2538 1626 2587 et
1644 2548 1735 2588 unum
1754 2534 1786 2588 in
1813 2533 1907 2589 medio

196 2661 274 2717 mm
298 2664 327 2715 et
346 2660 381 2715 de
416 2659 422 2670 .
490 2674 555 2714 mm
576 2605 769 2726 sulphurepet
790 2656 861 2713 αἰῶ
885 2602 1008 2714 tenebam
1062 2621 1123 2693 ejus
1142 2620 1172 2675 in
1192 2637 1222 2676 se
1246 2621 1385 2692 scriptum
1403 2620 1535 2678 babens:
1561 2622 1624 2694 Epo
1646 2620 1751 2677 murem
1780 2625 1909 2678 muniam

195 2746 287 2804 ΜΨ,
306 2731 346 2787 aa
437 2729 497 2786 ium
511 2727 746 2802 „ammonam
758 2728 852 2801 9¹⁰9ae
864 2744 896 2783 ,θ
914 2727 1009 2782 imr.
1028 2725 1233 2819 corraeorum
1247 2709 1302 2765 Dei
1317 2726 1392 2777 uam,
1413 2725 1561 2781 unumque
1576 2711 1606 2765 in
1621 2710 1678 2765 line
1691 2710 1782 2783 ipsius
1804 2710 1836 2765 in
1853 2728 1909 2783 quo

197 2806 293 2858 mnae,
1064 2798 1202 2870 scriptum
1230 2798 1451 2853 continebatur:
1473 2798 1603 2855 Osterrsio
1624 2798 1751 2855 omnuim
1772 2798 1909 2855 macrum

194 2890 218 2946 1.
234 2889 340 2946 Deinde
355 2903 446 2961 prope
458 2888 714 2960 septentrionalem
733 2887 871 2957 angulum
884 2886 934 2957 qui
949 2900 1011 2940 ver·
1064 2885 1164 2955 eruto,
1181 2890 1268 2958 atque
1285 2885 1316 2941 in
1333 2887 1500 2943 summitate
1514 2886 1637 2941 sinistre
1658 2888 1712 2943 alu
1737 2903 1829 2944 unum
1847 2894 1909 2943 erat

161 2994 209 3033 sus
224 2978 365 3033 ementem
377 2976 551 3047 respiciebat
569 2974 626 3030 vidi
643 2974 802 3045 imaginem
816 2973 897 3044 cujus
922 2972 1010 3029 facies
1064 2975 1095 3029 in
1113 2990 1141 3030 se
1161 2975 1299 3046 scripturn
1319 2974 1494 3031 continens:
1515 2975 1667 3047 Speculum
1702 2992 1765 3031 aum
1796 2976 1829 3031 ia
1854 2990 1909 3049 qao

161 3066 288 3138 etpedes
301 3070 383 3120 tanto
398 3062 511 3134 fulgore
535 3062 697 3131 radiabant,
716 3061 841 3117 utidern
863 3061 1011 3132 lolgorvi-
1063 3060 1184 3118 intenlio
1201 3062 1356 3119 electorum
1382 3062 1591 3132 ameideromr,
1618 3066 1648 3117 et
1679 3078 1769 3118 unum
1798 3064 1828 3118 in
1852 3064 1909 3119 line

163 3170 227 3209 sum
252 3168 351 3209 meum
377 3152 581 3207 reverberaret.
605 3151 717 3205 Vestem
742 3154 838 3204 autem
866 3149 949 3220 quasi
973 3164 1009 3205 ex
1064 3151 1254 3221 ejusdemelae
1268 3152 1545 3224 scriptumhabans:
1561 3150 1676 3208 Nuntio
1695 3151 1810 3208 nobiasi
1824 3156 1857 3207 tu
1877 3169 1907 3207 er

162 3241 228 3296 albo
239 3240 330 3296 scrico
350 3240 492 3307 induerat,
512 3243 542 3293 et
559 3237 659 3293 viridis
675 3237 780 3292 eoloris
793 3236 918 3308 desuper
930 3238 1008 3293 tuni·
1063 3239 1187 3311 ipseque·
1207 3241 1383 3313 reparaturus
1404 3256 1435 3295 es
1456 3238 1489 3295 in
1500 3239 1607 3311 populo
1633 3240 1735 3295 reses.
1760 3240 1794 3295 Et
1811 3239 1908 3311 imago

162 3343 226 3382 cam
248 3326 384 3395 habebat,
412 3343 477 3401 quse
500 3326 619 3382 diversis
646 3326 808 3396 margaritis
831 3325 940 3397 ubique
961 3342 1009 3381 or·
1062 3327 1124 3383 heac
1137 3328 1255 3383 dorsum
1269 3326 1305 3383 ad
1335 3328 1502 3399 aquilonem
1516 3330 1650 3383 verterat.
1667 3328 1721 3383 Per
1741 3331 1832 3383 totam
1855 3344 1906 3383 au-

163 3417 231 3469 nata
244 3413 412 3485 apparebat,
435 3418 521 3486 atque
542 3415 621 3471 velut
640 3414 816 3482 inauribus,
836 3414 962 3481 inaures,
978 3413 1009 3469 in
1062 3416 1337 3472 temoccidentalem
1361 3416 1476 3487 plagam
1494 3417 1572 3472 velut
1595 3415 1756 3471 teterrimas
1774 3418 1908 3472 tenebras

163 3506 280 3574 pectore
298 3501 428 3571 monilia,
444 3502 476 3557 iu
495 3502 619 3558 brachiis
634 3517 702 3557 vcro
726 3500 851 3558 armillas
863 3501 1008 3573 portabat,
1062 3505 1236 3577 fumigantes
1255 3504 1438 3577 aspiciebam,
1469 3506 1515 3560 sed
1538 3520 1629 3577 propa
1654 3505 1791 3576 angulum
1815 3504 1908 3560 eidem

163 3605 229 3663 quae
243 3590 343 3646 omnia
357 3590 436 3646 velut
454 3590 655 3663 expurissimo
669 3606 741 3646 auro
756 3595 848 3659 erant,
877 3589 1009 3662 pretiosis
1062 3595 1156 3667 plagae
1183 3594 1234 3665 qui
1263 3609 1362 3649 versus
1389 3592 1614 3665 septentrionem
1637 3598 1708 3661 erat,
1732 3593 1910 3665 nigerrimus

163 3680 306 3753 lapidibus
328 3686 439 3735 ornata.
461 3679 516 3736 Sed
530 3680 612 3752 quasi
635 3680 667 3735 in
680 3678 777 3734 medio
792 3679 923 3749 ejusdem
943 3695 1008 3751 sep·
1062 3682 1140 3754 ignis
1159 3698 1225 3737 cum
1248 3681 1387 3753 sulphure
1426 3687 1455 3737 et
1477 3682 1653 3738 densissimis
1674 3682 1802 3738 tenebris
1829 3682 1911 3738 ebul-

162 3768 342 3823 tentrionalis
373 3768 466 3840 plagae
484 3768 542 3823 vidi
570 3767 656 3822 aliam
698 3767 856 3838 imaginem
884 3772 1009 3823 erectam
1062 3769 1217 3825 hanelare
1255 3785 1344 3842 usque
1381 3770 1414 3825 ad
1448 3769 1633 3825 medietatem
1677 3770 1910 3841 septentrionalis

163 3861 296 3925 stantem,
314 3857 494 3928 formamque
515 3855 675 3912 mirabilem
696 3854 863 3922 habentem,
899 3855 931 3910 in
962 3870 1010 3910 cu·
1062 3858 1152 3929 partis
1171 3874 1201 3913 se
1220 3858 1397 3914 maumando
1417 3858 1596 3915 extendebat.
1627 3858 1787 3929 audivique
1806 3874 1907 3913 vocam

161 3946 208 4015 jus
230 3944 395 3999 summitate
416 3944 465 3999 ubi
487 3943 568 3999 locus
582 3944 684 4015 capitis
710 3944 773 4015 ejus
791 3958 851 3999 esse
874 3943 1008 4012 debebat,
1063 3946 1181 4003 dacoelo
1196 3946 1267 4002 mihi
1284 3946 1434 4003 dicentem.

163 4036 241 4087 tauta
254 4032 367 4087 claritas
389 4031 510 4103 fulgoris
530 4032 669 4098 radiabat,
694 4036 741 4131 ut¹
755 4030 832 4087 idem
854 4031 950 4103 fulgor
969 4032 1009 4086 ri·
1029 4056 1050 4113 ὓ
1066 4069 1249 4143 01⁴mess
1261 4068 1383 4125 dmm
1398 4068 1558 4142 imaqinnm
1570 4067 1745 4141 sapientiam
1771 4068 1899 4128 im!

163 4134 227 4174 eum
248 4135 345 4175 meum
372 4125 580 4192 repercuteret.
614 4121 647 4175 ln
665 4119 761 4175 medio
783 4125 881 4175 autem
899 4124 1009 4175 ventris
1097 4140 1125 4195 ep
1139 4138 1302 4207 mursam
1324 4128 1537 4211 ppkprpfflpm
1554 4140 1669 4195 pugil„
1688 4140 1751 4209 eju,
1774 4114 1910 4197 anim}

163 4208 256 4278 ipsius
268 4212 354 4280 caput
374 4209 500 4264 hominis
516 4208 633 4282 capillos
646 4224 745 4275 canos,
768 4207 945 4280 barbamque
959 4210 1009 4264 ha·
1097 4212 1234 4267 creatam
1245 4226 1355 4283 periero
1367 4226 1454 4282 quom
1477 4210 1724 4267 Deuaindiuersia
1737 4226 1834 4266 rerum
1859 4230 1911 4268 na·

163 4296 234 4351 bens
247 4296 413 4368 apparebat,
438 4301 468 4351 et
485 4297 574 4369 pedes
588 4298 650 4369 ejus
664 4296 885 4352 similitudinem
900 4298 1008 4368 pedum
1098 4279 1661 4353 l“74⁸st'litabit‘0‘271‘15‘22'232'9'22'15005·

163 4383 255 4439 leonis
268 4384 467 4439 imitabantur.
481 4384 536 4440 Sed
551 4389 581 4441 et
599 4401 648 4441 sex
663 4384 722 4441 etas
738 4384 872 4453 habebat,
884 4401 1008 4457 querum
1099 4388 1133 4445 ll.
1154 4386 1341 4459 Omnipotens
1361 4388 1443 4456 beas,
1469 4388 1518 4459 qui
1541 4403 1595 4459 per
1618 4384 1790 4457 sapientiam
1812 4388 1912 4443 omnia

163 4474 228 4529 duee
245 4472 281 4528 ab
297 4472 425 4528 humeris
452 4488 567 4529 sumam
588 4473 784 4542 ascendentes,
818 4466 849 4528 e't
867 4490 897 4529 se
914 4489 1009 4530 recur-
1062 4474 1200 4539 condidit,
1224 4474 1346 4531 mirifica
1369 4492 1456 4547 opera
1479 4492 1531 4531 sua
1554 4474 1672 4531 diversis
1696 4473 1913 4545 significationi·

163 4564 262 4616 vanus
285 4560 322 4616 ad
343 4558 466 4616 invicem
485 4578 516 4616 se
535 4561 758 4633 conjungebant,
782 4562 1009 4635 predictumque
1062 4563 1117 4619 bus
1141 4563 1242 4635 aperit,
1258 4568 1344 4635 atque
1371 4564 1401 4619 iu
1424 4564 1506 4619 donis
1532 4563 1591 4618 suis
1615 4562 1753 4618 mirabilis
1774 4562 1911 4631 existens,

163 4647 321 4703 claritatem
343 4647 492 4719 tegebant;
518 4648 631 4704 duabus
654 4653 788 4705 autema
809 4650 935 4723 praelatis
956 4651 1009 4706 hu·
1064 4651 1265 4724 eaunicnique
1289 4657 1427 4708 creaturae
1448 4651 1606 4707 secundum
1626 4652 1781 4723 quodvult
1798 4650 1910 4707 dividit.

163 4736 251 4791 meris
273 4750 366 4808 usque
389 4737 425 4792 ad
449 4737 587 4793 verticem
613 4738 770 4809 supradicti
806 4740 908 4810 capitis
925 4740 1009 4795 deor·
1065 4740 1216 4797 tlominem
1232 4754 1350 4813 quoque
1364 4740 1400 4795 ad
1416 4740 1625 4796 beatitudiuem
1646 4754 1840 4811 supernorum
1869 4756 1912 4797 rc

163 4838 227 4880 sum
245 4840 275 4880 se
292 4824 528 4893 extendentibus3
552 4825 664 4881 duabus
679 4842 745 4882 vero
766 4840 784 4880 a
803 4828 909 4884 lumbis
931 4828 1009 4899 ejus·
1063 4828 1168 4884 ducere
1182 4829 1292 4893 volens,
1308 4828 1335 4883 ei
1349 4829 1380 4884 in
1395 4828 1573 4885 mirabilibus
1593 4828 1694 4901 liguris
1719 4828 1781 4884 hac
1797 4844 1862 4901 qnae
1880 4830 1912 4885 in

163 4912 230 4969 dem
245 4912 381 4985 imaginis
395 4912 634 4987 usqueadtalum
648 4915 753 4986 pedum
769 4916 869 4988 'ipsius
894 4918 1010 4973 descen·
1063 4916 1235 4983 coelestibus,
1250 4921 1280 4972 et
1294 4932 1360 4989 quae
1382 4917 1413 4973 in
1429 4916 1622 4985 terrestribus,
1639 4920 1745 4989 atquae
1763 4916 1795 4971 in
1821 4916 1910 4972 inlar-

161 5000 306 5065 dcntibus,
328 5005 357 5055 at
385 5016 417 5058 se
443 5002 656 5074 aliquantalum
677 5005 762 5076 quasi
789 5007 825 5062 ad
853 5005 1010 5061 volandum
1063 5005 1176 5061 natibus
1190 5005 1387 5061 mansionibus
1414 5010 1491 5076 suut,
1519 5009 1604 5077 prout
1631 5005 1692 5059 vult
1714 5018 1840 5074 congme
1864 5006 1911 5061 de·

163 5088 402 5161 expandentibus,
439 5091 551 5163 reliquo
579 5106 700 5165 corpore
727 5094 806 5150 velut
831 5094 954 5167 piscium
980 5098 1011 5151 et
1064 5098 1212 5149 monstrat.
1241 5094 1320 5149 Unde
1346 5109 1437 5167 prope
1471 5093 1726 5166 septentrionalem
1758 5094 1909 5166 angulum.

163 5192 222 5234 uon
243 5179 404 5235 volatilium
429 5180 565 5253 pennulis
598 5196 651 5252 per
679 5185 772 5238 totum
793 5184 894 5239 velato.
916 5184 953 5239 Et
978 5183 1010 5239 in
1063 5182 1114 5255 qui
1137 5198 1235 5237 vamur
1263 5182 1404 5239 orientem
1428 5182 1555 5255 respicit,
1577 5181 1656 5239 videa
1680 5180 1837 5255 imaginem
1862 5198 1910 5238 cu·

163 5267 275 5323 dnabm
296 5268 350 5324 alis
369 5284 436 5342 quaa
449 5284 480 5326 se
506 5270 541 5326 ad
563 5270 698 5328 verticem
711 5271 824 5343 prefati
843 5272 944 5344 capitis
962 5288 1009 5327 er·
1059 5272 1108 5344 jus
1122 5271 1248 5328 tacieset
1262 5272 1350 5344 pedes
1372 5277 1452 5329 tauto
1479 5272 1593 5345 lnlgore
1619 5272 1743 5339 radiant,
1772 5276 1805 5329 ut
1832 5272 1909 5330 idem

120 5370 130 5389 ⁸
164 5354 331 5428 tendebant,
364 5357 494 5430 quinque
522 5360 651 5432 specula·
664 5359 853 5431 apparebant,
884 5374 1009 5433 qnorum
1062 5359 1158 5433 lulgor
1184 5359 1277 5417 visam
1305 5367 1388 5417 tuum
1413 5360 1586 5432 reverberet,
1612 5361 1750 5435 quoniam
1766 5360 1816 5419 ubi
1842 5363 1910 5419 etul-
