3984 6034
132 122 184 180 3th
603 111 612 120 ’
857 121 885 178 S.
905 117 1144 178 ultbadnltnts
1824 117 1880 168 doti

132 252 209 311 cellit
229 251 422 326 inceptionem
447 251 597 319 doctrine,
619 250 765 309 interdum
787 250 874 308 etiam
899 249 976 322 aspi·
992 257 1018 308 A
1032 247 1234 306 vestimentum
1260 245 1356 320 operis
1388 246 1440 304 liei
1461 244 1493 303 in
1520 243 1654 302 albedine
1677 241 1809 318 perpetui
1833 244 1879 300 lu-

132 343 240 399 cientes
265 342 300 398 ad
326 342 458 398 homines
491 341 569 397 idern
598 341 752 398 aedificium
784 343 923 397 intrantes
949 347 978 396 ct
1034 337 1277 406 minisoruatum,
1295 336 1403 393 scilicet
1419 335 1449 391 in
1472 334 1696 406 implicamentis
1719 334 1789 402 suis,
1813 349 1881 406 quoe

132 438 284 498 exeuntes3
314 429 391 502 quod
422 436 466 486 est
493 431 652 486 admonitio
682 447 781 486 earum
814 431 843 486 iu
869 429 978 502 Spiritu
1033 431 1099 482 sunt
1126 442 1263 482 {erumnae
1285 431 1315 482 et
1342 426 1467 498 gemitus
1489 423 1626 480 dicentis:
1649 423 1670 478 0
1695 423 1812 496 quando
1833 438 1880 478 re-

131 524 229 574 saucto
243 518 276 573 ad
296 518 420 590 populos
434 517 485 589 qui
499 518 534 573 ad
556 519 646 572 Deum
669 518 701 573 in
714 519 761 574 ria
775 517 978 590 legisjustitim
1034 515 1112 570 niam
1136 514 1170 568 ad
1192 519 1339 586 aspectum
1362 515 1422 569 veri
1442 512 1579 570 luminis?
1602 513 1681 586 quod
1703 511 1882 568 desiderium

131 607 288 672 ambolant,
305 610 333 662 et
349 606 385 662 ad
400 607 465 661 illos
480 606 530 678 qui
548 611 617 661 sunt
633 606 663 660 iu
685 606 856 662 criminibus
872 605 979 662 diaboli
1033 603 1151 660 feliciter
1180 603 1366 674 inpraesenti
1388 601 1585 657 vitalrabelur
1612 601 1643 656 in
1671 600 1882 656 adobumbrato
1983 609 1984 634 ¹

131 695 259 750 solentes
291 695 424 752 recedere
449 695 485 750 de
518 695 671 764 majesta,
696 695 772 750 unde
792 696 980 750 exhortantur
1034 691 1176 764 exemplo,
1190 706 1242 762 per
1256 693 1333 766 quod
1363 694 1534 746 ducerentur
1559 690 1628 762 ipsre
1647 690 1831 745 adversitates
1846 687 1881 744 h-

133 786 169 842 ab
181 784 231 852 eis,
246 789 337 840 utens
352 785 384 839 in
398 784 477 842 bono
487 785 646 840 imitentur.
1034 780 1141 836 delium
1159 781 1190 836 in
1206 779 1351 836 viriditate
1366 781 1470 836 animae
1496 780 1595 836 multis
1612 777 1824 834 calamitatibus
1838 777 1883 832 di-

169 872 282 928 vestilre
306 879 373 928 sunt
391 875 477 928 etiarn
505 872 575 944 ipsae
597 872 726 928 sericinis
753 873 888 942 vestibus,
911 875 981 947 quia
1035 871 1156 937 stinctae,
1179 876 1296 942 propter
1317 870 1406 924 Deum
1427 869 1459 924 in
1477 867 1688 940 patientiahaec
1711 867 1808 922 omnin
1823 865 1883 920 sui·

133 960 241 1016 habent
260 961 428 1016 suauitatem
450 961 540 1029 illam,
566 965 597 1015 nt
619 961 707 1016 homo
721 977 780 1016 nou
799 967 934 1034 gravetur
951 961 981 1017 in
1034 959 1168 1025 terentes,
1193 964 1226 1014 ut
1249 957 1333 1012 etiam
1348 957 1449 1012 eadem
1473 957 1563 1012 virtus
1586 954 1757 1011 declaratio
1781 951 1884 1026 pradi-

134 1049 332 1118 indignatione
355 1048 461 1104 laboris
484 1049 727 1120 persecutionum.
752 1050 784 1104 Et
799 1053 867 1102 suut
881 1049 981 1104 velatas
1035 1047 1086 1102 etis
1097 1046 1189 1102 verbis
1202 1046 1270 1101 suis.

134 1137 171 1192 in·
188 1136 312 1208 ligatura
344 1137 445 1210 capitis
467 1137 533 1192 atho
562 1135 704 1192 uelamine
734 1153 816 1194 more
842 1137 979 1204 femineo,
1070 1135 1167 1190 Altera
1189 1150 1254 1188 rere
1276 1133 1372 1204 imago
1400 1132 1553 1206 pretendit
1578 1130 1893 1204 gemitum,quuniam·

135 1226 273 1297 quoniam
285 1225 398 1296 justum
413 1230 455 1279 est
470 1230 502 1280 ut
528 1222 615 1280 bomo
635 1225 779 1295 subjectus
806 1226 916 1282 sithen
938 1242 982 1280 ca·
1036 1229 1102 1296 post
1125 1221 1293 1294 patientiam
1316 1222 1538 1286 contrariorum,
1562 1221 1704 1275 elevatae
1732 1219 1763 1274 in
1785 1218 1886 1274 electis

135 1313 189 1386 piti
208 1329 270 1381 suo,
287 1311 382 1384 ipsum
402 1313 492 1368 menti
513 1329 572 1367 snm
591 1312 701 1384 jugiter
715 1313 935 1386 circumponens
951 1314 982 1369 in
1038 1313 1109 1368 meis
1135 1311 1259 1382 gemitus
1273 1309 1481 1390 recordationis
1507 1309 1584 1372 vitre.
1612 1323 1732 1379 surgens
1753 1305 1885 1362 admoui-

135 1399 257 1455 candore
273 1399 445 1468 dilectionis,
467 1401 552 1456 itaut
571 1417 637 1456 euru
659 1401 691 1456 in
714 1402 819 1473 gaudio
842 1401 982 1458 otlsetitia
1038 1402 1115 1455 tione
1140 1416 1213 1469 mea,
1244 1405 1276 1456 ut
1300 1399 1334 1456 de
1359 1399 1446 1454 corde
1467 1414 1531 1453 meo
1555 1396 1658 1454 Filium
1695 1411 1791 1452 meum
1816 1393 1887 1449 misi

135 1489 334 1561 amplectatur,
351 1490 424 1545 sicut
444 1489 550 1546 mulier
571 1490 664 1546 virum
679 1507 762 1547 suum
788 1492 876 1548 habet
889 1492 920 1548 in
933 1491 983 1547 ho·
1038 1496 1155 1563 prepter
1176 1491 1315 1564 gemitum
1339 1488 1440 1562 populi
1461 1487 1527 1544 mei.
1553 1488 1624 1544 itam
1650 1486 1774 1558 populus
1802 1497 1888 1538 meus

135 1593 205 1632 nere
219 1577 330 1632 timoris
346 1583 376 1633 ct
396 1579 514 1648 amoris,
539 1584 571 1636 ut
593 1577 741 1636 constituit
756 1582 841 1637 Deus.
855 1581 910 1638 Sed
924 1597 982 1638 non
1039 1580 1069 1636 in
1093 1578 1185 1634 Veteri
1205 1583 1232 1633 at
1254 1579 1285 1632 in
1301 1577 1378 1633 Nora
1400 1577 1581 1632 Testamenta
1605 1574 1729 1630 habebat
1752 1577 1781 1628 et
1798 1569 1889 1626 babet

135 1665 437 1723 suntcircnmamictm
461 1668 566 1740 palliis,
586 1668 654 1740 quia
674 1673 773 1724 carent
797 1670 877 1726 omni
903 1671 983 1725 solli-
1038 1669 1113 1724 hauc
1142 1665 1370 1723 recordationem
1402 1663 1516 1732 mentis,
1545 1679 1633 1736 quam
1656 1661 1781 1734 gemitus
1808 1675 1888 1714 com·

136 1753 262 1809 citudine
293 1756 435 1826 saeculari,
459 1773 490 1811 se
517 1761 631 1812 tantum
656 1756 832 1812 declinantes
856 1758 984 1829 postilla
1038 1753 1242 1825 prelrcndeulis
1265 1753 1295 1808 in
1322 1752 1500 1808 lamentabili
1529 1756 1700 1808 ornamento
1724 1765 1787 1812 suo.
1812 1763 1887 1820 qun·

136 1844 519 1914 qumsuntoetcrnainlleo
543 1844 767 1901 inritalutura.
793 1846 984 1901 lndutresunt
1038 1842 1117 1901 niam
1144 1842 1205 1913 ipsa
1238 1858 1305 1896 rera
1338 1841 1522 1914 compunctio
1554 1840 1645 1896 cordis
1679 1843 1731 1894 est.
1763 1839 1887 1909 Propter

138 1936 234 1987 autem
266 1932 468 1988 calceamentis
493 1932 577 1999 albis3
603 1932 742 2004 quoniam
764 1933 859 1989 lucent
880 1933 912 1989 in
938 1933 984 1989 iti·
1038 1931 1116 2004 quud
1131 1931 1217 1986 etiam
1232 1935 1288 1986 stat
1306 1930 1336 1984 iu
1350 1928 1568 2002 septentrionali
1581 1929 1676 2000 plage,
1697 1932 1729 1982 ut
1743 1930 1890 2000 repugnet

136 2019 255 2075 neribus
278 2020 400 2092 justitias
427 2037 479 2094 per
500 2021 664 2078 albedinem
693 2021 761 2078 fidei
784 2023 816 2078 in
838 2022 984 2078 mentibus
1038 2019 1182 2076 dissolutae
1205 2019 1397 2074 immunditias
1419 2017 1625 2074 diabolicarum
1646 2015 1826 2095 insidiarum.
1852 2015 1889 2070 et

137 2107 300 2177 hominum,
336 2114 367 2163 nt
394 2114 422 2165 et
451 2109 507 2182 ipsi
534 2115 691 2184 sequantur
712 2110 834 2183 vestigia
860 2111 984 2183 exempli
1037 2108 1138 2164 induta
1155 2113 1198 2164 cet
1218 2108 1314 2164 tunica
1332 2106 1406 2176 elba,
1422 2106 1693 2178 sedaliquantulum
1717 2103 1817 2176 pallidi
1835 2119 1887 2157 co·

137 2212 246 2251 earum·
1038 2197 1116 2265 loris,
1142 2197 1209 2269 quia
1229 2196 1403 2252 circumdata
1429 2193 1579 2250 asthonis
1607 2191 1741 2266 operibus
1764 2191 1794 2245 in
1817 2205 1888 2245 can·

174 2284 255 2340 Prior
273 2290 370 2341 autem
391 2286 487 2357 imago
509 2286 641 2358 designat
659 2286 839 2359 patientiam,
857 2286 985 2360 quiailla
1039 2287 1108 2342 dere
1132 2286 1213 2352 lidei;
1237 2285 1435 2340 turbulentum
1457 2288 1555 2338 tamen
1577 2282 1715 2354 pallerem
1730 2279 1887 2335 ostenden·

138 2372 261 2426 surrexit
282 2372 312 2426 in
336 2389 427 2428 cornu
445 2374 577 2442 Abrahae,
600 2375 679 2446 quod
708 2374 800 2430 estin
820 2375 983 2448 inceptione
1038 2376 1085 2442 tis,
1117 2375 1256 2448 quoniam
1281 2389 1395 2444 semper
1417 2371 1543 2442 suspiria
1566 2378 1596 2426 et
1617 2371 1702 2426 lletns
1723 2369 1811 2424 habet
1832 2385 1888 2440 pro

138 2459 288 2516 obediendi
319 2476 384 2516 cum
422 2461 582 2518 obediendo
621 2464 677 2517 [leo
706 2463 738 2518 iu
765 2462 983 2520 circumcisione
1038 2470 1146 2520 esterna
1175 2462 1319 2518 felicitate.
1345 2461 1426 2526 Quod
1448 2465 1543 2516 autem
1573 2459 1603 2514 in
1629 2458 1744 2514 dextero
1767 2457 1889 2512 brachio

137 2547 264 2619 primum
286 2563 390 2603 senum
413 2547 582 2605 obedientiae
607 2555 672 2623 post
688 2566 786 2606 casum
808 2549 982 2621 Adcesigni·
1039 2569 1090 2608 sue
1118 2557 1215 2624 portat
1241 2565 1355 2606 crucem
1378 2565 1444 2604 cum
1471 2549 1597 2620 imagine
1618 2545 1771 2604 salvatoris
1798 2549 1890 2616 caput

138 2635 266 2690 licaverit
293 2643 518 2709 praecurrentem
544 2643 712 2709 operantem
735 2637 929 2694 obedientiam
952 2639 983 2693 in
1039 2657 1124 2696 suum
1145 2639 1286 2695 inclinans
1307 2653 1394 2710 super
1417 2637 1500 2704 illud,
1516 2637 1571 2692 hoc
1591 2640 1634 2691 est
1654 2635 1731 2708 quud
1745 2635 1777 2690 iu
1790 2633 1888 2689 dexte·

138 2739 204 2777 reru
228 2723 324 2788 verbo.
349 2725 426 2797 qued
442 2731 485 2780 est
503 2725 534 2780 in
550 2724 620 2780 Filio
636 2725 695 2794 liei,
712 2732 743 2780 ut
758 2743 845 2781 sonus
860 2725 983 2782 verbum
1039 2745 1080 2797 ra,
1092 2728 1120 2784 id
1137 2732 1179 2782 est
1193 2727 1224 2783 in
1244 2731 1320 2782 recta
1334 2733 1416 2800 parte
1430 2726 1515 2782 sortis
1530 2725 1624 2798 operis
1642 2724 1688 2780 sui
1703 2722 1889 2794 amplectitur

137 2813 299 2882 praecurrit,
315 2812 345 2868 in
366 2813 582 2886 septentrionali
600 2819 689 2884 parte,
709 2815 841 2869 videlicet
853 2815 985 2887 opposita
1005 2817 1201 2889 Cpassionem
1227 2816 1292 2872 Filii
1318 2815 1375 2871 mei
1395 2820 1455 2870 tutu
1478 2813 1620 2870 desiderio
1637 2811 1803 2868 intentionis
1825 2827 1887 2865 strar

138 2900 275 2972 nequitiis
307 2907 335 2956 et
355 2902 548 2975 inquietudini
574 2903 686 2975 antiqui
708 2904 858 2974 serpentis.
879 2903 913 2958 Et
931 2904 982 2958 ba·
1039 2907 1189 2974 anhelans,
1211 2911 1239 2960 et
1253 2922 1284 2960 se
1305 2904 1447 2960 inclinans
1471 2904 1507 2960 ad
1525 2919 1602 2970 eum,
1628 2902 1766 2958 imitando
1789 2900 1887 2972 ipsum

138 2989 208 3044 bent
220 2990 252 3045 in
265 2991 359 3062 capite
382 3007 434 3046 sno
449 2992 531 3064 quasi
555 2992 762 3064 triangularem
781 3008 917 3048 coronam
936 3007 983 3047 ru·
1039 2994 1070 3050 in
1088 2993 1237 3050 doloribus
1252 2999 1281 3048 et
1299 2993 1446 3056 aerumnis,
1469 2992 1542 3048 sicut
1556 2992 1645 3048 etiam
1659 2991 1689 3045 in
1712 2989 1887 3061 supradictis

137 3077 266 3147 beatem,
289 3083 323 3133 ut
341 3079 447 3135 rubeos
468 3078 647 3152 hyacynthus
665 3081 748 3137 rubet
762 3081 793 3136 iu
807 3082 902 3136 colore
920 3097 983 3145 sno,
1038 3083 1132 3138 verbis
1157 3082 1364 3138 exhortationis
1398 3097 1457 3138 sura
1483 3080 1670 3136 demenehut.
1696 3078 1775 3136 Unde
1795 3077 1885 3133 etiam

139 3166 276 3237 quoniam
295 3166 326 3221 in
339 3167 483 3239 principio
503 3169 607 3224 mentis
620 3169 751 3225 lidelium
767 3169 919 3225 hominum
933 3186 985 3241 per
1039 3172 1117 3228 vides
1134 3171 1209 3244 quod
1224 3187 1323 3228 omnes
1347 3171 1490 3242 predictae
1510 3168 1654 3240 imagines
1667 3167 1781 3240 singula
1798 3168 1887 3222 rerba

139 3254 226 3308 tidem
246 3259 350 3310 sancta
365 3257 513 3312 Trinitatis
529 3257 611 3314 valde
630 3264 765 3314 coronata
779 3264 832 3327 cst,
856 3259 983 3331 quicar·
1039 3276 1091 3316 sue
1120 3276 1173 3331 per
1199 3259 1367 3332 mysterium
1396 3259 1449 3316 Dei
1475 3258 1574 3314 dicunt
1596 3257 1632 3312 ad
1659 3255 1888 3312 admonitionem

140 3358 206 3397 uem
218 3359 299 3397 suam
312 3348 530 3400 contemnentes
544 3362 598 3418 pro
619 3362 717 3403 amore
733 3346 783 3402 liei
797 3354 827 3404 et
848 3347 984 3404 vcralide
1039 3348 1202 3417 hominum,
1227 3349 1296 3420 quia
1322 3348 1354 3404 in
1382 3346 1516 3403 omnihus
1544 3345 1697 3400 virtutihus
1721 3344 1889 3400 dulcissima

139 3430 309 3502 sanguinem
328 3448 412 3487 suum
433 3433 554 3490 fundere
573 3451 631 3490 non
646 3435 786 3504 dubitant,
802 3435 871 3508 quia
892 3440 921 3491 et
942 3435 985 3490 l'i-
1039 3437 1176 3492 suavitate
1197 3437 1287 3508 pietas
1319 3436 1369 3494 bei
1391 3437 1482 3504 docet,
1504 3434 1682 3492 exhortando
1703 3437 1814 3488 mentes
1837 3449 1889 3502 po-

141 3519 256 3574 liusllei
271 3523 454 3594 apparensin
470 3539 565 3593 carne,
585 3529 708 3580 mortem
731 3525 833 3580 devicit
851 3541 917 3580 cnm
932 3541 983 3580 ru·
1037 3527 1173 3596 palorum
1196 3531 1227 3581 ut
1247 3525 1406 3582 dimitttaut
1426 3525 1546 3592 malum,
1577 3521 1720 3594 erigentes
1741 3538 1770 3576 se
1782 3521 1817 3576 ad
1834 3521 1886 3576 bo-

141 3608 208 3664 bore
227 3609 375 3682 sanguinis
393 3611 439 3666 sui
461 3628 615 3685 perquem
641 3613 763 3668 Ecclesia
778 3613 909 3669 decorata
930 3619 982 3680 cst,
1038 3630 1118 3670 oram.
1144 3613 1200 3680 Qui
1220 3619 1317 3670 autem
1340 3617 1437 3668 acutas
1452 3629 1536 3668 aures
1549 3610 1695 3667 interioris
1719 3609 1886 3666 intellectus

140 3696 221 3766 rpuasi
247 3713 311 3754 eum
326 3699 416 3755 nobili
442 3700 563 3756 rubente
579 3701 733 3772 hyacintho
748 3701 778 3756 in
798 3702 900 3758 decore
919 3718 980 3757 suo.
1037 3703 1132 3770 habet,
1157 3704 1204 3758 hic
1225 3702 1254 3758 iu
1276 3702 1387 3758 ardenti
1415 3717 1513 3756 amore
1530 3699 1638 3772 speculi
1663 3697 1721 3754 mci
1741 3699 1778 3754 ad
1794 3698 1885 3753 verba

140 3785 298 3843 ludulaest
322 3804 438 3862 quoque
461 3790 559 3845 tunica
585 3791 650 3845 allia
673 3791 754 3861 cujus
769 3790 983 3862 implicamenta
1037 3791 1098 3847 berc
1125 3791 1249 3858 anhelet,
1273 3796 1302 3846 et
1330 3807 1363 3846 ea
1386 3789 1417 3845 in
1441 3788 1614 3844 conscientia
1633 3787 1721 3844 animi
1749 3786 1795 3842 aui
1820 3803 1889 3850 cun·

141 3877 207 3930 suot
224 3874 308 3931 viridi
328 3876 423 3932 colore
452 3876 559 3950 ubique
584 3878 726 3947 distincta,
738 3879 807 3951 quia
821 3879 873 3934 sibi
888 3877 984 3934 induit
1038 3879 1152 3936 scribat.

808 4166 951 4240 visto
993 4165 1223 4253 QUrlR'l‘A.

140 4317 317 4399 arausica.
347 4319 415 4401 dura
435 4320 590 4377 austeritas·
614 4324 687 4394 legis
711 4323 865 4378 dulcorato
882 4325 926 4378 est
947 4326 978 4380 in
1007 4323 1206 4380 irrenmntc'one
1231 4325 1317 4382 Verbi
1343 4326 1414 4382 Dei:
1436 4328 1564 4397 protecter
1585 4343 1617 4380 re
1645 4326 1842 4390 ostenderunt,
1860 4331 1892 4382 et

167 4389 288 4460 justitia
302 4393 353 4445 Der
367 4389 467 4461 potam
479 4391 562 4455 seclo
575 4396 626 4449 ert.
647 4395 726 4460 Quod
746 4392 921 4466 patriarcam
931 4393 963 4448 iri
976 4397 1116 4467 nryaterr'o
1128 4395 1283 4468 signabant
1297 4395 1387 4468 legem
1401 4395 1529 4453 ⁴or'cc'rrom
1549 4414 1619 4451 esse.
1635 4397 1713 4462 Quod
1726 4397 1894 4460 fortitudini

175 4459 318 4516 lteinullu
330 4461 466 4531 superbio
478 4461 610 4518 resistere
628 4468 733 4535 polest.
751 4463 963 4534 ered-jurtt'tr'o
981 4465 1032 4521 liei
1054 4468 1206 4522 metuenda
1220 4470 1262 4521 ert
1282 4469 1310 4521 et
1332 4467 1455 4523 altitudo
1476 4483 1574 4522 omnes
1589 4471 1739 4523 creaturus
1759 4467 1885 4522 excellit.
1983 4513 1984 4516 η

175 4532 257 4598 Quod
285 4531 409 4587 Verbum
434 4532 488 4588 Dei
513 4534 572 4589 trio
590 4534 729 4590 womero
746 4534 905 4592 incidentia
938 4537 1035 4603 mcor,
1063 4539 1216 4610 nrrls'guam
1234 4538 1327 4608 legem
1351 4542 1379 4592 el
1399 4553 1503 4594 nouom
1528 4541 1655 4609 prelium
1669 4543 1697 4594 et
1715 4537 1891 4608 erposilmes
1983 4541 1984 4606 l

175 4601 336 4685 dioinorunr
355 4602 561 4686 librorumve
578 4605 690 4662 initiali
703 4604 863 4691 cognitione
881 4607 980 4689 dioran
1002 4606 1074 4678 lepis
1085 4611 1113 4662 et
1124 4607 1164 4688 ¹de
1175 4607 1341 4680 operatione
1359 4608 1514 4680 Evangelii
1538 4611 1566 4664 et
1580 4608 1723 4690 creando
1740 4608 1889 4680 rapientia

174 4673 1889 4827 hlllttttrttrtttlrcharisilittae‘ttritettittilllttltdt‘ttttsrltltthtttrl

174 4815 308 4898 Frlri'lter'
320 4816 460 4874 ndmrrntr'
481 4822 558 4872 ruat.
584 4819 665 4884 Quod
688 4819 812 4874 Verbum
832 4818 883 4874 liei
899 4836 957 4901 per
979 4825 1080 4900 typicos
1101 4818 1343 4892 praefipurotioois
1365 4819 1451 4875 latuit
1472 4821 1503 4876 in
1520 4821 1672 4876 animabus
1697 4821 1882 4890 antiquorum

173 4903 303 5019 fem}
313 4886 403 5014 attrecta
417 4891 555 5016 wdss
561 4889 711 4973 'rdtirnurre
724 4889 803 4956 Quod
812 4889 946 5018 doemaoaer‘r
959 4889 1034 5018 {tamt
1044 4889 1189 5020 ‘dmm
1201 4907 1221 4946 a
1235 4893 1322 4947 Patre
1331 4895 1362 5016 et}
1372 4892 1528 4974 revertitur
1537 4892 1576 4947 od
1587 4892 1708 4990 fatrem
1723 4891 1887 4973 diffunderes

174 4974 470 5114 apoi'io'rssfflres,
485 5035 512 5112 et
526 4977 692 5113 cismai?
710 4977 1136 5115 iiirvrir'hmgenoqeliocegleaeosa
1152 4961 1594 5114 esirsna'tgssrtewffioi
1600 4963 1884 5115 wenta-genapia&

245 5117 276 5154 m
289 5103 373 5155 ansteo
385 5117 507 5157 mersores
518 5101 607 5158 rtudrr
617 5105 690 5165 erat.
707 5109 736 5159 et
747 5119 778 5158 aa
785 5101 953 5167 finedebstrr
965 5104 1170 5176 refregercente
1183 5105 1326 5159 charitate
1336 5103 1501 5160 mullorum.
1518 5105 1595 5172 Quod
1609 5105 1729 5160 homero
1760 5103 1884 5186 nncipie

194 5171 244 5225 oni
258 5171 355 5253 operis
366 5171 448 5226 dedet
461 5187 523 5226 erre
537 5171 667 5239 timidus,
681 5171 712 5254 in
726 5171 920 5254 mediojortr's
934 5177 1122 5242 strenarum,
1134 5173 1167 5229 ia
1181 5173 1283 5230 ultimo
1294 5173 1421 5230 humilio.
1446 5175 1524 5242 Quod
1543 5175 1685 5247 mysterio
1699 5122 1771 5231 miii
1785 5177 1835 5230 her
1852 5175 1885 5230 io

174 5242 401 5311 profundissimo
421 5245 529 5298 secreto
555 5244 657 5300 Petris
674 5261 708 5299 m
731 5245 828 5300 Vetere
848 5247 877 5299 et
890 5245 923 5299 r'rr
938 5245 1019 5300 Nero
1042 5245 1223 5302 Testamento
1245 5245 1332 5312 edito,
1353 5244 1452 5316 pretio
1471 5245 1715 5317 concremaretur
1734 5245 1884 5301 &alento

175 5316 252 5373 soret.
263 5311 378 5394 emano
384 5311 496 5394 cistcreo
509 5312 618 5370 homiui
628 5313 971 5396 recommemorando
982 5315 1151 5372 ostenditur.
1169 5319 1207 5372 lie
1215 5314 1336 5372 scientie
1350 5315 1405 5372 nei
1418 5319 1445 5372 et
1453 5320 1547 5372 slatus
1565 5316 1629 5386 ejus
1648 5317 1718 5390 quid
1731 5315 1883 5388 significet.

178 5383 255 5450 Quod
274 5382 372 5459 eripete
392 5399 472 5442 carco
484 5401 550 5442 eum
564 5390 632 5442 rant
645 5390 673 5442 et
685 5401 736 5442 cur
758 5386 832 5443 oleta
845 5389 923 5442 sarit.
948 5389 990 5445 De
1009 5386 1047 5442 iia
1066 5385 1117 5460 gei
1137 5385 1272 5442 dicuutur
1290 5386 1445 5458 compulsa
1458 5404 1531 5444 over.
1553 5387 1631 5454 Quod
1655 5391 1726 5444 heus
1748 5387 1886 5460 amedera
