3984 6034
66 166 126 220 465
699 156 842 214 SsslllAS.
858 186 892 198 -
907 156 974 212 tta.
994 157 1030 224 ll,
1050 154 1142 214 VlSlO
1161 155 1210 210 lll.
1778 152 1830 207 att

66 311 192 354 ramum
214 293 315 351 salutis
334 308 395 349 non
415 291 526 349 babuit.
550 290 610 362 ligo
632 288 710 346 enlm
737 305 789 344 nec
808 293 923 361 tempus
941 275 1133 362 Aprolerant,
1157 287 1260 344 atille
1290 303 1324 342 aa
1351 287 1430 343 lideli
1455 287 1606 344 devotione
1636 288 1674 343 ob
1698 301 1826 344 amoram

66 403 125 442 nec
140 401 235 456 genus
256 384 292 439 ab
314 382 368 438 hac
390 381 482 437 salute
507 378 647 451 separavi,
671 378 720 434 sed
740 378 815 433 hanc
836 393 924 433 voca·
978 379 1137 434 caelestium
1152 377 1317 450 adimpleat

65 477 184 530 tionem
212 473 292 530 omui
319 471 428 546 populo
450 486 502 542 per
525 468 627 524 l'ilium
647 483 744 524 meum
768 467 924 523 clementer
1014 468 1085 522 Nam
1101 467 1197 523 nullus
1214 471 1273 522 tam
1296 465 1375 538 gravi
1401 465 1530 537 pondere
1554 471 1736 538 peccatorum
1759 481 1823 538 pra-

67 563 201 620 insricui,
978 555 1077 622 mitur,
1100 555 1170 611 siin
1186 555 1304 610 nomina
1326 559 1513 610 sacrosanctae
1536 554 1682 610 Trinitatis
1706 555 1736 609 in
1754 571 1823 610 sau-

106 653 193 721 Nam,
208 649 239 706 in
256 663 431 722 quocunqne
454 652 584 718 tempore
604 645 763 701 labentium
784 644 923 702 horarum
977 649 1055 699 ctnrn
1077 644 1219 717 baptisma
1250 643 1375 699 mittitur
1398 643 1469 715 quin
1490 659 1555 699 vere
1582 644 1679 699 omnia
1702 644 1824 700 crimina

7 738 8 763 ¹
68 741 273 812 cujuscunque
295 754 379 794 sexus
400 743 450 793 aut
470 737 563 793 aetatis
586 737 675 793 bomo
695 735 754 790 sive
779 734 923 789 masculus
977 733 1091 790 sceleris
1107 733 1169 805 eJ'us
1184 733 1305 802 deleam,
1325 732 1437 788 sieutet
1455 733 1487 788 in
1507 733 1617 788 infante
1639 749 1703 789 cnm
1730 733 1760 788 in
1781 735 1823 788 la-

66 831 131 884 sive
147 828 265 896 lamina,
281 828 377 884 iulans
398 831 449 882 ant
468 826 654 898 decrepitas:
679 840 745 880 cnm
766 822 797 878 in
821 822 924 879 affectu
976 823 1300 895 vacroregenerationis
1323 823 1531 896 pertunditur:
1554 829 1680 879 veterem
1705 823 1818 894 culpam

67 917 235 974 devotionis
249 916 473 988 adbaptismum
495 915 616 984 venerit,
638 930 692 986 ego
716 928 782 968 cum
807 911 923 984 pietatis
976 910 1044 968 Adra
1058 913 1197 968 veraciter
1217 913 1313 969 abluo.
1337 912 1391 968 Sed
1411 928 1468 967 non
1491 911 1616 979 mireris,
1632 911 1729 981 bomo,
1746 911 1823 983 quod

68 1004 220 1076 adjutorio
243 1003 398 1076 suscipiam
419 1019 498 1058 earn.
519 1005 553 1057 Et
571 1017 631 1057 nou
654 1017 755 1056 recuso
778 1001 921 1054 lavacrum
977 1001 1007 1055 in
1021 1001 1099 1056 lente
1112 1001 1290 1074 baptismatis
1307 1001 1341 1057 ab
1361 1001 1496 1057 omnibus
1515 1002 1637 1074 peccatis
1658 1001 1716 1056 suis
1736 1001 1823 1055 homo

69 1094 213 1166 baptismi
245 1092 374 1161 intentis,
401 1097 432 1147 nt
463 1093 582 1164 qnidam
606 1090 669 1145 falsi
689 1090 856 1161 deceptores
879 1089 922 1144 lo-
974 1089 1161 1157 justificatur,
1182 1089 1222 1144 ita
1248 1091 1326 1162 qnod
1350 1091 1384 1146 de
1403 1089 1532 1161 pondera
1555 1093 1739 1162 peecatorum
1760 1105 1823 1144 suo·

66 1188 225 1256 quantun
247 1181 295 1254 qui
319 1198 364 1236 ma
387 1182 474 1236 talem
502 1180 676 1235 oblationem
700 1178 823 1249 aincere
838 1193 923 1232 meu·
975 1191 1041 1232 rum
1056 1175 1086 1232 in
1101 1193 1135 1233 eo
1157 1179 1380 1235 clementissime
1404 1179 1564 1235 alleviatur.
1590 1179 1662 1235 Nam
1684 1177 1824 1234 innocens

68 1272 201 1338 tinnitor,
235 1271 309 1325 sicut
339 1269 427 1325 etiam
458 1270 487 1323 in
520 1268 614 1323 Veteri
653 1267 833 1322 Testamenta
863 1283 922 1321 non
976 1280 1070 1336 agnus
1086 1267 1213 1339 quisine
1229 1267 1536 1340 nllamaculapaccati
1554 1267 1662 1324 iontem
1687 1267 1823 1340 baptismi

69 1359 172 1431 sprevi
187 1358 306 1414 intentis
330 1358 595 1424 circumcisionem
620 1372 686 1411 cnm
708 1357 757 1410 ille
782 1371 845 1411 eam
869 1371 922 1410 nec
977 1352 1189 1426 ingressusest,
1207 1371 1393 1427 cummagno
1413 1361 1592 1412 sacramento
1616 1356 1822 1412 incarnationis

69 1465 144 1503 roca
159 1452 309 1520 expeteret
329 1463 383 1502 nec
406 1448 554 1503 voluntate
579 1444 745 1516 susciperet,
770 1459 856 1514 qnam
879 1448 922 1498 ta·
976 1459 1036 1499 sua
1057 1445 1179 1501 crimina
1203 1450 1388 1517 peccatorum
1411 1445 1564 1502 hominum
1590 1447 1620 1502 in
1651 1447 1821 1519 baptismate

69 1553 142 1592 men
171 1541 307 1607 parentes
335 1550 388 1607 pro
418 1535 482 1606 ipso
509 1535 735 1606 compleverunt.
764 1533 807 1588 lta
835 1533 922 1587 etiam
978 1533 1199 1590 misericorditer
1213 1533 1338 1590 abstulit.
1355 1535 1410 1590 Sed
1433 1534 1530 1590 omnia
1546 1535 1733 1590 attentissime
1756 1551 1821 1605 per-

70 1641 153 1681 nunc
167 1625 198 1680 in
214 1640 287 1680 nora
301 1625 394 1696 gratia
416 1640 475 1679 non
498 1623 602 1694 abjicio
625 1622 802 1694 baptismum
823 1620 920 1676 inian-
942 1590 1097 1689 Bscrutor,
1115 1621 1188 1676 etin
1203 1622 1256 1677 hoc
1271 1623 1417 1678 saeculoet
1438 1623 1468 1677 in
1490 1623 1649 1678 eternitate
1671 1623 1720 1677 vibi
1745 1639 1822 1678 mors

69 1715 132 1768 tis:
160 1711 293 1785 quamvis
314 1712 364 1767 ille
385 1727 451 1767 euna
471 1726 526 1766 nec
544 1711 700 1783 loquendo,
722 1726 776 1765 nec
799 1724 921 1765 consen·
975 1725 1129 1782 corporum
1143 1725 1200 1768 nen
1215 1715 1267 1779 ast,
1283 1711 1332 1766 sed
1347 1709 1443 1766 omnia
1459 1715 1566 1782 aperta.
1588 1710 1661 1776 Quid
1683 1716 1727 1766 est
1748 1711 1822 1768 boc‘l

68 1802 172 1857 tiendo
195 1805 316 1872 quaerat,
340 1801 390 1856 sed
409 1805 522 1856 tantum
543 1799 711 1872 parentibus
734 1799 797 1871 ejus
818 1797 849 1853 id
868 1815 921 1870 pro
975 1799 1110 1854 Gabenna
1127 1799 1156 1854 in
1173 1800 1308 1871 operibus
1320 1799 1420 1854 mortis
1436 1800 1585 1870 probatur,
1602 1805 1630 1854 et
1644 1800 1701 1854 vita
1715 1814 1822 1854 averna

72 1887 356 1960 coexsequentibus.
974 1887 1005 1942 in
1029 1887 1164 1958 operibus
1194 1903 1259 1960 quas
1287 1887 1433 1960 portinent
1463 1887 1498 1943 ad
1523 1887 1621 1942 vitam.
1649 1887 1822 1952 Quomodo?

106 1978 142 2032 Et
155 1981 255 2030 tamen
269 1976 295 2031 si
313 1975 363 2030 ille
385 1976 508 2030 salutem
522 1973 658 2047 consequi
672 1974 826 2042 desiderat,
840 1975 921 2030 omni
974 1976 1049 2032 llors
1073 1985 1125 2048 per
1148 1984 1272 2031 mortem
1296 1975 1446 2047 probatur,
1469 1975 1538 2048 quia
1560 1991 1626 2030 cum
1650 1975 1736 2032 humo
1759 1975 1821 2032 sina

64 2065 135 2136 jara
164 2064 281 2120 tidalem
310 2063 532 2136 promissionem
559 2064 739 2136 adimplebit,
764 2079 853 2136 quam
878 2064 921 2119 illi
973 2065 1145 2136 poenitentia
1165 2067 1195 2120 et
1215 2064 1276 2120 sina
1300 2063 1497 2120 misericordia
1523 2065 1572 2120 llei
1594 2065 1742 2137 (quoniam
1762 2081 1820 2122 non

69 2169 124 2225 pro
149 2169 184 2210 eo
205 2153 435 2224 spoponderunt,
461 2151 511 2225 qui
544 2167 612 2206 enm
647 2152 684 2207 ad
708 2157 919 2207 sacrosanctum
974 2153 1096 2225 requirit
1110 2153 1274 2226 eam)justo
1287 2153 1337 2209 Ilei
1353 2153 1464 2226 judicio
1485 2153 1516 2208 iu
1538 2154 1819 2228 peccatismoritur3

68 2242 184 2296 fontem
217 2241 418 2307 exbibuerunt,
443 2240 493 2312 qai
520 2245 579 2295 tres
602 2240 735 2295 homines
755 2240 786 2296 in
809 2241 920 2297 honore
974 2258 1053 2297 mors
1076 2241 1153 2296 enirn
1184 2246 1277 2297 morte
1311 2241 1396 2296 inleri
1424 2240 1584 2298 discutitur.
1611 2243 1673 2297 Vita
1694 2253 1820 2314 'auoque

69 2336 180 2385 sanctae
194 2329 340 2384 Trinitatis
359 2345 421 2384 asse
445 2329 560 2398 debent,
586 2329 718 2384 sacerdos
739 2329 848 2384 scilicet
870 2329 921 2400 qui
973 2331 1112 2402 probatur
1125 2330 1289 2402 pervitam
1306 2329 1346 2385 lta
1367 2330 1444 2403 quod
1459 2329 1535 2386 bona
1554 2346 1641 2402 opera
1662 2331 1775 2404 fulgent
1790 2331 1820 2386 in

68 2417 351 2490 ipsum-perlandit,
375 2422 404 2473 et
432 2418 489 2474 dno
518 2419 568 2489 qni
587 2434 640 2490 pro
663 2418 713 2473 illo
744 2418 830 2474 verba
854 2417 921 2474 lldei
973 2419 1063 2486 omlis,
1088 2434 1154 2474 aum
1179 2417 1237 2474 vite
1259 2423 1366 2474 eterna
1388 2417 1553 2474 dominatur
1580 2418 1645 2474 illis.
1670 2420 1712 2474 lta
1733 2420 1819 2475 etiam

70 2507 226 2577 spondent.
245 2505 300 2571 uui
320 2510 417 2561 autam
440 2506 495 2561 hoc
514 2505 601 2562 modo
623 2505 655 2562 in
678 2507 791 2561 lavacro
811 2507 920 2579 baptis·
975 2507 1025 2581 qni
1046 2509 1076 2562 in
1090 2507 1170 2564 fonte
1191 2507 1400 2563 benedictionis
1413 2507 1607 2579 baptizantur,
1625 2508 1655 2562 iu
1669 2508 1820 2565 sanctitate

72 2595 160 2648 matis
180 2594 326 2663 baptizato
347 2593 576 2665 conjunguntnr3
600 2592 632 2649 in
657 2593 765 2648 carnali
785 2609 920 2665 procrea·
972 2601 1077 2653 sanctae
1101 2595 1326 2669 regenerationis
1344 2597 1512 2667 probantur.
1542 2597 1578 2651 Et
1608 2611 1674 2652 cum
1705 2595 1744 2652 ibi
1768 2613 1821 2668 per

71 2683 153 2737 bona
167 2682 195 2737 ei
210 2698 271 2737 non
283 2682 533 2749 commisceantur,
547 2682 617 2754 quia
638 2681 668 2736 in
691 2683 812 2755 spiritali
832 2698 919 2754 gene·
972 2687 1182 2742 invocationem
1204 2683 1412 2742 benedictionis
1439 2684 1595 2739 sacerdotis
1615 2684 1742 2752 invocor,
1769 2701 1819 2740 au-

70 2773 184 2828 ratione
199 2770 226 2827 ei
239 2771 430 2827 adhaeserunt.
448 2772 482 2826 in
502 2771 646 2843 baptismo
671 2771 749 2827 enim
776 2772 838 2827 Filii
861 2773 918 2828 ruai
972 2790 1019 2832 res
1036 2789 1110 2830 meaa
1130 2773 1226 2830 uerbis
1258 2773 1327 2830 lldei
1349 2777 1459 2844 patent,
1472 2771 1611 2844 :quamvis
1632 2773 1680 2828 illa
1703 2771 1752 2844 qui
1778 2772 1820 2828 ibi

70 2873 124 2932 ego
136 2862 223 2916 Pater
236 2859 351 2916 intonui
368 2859 467 2931 :quod
482 2860 661 2915 sacerdotem
682 2861 714 2915 in
738 2861 850 2916 lavacro
871 2860 919 2916 be·
938 2868 1020 2923 cmc
1035 2864 1157 2931 invocat,
1173 2864 1204 2918 in
1219 2861 1445 2934 obligationibus
1459 2864 1642 2932 peccatorum
1664 2860 1710 2916 sit.
1733 2862 1816 2930 Nam,

70 2949 266 3004 sedictionem
294 2948 412 3004 dantmn
439 2947 576 3016 ostendit,
600 2953 629 3004 at
660 2948 784 3020 Spiritus
804 2954 920 3005 sanctus
975 2951 1107 3025 quamvis
1131 2950 1261 3007 sacerdos
1280 2956 1413 3022 peccator
1435 2950 1483 3021 sit,
1503 2955 1600 3005 tamen
1624 2948 1751 3006 cilicium
1771 2951 1820 3006 ba·

70 3039 101 3093 iu
124 3037 221 3110 speeie
249 3037 321 3092 levis
346 3037 469 3093 volueris
494 3036 572 3092 visus
598 3042 651 3104 ast,
677 3037 755 3109 qnod
776 3053 868 3094 unum
889 3037 918 3092 in
975 3040 1073 3112 ptismi
1089 3040 1123 3096 ab
1139 3055 1174 3096 eo
1189 3040 1323 3112 suscipio,
1339 3039 1363 3094 si
1379 3037 1449 3094 illud
1464 3053 1516 3110 par
1540 3038 1750 3094 invocationem
1770 3053 1819 3093 no·

71 3126 254 3199 simplicitate
267 3125 372 3195 cordis,
387 3125 428 3182 ibi
450 3125 599 3181 bominem
620 3125 826 3198 baptizandum
847 3127 918 3182 allo·
974 3129 1062 3185 minis
1084 3129 1141 3184 mei
1161 3129 1286 3185 lldeliter
1308 3132 1428 3184 exercet.
1450 3126 1542 3200 Ipsius
1563 3131 1659 3182 autem
1682 3127 1819 3198 iniquitas

72 3221 209 3288 quantem
223 3220 253 3270 at
266 3216 417 3271 docentem
434 3213 598 3283 denuntiat,
614 3218 701 3287 atque
725 3215 814 3271 Filius
837 3231 919 3271 meus
974 3216 1179 3274 condemnabit
1199 3233 1275 3280 eum,
1301 3217 1324 3271 si
1344 3217 1373 3272 in
1394 3232 1428 3271 ea
1450 3217 1512 3273 sine
1534 3215 1703 3288 penitentia
1726 3230 1820 3286 perse·

72 3306 102 3360 in
132 3320 220 3359 carne
251 3303 441 3376 baptizandus
471 3303 585 3370 aderat;
613 3304 692 3376 quod
713 3303 865 3360 mulierem
888 3305 918 3360 in
973 3308 1123 3363 vetaverit.
1140 3306 1367 3362 celebrationem
1390 3322 1458 3360 vero
1482 3303 1617 3378 baptismi
1639 3319 1699 3360 non
1719 3319 1819 3360 recuso

72 3392 212 3448 suavitate
235 3393 334 3448 matris
354 3397 496 3447 astantem
520 3392 556 3448 oh
572 3391 766 3449 dulcissimam
787 3394 919 3449 incarna-
973 3394 1009 3450 ab
1024 3411 1059 3449 en
1083 3396 1237 3467 suscipere,
1252 3411 1317 3449 cum
1342 3395 1372 3450 in
1395 3395 1488 3450 verbis
1510 3394 1579 3450 fidei
1599 3408 1646 3449 ma
1669 3393 1819 3450 invocave-

73 3481 183 3536 tionem
211 3481 340 3550 eiusdem
370 3480 516 3553 Unigeniti
547 3481 685 3537 declarat.
717 3481 790 3547 Quid
823 3484 919 3538 nunc?
973 3482 1022 3538 rit.
1045 3483 1118 3549 Quid
1144 3488 1187 3538 est
1209 3482 1282 3538 hoc?
1297 3482 1326 3539 Si
1350 3483 1453 3554 aliquis
1469 3483 1649 3538 dircshomo
1674 3482 1820 3553 dispensa·

73 3570 128 3626 Sed
144 3570 219 3625 sicut
232 3569 329 3625 inians
342 3570 416 3624 lacte
430 3574 460 3626 et
481 3569 554 3626 escis
575 3570 612 3626 ab
633 3568 690 3626 alio
713 3570 767 3626 sibi
790 3570 920 3626 contritis
973 3577 1065 3627 torem
1080 3571 1175 3640 habet,
1192 3571 1243 3643 qui
1268 3571 1408 3626 militibus
1430 3570 1489 3625 suis
1509 3571 1586 3626 huna
1608 3587 1660 3625 sua
1682 3576 1759 3626 recte
1779 3569 1820 3626 di-

72 3658 260 3730 oerporaliter
291 3659 427 3730 pascitur,
461 3658 502 3714 ita
536 3656 625 3713 etiam
652 3659 813 3715 doctrinam
837 3665 864 3715 et
889 3659 918 3715 in
973 3677 1123 3734 sponsans,
1141 3661 1267 3716 ollicium
1290 3677 1375 3715 svium
1397 3659 1521 3716 fideliter
1543 3665 1665 3727 exercet,
1690 3661 1740 3731 qui
1767 3660 1819 3715 etsi

73 3747 244 3818 baptismate
266 3746 322 3802 sibi
340 3747 515 3820 propositam
538 3747 627 3803 fidem
655 3764 689 3803 ex
707 3748 810 3805 intimo
833 3750 919 3806 corde
973 3751 1051 3806 idem
1072 3750 1253 3821 dispensator
1276 3750 1312 3803 de
1335 3749 1390 3804 alio
1414 3765 1501 3820 opera
1526 3765 1578 3803 suu
1603 3747 1754 3819 culpabilis
1777 3753 1820 3804 est

72 3835 244 3892 observabit.
261 3836 344 3901 Quod
358 3837 383 3891 si
397 3837 487 3892 ubera
501 3837 673 3893 matrissuae
690 3854 748 3893 non
763 3838 851 3909 sugit,
866 3855 919 3895 uec
973 3843 1072 3894 umen
1085 3837 1221 3893 dominus
1234 3854 1302 3892 snus
1314 3854 1373 3892 noa
1389 3837 1561 3909 dedignatur
1574 3836 1608 3892 ab
1624 3851 1658 3891 eo
1675 3835 1819 3908 suscipere

72 3924 210 3980 annius
232 3924 287 3980 sibi
310 3941 388 3979 escas
412 3925 532 3996 suscipit
555 3924 754 3980 incunctanter
781 3926 919 3996 moritur;
973 3927 1100 3983 alliciam
1116 3943 1210 3991 aarum,
1232 3926 1330 3982 dicens
1351 3925 1469 3982 forsitan
1481 3927 1506 3982 ei
1524 3943 1530 3982 :
1547 3925 1631 3982 Serva
1646 3941 1772 3996 nequam
1787 3925 1819 3979 in

72 4015 112 4069 sic
125 4014 225 4084 letiam
257 4014 282 4067 si
309 4013 487 4068 nutrimenta
507 4013 645 4083 piissimae
668 4013 768 4069 matris
790 4015 920 4070 Ecclesiae
973 4031 1061 4088 opere
1085 4020 1145 4084 tuo,
1168 4015 1245 4072 unde
1268 4021 1296 4071 et
1318 4015 1401 4070 illuns
1424 4016 1453 4070 in
1475 4019 1573 4070 mente
1595 4031 1646 4069 sna
1666 4015 1818 4087 indignum

74 4118 132 4157 uon
158 4101 274 4174 accipit,
301 4117 354 4156 nec
377 4101 464 4158 verba
485 4102 614 4157 lidelinm
638 4103 790 4158 doctorum
814 4103 845 4157 in
867 4104 919 4159 ba·
973 4105 1075 4172 habet;
1092 4103 1220 4161 officium
1233 4109 1330 4160 tamen
1346 4104 1463 4177 justitiae
1479 4121 1538 4160 suas
1553 4105 1588 4160 ab
1613 4121 1647 4160 eo
1668 4119 1727 4159 uon
1746 4103 1821 4160 dedi·

75 4192 209 4261 ptismete
247 4191 398 4262 proposita
429 4191 550 4257 retinet;
583 4190 781 4246 crudelitatem
821 4190 920 4246 mortis
938 4166 1219 4266 Dgnansaccipere.
1236 4192 1280 4249 Sic
1296 4194 1383 4248 etiam
1399 4209 1452 4264 ago
1473 4193 1524 4265 qui
1547 4192 1685 4265 plurimos
1706 4191 1820 4262 dispen-

74 4280 179 4335 animae
195 4296 251 4334 uon
267 4279 372 4348 eradit,
395 4280 534 4351 qnoniam
554 4279 741 4334 salvationem
767 4279 871 4335 animae
892 4286 920 4335 et
976 4287 1085 4337 satores
1098 4281 1202 4349 habeo,
1226 4299 1243 4336 a
1266 4281 1413 4338 sacerdote
1428 4281 1478 4355 qui
1492 4286 1567 4336 recte
1583 4287 1685 4336 unctus
1706 4277 1738 4335 in
1758 4280 1820 4335 olli·

75 4367 255 4424 dulcedinam
285 4371 401 4424 aetarnae
432 4368 496 4423 vitas
527 4370 677 4424 recusavit.
701 4369 734 4422 lit
756 4369 831 4423 sicut
854 4385 920 4424 cnm
973 4371 1019 4426 cio
1037 4387 1089 4426 suo
1112 4369 1237 4426 lideliter
1259 4375 1367 4438 manat,
1390 4371 1520 4442 quamvis
1541 4369 1575 4425 de
1600 4369 1663 4424 aliis
1684 4367 1820 4440 operibus

74 4458 152 4512 idem
162 4456 258 4512 iulans
270 4456 449 4528 corporalem
468 4456 565 4512 cibum
580 4455 714 4512 dentibus
734 4456 793 4511 suis
805 4457 921 4528 ‚molera
975 4459 1035 4515 suis
1062 4459 1221 4531 culpandus
1238 4456 1285 4527 sit,
1310 4474 1369 4513 non
1398 4458 1538 4530 dedignor
1562 4457 1705 4529 suscipere
1730 4472 1822 4511 sacra-

74 4562 133 4602 non
148 4550 253 4617 potest,
270 4545 342 4601 alius
356 4545 384 4600 ei
398 4544 481 4600 illum
502 4546 539 4600 ad
564 4545 782 4616 deglutiendum
803 4562 841 4601 ne
856 4562 922 4602 mo·
975 4551 1106 4603 mentum
1120 4562 1228 4614 meum,
1249 4547 1284 4602 de
1299 4546 1364 4602 aliis
1377 4551 1474 4603 umen
1494 4546 1607 4618 injustis
1630 4545 1741 4600 actibus
1762 4543 1821 4598 suis

74 4635 165 4690 natur
190 4634 328 4702 conterit;
357 4633 398 4689 sic
421 4634 508 4689 etiarn
533 4633 695 4688 laciendum
717 4638 760 4689 est
784 4650 850 4690 curn
873 4635 921 4690 ille
975 4652 1042 4691 eum
1072 4635 1144 4691 mibi
1174 4635 1350 4692 contrarium
1379 4635 1521 4707 judicans,
1548 4650 1601 4690 nee
1623 4639 1722 4689 tamen
1743 4632 1820 4704 quod

74 4723 103 4779 in
117 4723 261 4794 baptismo
286 4723 374 4778 verba
397 4724 432 4779 ad
456 4722 651 4778 confitendum
673 4738 719 4778 me
741 4740 799 4779 non
824 4724 920 4794 babet,
975 4739 1074 4780 meum
1090 4729 1133 4779 est
1146 4724 1181 4779 ab
1196 4740 1229 4779 eo
1244 4724 1387 4796 suscipere
1402 4728 1600 4779 contemnens.

75 4813 198 4869 aderunt
211 4811 238 4867 ei
257 4812 421 4884 spirituales
435 4811 580 4884 adjutores
603 4810 655 4882 qui
677 4811 733 4882 ipsi
754 4811 851 4867 cibum
876 4813 923 4868 vi·
1011 4811 1093 4878 Quod
1107 4811 1131 4866 si
1144 4812 1249 4885 aliquis
1265 4812 1455 4884 baptizandus
1478 4809 1690 4882 separationem
1714 4807 1820 4863 animes

75 4907 120 4971 te,
135 4901 167 4956 id
181 4904 225 4956 ast
237 4900 408 4956 catholicam
423 4900 510 4956 tidem
535 4916 571 4955 ne
594 4898 626 4956 in
649 4899 753 4972 laqueo
775 4906 922 4972 perpetues
976 4905 1006 4957 et
1037 4901 1166 4972 eorporis
1188 4900 1232 4956 sui
1255 4901 1353 4956 adema
1375 4905 1479 4972 putans
1509 4899 1651 4971 baptisma
1674 4895 1822 4970 quesierit

75 4989 174 5046 mortis
215 4989 499 5061 comprehendantur
534 4993 708 5060 proponant.
751 4988 922 5052 Quomodo?
977 5005 1030 5045 nee
1056 4991 1235 5046 sacerdotem
1262 5007 1279 5044 e
1306 5005 1363 5060 quo
1393 4989 1555 5060 baptizatur
1582 4985 1688 5043 habere
1721 4985 1820 5057 possit,

75 5077 214 5133 Dominus
242 5092 399 5132 servosne
422 5078 600 5132 voluntatem
623 5093 704 5131 suam
729 5093 799 5132 voce
821 5077 921 5149 praeci·
976 5083 1046 5134 tunc
1060 5077 1084 5132 si
1099 5079 1163 5151 qais
1177 5093 1243 5134 eum
1257 5094 1309 5150 per
1329 5078 1541 5133 invocationem
1565 5075 1649 5131 trine
1666 5074 1822 5146 majestatis

76 5166 181 5238 pientia
196 5165 343 5238 proponit,
367 5170 394 5220 et
409 5165 458 5221 ille
473 5181 537 5221 eam
551 5165 582 5220 iu
604 5164 707 5220 timore
730 5181 817 5236 opere
841 5182 923 5222 com·
977 5167 1147 5238 perfuderit,
1174 5167 1333 5240 baptizatus
1361 5172 1412 5222 est.
1443 5166 1474 5220 Et
1500 5163 1699 5220 remissionem
1726 5178 1824 5234 pecca-

76 5258 144 5328 plet‚
160 5259 193 5310 et
202 5262 298 5310 mator
311 5253 402 5310 filiam
417 5269 499 5310 saram
514 5254 545 5309 in
558 5252 697 5308 charitate
719 5253 810 5322 docet,
831 5259 860 5310 et
873 5255 924 5310 illa
979 5261 1073 5310 torum
1102 5271 1231 5322 snorum,
1256 5253 1439 5328 gratiamque
1471 5269 1603 5325 supernae
1635 5251 1823 5308 beatitudinis

76 5343 160 5400 verba
174 5342 241 5413 ejus
254 5359 319 5398 cum
341 5341 518 5414 subjectione
533 5341 659 5414 perlicit,
675 5356 708 5397 ac
729 5341 818 5398 simili
837 5343 924 5400 modo
977 5343 1115 5415 perhanc
1129 5343 1324 5415 perfusionem
1352 5341 1482 5414 accipiet,
1504 5341 1574 5414 quia
1595 5341 1626 5396 iu
1648 5341 1704 5397 fide
1728 5340 1825 5396 catho-

78 5433 224 5492 debitores
242 5430 312 5488 fidei
333 5432 494 5503 baptizato,
510 5432 598 5488 verba
629 5429 730 5488 salutis
761 5435 924 5503 opportune
978 5431 1177 5504 licaperlusus
1191 5438 1244 5501 est,
1260 5447 1313 5488 nee
1335 5429 1389 5487 boc
1410 5430 1552 5503 baptisma
1576 5429 1684 5486 mutari
1705 5427 1822 5502 polerit.
