3984 6034
70 217 136 270 tute
782 219 862 278 l'ltd
881 221 909 276 S.
930 221 1095 280 euenere
1750 233 1814 287 1090

64 350 269 407 sessioautem
284 352 459 423 prediorum
474 353 548 424 eina,
564 355 957 428 quambaercditariojured
1007 361 1051 414 to.
1077 360 1108 415 lu
1135 375 1193 431 qua
1220 358 1388 417 infirmitate
1413 379 1508 431 senex,
1532 379 1619 436 quem
1646 365 1755 422 dudum
1783 367 1813 422 in

63 443 126 496 um
142 446 255 510 epatre
269 456 356 512 quam
372 458 389 496 e
405 446 496 497 matre
510 447 539 498 et
555 459 574 498 a
594 445 704 500 cereris
718 448 913 518 pmgenitori-
967 447 1074 504 somnis
1087 447 1206 517 viderat,
1221 448 1247 504 ei
1263 451 1407 521 apparuit,
1427 451 1524 508 diceus
1541 469 1549 508 r
1566 473 1579 505 e
1602 455 1661 525 Ego
1675 456 1811 528 antiquus

64 527 194 582 bussuis
207 529 383 598 possederat,
402 544 419 583 a
440 531 504 585 loco
517 530 580 597 illo,
596 531 644 586 ubi
667 531 798 605 reliquiae
824 535 914 606 ipsius
967 535 1091 604 diarum,
1116 537 1166 608 qui
1188 537 1298 593 Danieli
1316 538 1347 592 in
1369 538 1431 594 risu
1458 541 1549 596 noctis
1575 542 1705 614 apparui,
1728 559 1808 612 sum;

63 618 191 672 conditae
204 623 286 684 sunt;
311 616 453 686 videlicet,
476 618 526 674 ubi
541 620 621 674 Naba
634 620 738 675 fluvius
751 623 852 677 Rheno
865 623 913 677 in·
967 629 997 678 et
1010 639 1088 679 nune
1101 625 1188 680 etiam
1204 641 1250 680 me
1263 625 1316 681 tibi
1338 628 1500 696 manifesto,
1524 634 1610 701 teque
1629 631 1665 685 ad
1687 631 1805 703 gloriam

64 706 144 776 fluit,
159 721 274 761 sursum
289 722 340 777 per
355 707 447 779 ripam
462 708 555 763 Rheni
571 723 662 780 usqrre
676 709 711 764 ad
729 711 785 782 (at)
805 711 914 766 selsam
967 711 1087 768 induite
1101 713 1286 769 beatitudinis
1300 730 1386 784 roco;
1407 715 1544 786 quoniam
1567 733 1618 786 per
1636 720 1809 790 pomerium,

65 794 189 849 fluvium
201 810 232 848 se
245 794 433 861 extendebat;
447 800 477 851 et
489 795 594 850 deinde
603 795 640 851 ad
653 797 772 853 atiaduo
781 798 913 866 flumina,
967 801 1044 872 quod
1058 801 1111 857 tibi
1125 802 1196 858 elim
1212 803 1241 856 in
1262 803 1324 858 risu
1346 803 1550 871 demonstrari,
1565 805 1640 861 bona
1663 813 1691 862 et
1714 815 1811 865 sancta

64 899 192 954 quorum
205 883 333 953 primum
343 884 600 951 wira,seeundnm
615 887 690 956 Apsa
704 885 818 956 dicitur,
834 893 913 943 trau·
967 905 1066 960 opera,
1087 907 1151 963 que
1172 891 1259 946 modo
1274 892 1432 963 complesti,
1448 893 1586 948 veraciter
1605 902 1810 966 praemonstra·

63 971 157 1035 sibat;
168 977 198 1026 et
208 971 266 1027 illic
276 973 466 1028 ultratlahem
476 973 625 1029 lluriolum
636 975 731 1030 Eiram
740 976 912 1048 dictum,qui
966 978 1005 1033 ri.
1022 979 1105 1044 »Qui
1120 983 1153 1034 ut
1167 978 1202 1033 de
1225 995 1325 1034 somno
1346 979 1500 1052 evigilavit,
1524 981 1639 1038 tristitia
1662 989 1690 1038 et
1706 985 1809 1040 timore

63 1058 176 1114 ibidem
190 1060 303 1114 medius
318 1060 404 1116 trium
415 1060 570 1117 tlurionrm
581 1063 709 1134 ejusdem
719 1064 848 1119 vocabuli
858 1069 912 1133 est,
967 1068 1149 1139 perterritus,
1170 1068 1240 1140 qrria
1261 1067 1383 1123 libenter
1400 1071 1571 1140 complesset
1593 1074 1672 1142 quod
1698 1073 1756 1128 lieo
1779 1075 1808 1130 in

9 1205 10 1210 η
64 1146 254 1214 ascendebat;
271 1154 300 1203 et
312 1148 417 1203 abbiuc
429 1149 464 1204 ad
478 1151 537 1220 (37)
550 1150 692 1206 simeram
706 1168 822 1209 emnem
846 1154 914 1210 diri·
967 1154 1117 1211 desideriis
1133 1157 1191 1211 suis
1206 1161 1332 1224 vorarat,
1354 1157 1438 1212 matri
1460 1173 1520 1212 sure
1543 1173 1607 1230 qne
1630 1159 1742 1216 viderat
1765 1163 1809 1218 in-

64 1235 201 1305 gebator,
223 1235 339 1292 atinde
357 1251 411 1307 per
432 1237 532 1293 silvam
555 1239 639 1308 Sane,
655 1239 709 1296 ubi
729 1241 834 1307 amuis,
862 1242 913 1314 qui
966 1243 1080 1300 dicarit.
1097 1244 1151 1301 Sed
1165 1246 1216 1301 illa
1237 1245 1369 1317 protinus
1385 1246 1510 1301 maximo
1526 1263 1649 1304 moerore
1665 1266 1809 1321 percussa,

64 1323 232 1380 lleieubeclr
246 1331 372 1391 vocetur,
385 1326 486 1382 libano
501 1341 531 1381 se
545 1327 682 1397 intendit,
698 1331 911 1388 recurvabatur.
967 1337 1091 1404 quantos
1118 1333 1243 1406 gerardus
1276 1339 1457 1407 quantosque
1485 1336 1588 1402 luctus,
1617 1337 1662 1392 his
1695 1339 1809 1408 auditis,

103 1415 130 1468 8.
154 1412 298 1468 llabitatio
319 1421 428 1481 autem,
452 1419 511 1470 tam
530 1417 560 1471 B.
577 1416 695 1472 lloberti
710 1433 797 1490 quam
813 1422 913 1476 matris
968 1421 1100 1488 ediderit,
1124 1439 1140 1476 a
1168 1423 1297 1493 quolibet
1323 1423 1415 1478 simile
1437 1439 1519 1495 passo
1543 1425 1733 1480 animadverti
1759 1443 1810 1500 po·

64 1500 169 1572 ipsius,
183 1503 440 1574 eodemtempore,
455 1505 757 1576 proptersuaritatem
780 1508 913 1565 defluen-
967 1514 1033 1565 test.
1060 1509 1158 1582 ltaque
1188 1525 1253 1565 cum
1278 1510 1379 1566 beatus
1403 1511 1456 1566 iste
1479 1526 1532 1583 per
1552 1513 1670 1583 triginta
1693 1514 1753 1569 dies
1780 1513 1810 1569 in

64 1589 141 1646 tium
166 1607 318 1662 aquarum,
343 1592 461 1664 inipso
485 1599 556 1660 erat,
583 1594 634 1649 ubi
655 1594 786 1667 reliquie
811 1613 913 1654 eorum
967 1596 1087 1669 prefata
1108 1598 1274 1653 infirmitate
1297 1599 1464 1666 laborasset,
1488 1600 1621 1655 vicesimo
1637 1602 1728 1656 etatis
1751 1619 1810 1658 sure

64 1694 147 1733 nrrnc
165 1679 289 1734 conditae
312 1684 388 1734 snut.
415 1680 521 1736 Civitas
545 1697 614 1737 rero
638 1681 778 1754 ipsorum,
806 1684 912 1741 ibidem
968 1700 1045 1741 auno
1066 1687 1140 1740 usus
1164 1701 1242 1753 sirm,
1265 1687 1296 1742 in
1310 1687 1385 1742 bona
1399 1687 1576 1743 confessione
1599 1693 1628 1744 et
1645 1689 1677 1744 in
1702 1690 1751 1744 Dei
1774 1691 1810 1745 ti-

66 1768 124 1823 eita
139 1772 167 1821 et
189 1759 358 1823 fortissimis
375 1769 506 1824 aediliciis
521 1771 639 1836 munita,
668 1788 720 1843 per
734 1779 824 1828 totam
838 1775 916 1846 adje-
969 1774 1249 1843 more,debecrita
1270 1775 1404 1832 tulit:ne
1430 1775 1454 1831 si
1468 1776 1505 1832 ad
1529 1777 1683 1848 perfectam
1699 1783 1811 1834 euram

65 1860 182 1911 cenom
210 1855 359 1927 planitiem
378 1859 526 1929 usquead
551 1861 676 1915 radicem
700 1861 786 1916 vicini
809 1863 915 1918 montis
967 1863 1140 1934 perveniret,
1160 1869 1225 1934 post
1239 1864 1299 1918 rias
1316 1865 1406 1936 patris
1427 1865 1471 1920 sui
1486 1865 1645 1934 incederet;
1670 1867 1737 1938 quia
1761 1869 1812 1940 qui

65 1947 99 1998 et
111 1960 203 2013 usque
217 1945 255 1999 ad
267 1945 361 2016 ripam
375 1945 469 2002 libeni
484 1944 664 2003 tendebatur.
689 1949 744 2005 Sed
768 1965 800 2004 ex
824 1951 915 2006 altera
967 1951 1066 2006 omnia
1080 1952 1169 2021 norit,
1183 1951 1224 2007 sic
1243 1952 1285 2008 illi
1306 1953 1439 2025 expedire
1459 1955 1611 2026 praescivit.
1636 1956 1711 2013 Deus
1734 1957 1811 2012 enim

65 2042 151 2101 parte
169 2033 256 2088 Naba
271 2033 351 2089 fluvii
368 2035 445 2090 ricus
461 2041 533 2102 erat,
555 2037 586 2090 iu
608 2052 667 2108 qua
688 2038 851 2094 habitacula
871 2039 914 2095 fa·
967 2040 1050 2095 illum
1070 2040 1219 2111 prevenit,
1245 2049 1274 2096 et
1296 2041 1391 2113 ipsum
1414 2041 1443 2097 iu
1468 2043 1635 2099 innocentia
1651 2043 1809 2116 fulgentem

67 2120 215 2176 mrrlorum
231 2126 260 2176 et
272 2123 447 2192 piscatorum
466 2139 578 2191 eorum,
593 2131 622 2179 et
646 2124 759 2181 stabula
771 2142 913 2200 eqrrorum
968 2127 1004 2183 de
1019 2129 1072 2184 huc
1086 2127 1144 2183 rita
1158 2129 1308 2184 subtraxit.
1327 2130 1358 2184 ln
1373 2130 1500 2186 oratorio
1524 2136 1631 2201 autem,
1652 2132 1730 2204 quod
1751 2133 1812 2206 ipss

66 2211 208 2281 ipsorum,
225 2226 259 2264 ac
283 2210 398 2279 borres,
419 2212 470 2267 ubi
492 2212 670 2268 trumentum
694 2229 793 2270 eorum
809 2216 915 2273 conde·
967 2221 998 2271 et
1018 2223 1112 2271 mater
1133 2233 1185 2272 sua
1209 2233 1297 2288 super
1320 2219 1428 2274 Nahum
1452 2216 1572 2275 fluvium
1595 2219 1627 2276 in
1649 2221 1812 2293 supradicto

65 2300 164 2368 betur,
190 2305 219 2355 et
238 2300 402 2368 torcularia,
432 2300 482 2356 ubi
500 2302 599 2357 viuum
622 2301 751 2374 ipsorum
775 2305 915 2378 exprime-
968 2304 1079 2377 predio
1110 2321 1161 2361 suo
1184 2311 1415 2373 construxerant,
1438 2323 1503 2363 cum
1527 2309 1652 2366 maximo
1671 2325 1812 2366 concursu

68 2389 166 2456 batur,
189 2390 316 2444 luerunt.
344 2390 375 2444 ln
400 2390 470 2461 ipsis
493 2407 610 2463 quoque
633 2392 703 2446 locis
730 2393 824 2465 major
837 2395 915 2450 cele·
968 2393 1143 2465 populorum
1158 2395 1245 2450 totius
1264 2393 1392 2465 regionis
1411 2397 1539 2467 sepultus
1563 2402 1606 2452 est
1630 2413 1637 2452 :
1663 2397 1725 2454 aliis
1745 2399 1811 2472 qui·

66 2477 160 2532 baites
181 2480 210 2531 et
231 2478 325 2549 major
345 2478 428 2551 eopia
441 2478 607 2534 divitiarum
622 2485 651 2535 et
674 2482 804 2537 omnium
826 2498 914 2537 saecu·
969 2480 1034 2536 dem
1059 2496 1231 2552 supereum
1254 2480 1401 2550 flentibus,
1419 2483 1557 2554 quoniam
1581 2485 1753 2542 immaturus
1777 2487 1812 2542 da

67 2567 175 2622 lorium
191 2566 367 2637 dignitatum
391 2567 440 2622 illo
462 2573 593 2639 tempore
609 2568 744 2639 pollebat,
774 2586 860 2642 qnam
884 2570 916 2627 in
969 2569 1106 2640 presenti
1119 2569 1176 2624 rita
1193 2568 1322 2624 sublatus
1337 2574 1395 2637 est3
1406 2569 1471 2624 aliis
1486 2573 1553 2626 raro
1568 2586 1654 2644 super
1669 2589 1814 2645 cumgen-

67 2654 133 2709 aliis
152 2655 316 2711 civitatibus
330 2655 457 2727 ejusdem
480 2657 607 2727 regionis
630 2657 752 2729 vigeret;
777 2659 914 2730 quoniam
969 2656 1113 2718 dentibus,
1130 2657 1199 2730 quie
1221 2673 1272 2728 per
1299 2657 1447 2727 miracula,
1465 2674 1531 2730 quse
1547 2660 1622 2716 Deus
1640 2660 1748 2717 ibidem
1763 2679 1815 2735 per

66 2743 111 2799 ibi
125 2760 282 2799 concursus
300 2747 329 2798 et
351 2745 490 2801 transitus
514 2747 671 2802 multorum
694 2746 845 2803 bominum
871 2748 914 2803 di·
969 2760 1036 2800 cum
1051 2745 1129 2812 lecit,
1140 2749 1201 2801 tota
1214 2747 1293 2818 regio
1303 2746 1362 2814 illa,
1373 2746 1690 2818 relutdiespersolem,
1705 2749 1814 2806 illumi·

67 2847 217 2888 vomerum
233 2833 447 2904 provinciarum
459 2834 572 2889 assidue
587 2834 833 2906 frequentabatur.
969 2839 1036 2890 nata
1050 2839 1102 2890 est.
1117 2835 1171 2889 Per
1192 2838 1255 2894 octo
1268 2850 1393 2908 namque
1404 2850 1494 2891 anuos
1510 2836 1584 2892 Deus
1594 2837 1720 2908 plurime
1732 2838 1814 2910 signa

106 2921 133 2974 9.
154 2920 283 2993 [leuique
309 2936 375 2976 cum
391 2921 422 2977 B.
450 2922 591 2978 liebertus
612 2921 772 2994 juvenilem
800 2928 914 2979 aetatem
934 2928 999 3003 cet
1013 2923 1161 2989 miracula,
1173 2938 1224 2996 per
1238 2922 1342 2979 merita
1356 2922 1440 2993 liujus
1454 2923 1617 2995 dilectisui,
1631 2925 1662 2982 in
1677 2925 1815 2997 praedicto

67 3010 221 3080 attigisset,
237 3010 345 3065 scilicet
360 3027 425 3066 cum
439 3011 499 3082 jam
515 3011 576 3066 fere
590 3012 693 3082 viginti
711 3027 854 3069 annorum
870 3028 915 3068 es·
969 3013 1033 3068 loco
1052 3011 1083 3066 in
1097 3010 1227 3075 infirmis,
1245 3009 1409 3078 inclaudis,
1425 3017 1454 3067 et
1466 3011 1496 3068 in
1508 3013 1626 3084 captivis
1636 3013 1718 3082 fecit;
1733 3014 1772 3070 ita
1783 3021 1815 3070 ut

67 3103 122 3164 set,
149 3098 232 3153 multi
260 3097 489 3171 propinquomm
515 3103 553 3162 et,
572 3099 768 3154 ministrorum
789 3099 852 3172 ejus
875 3098 916 3171 ip
970 3101 1136 3172 quicunque
1156 3100 1187 3154 iu
1201 3099 1436 3156 tribulationibus
1459 3102 1645 3166 vexabantur,
1662 3103 1697 3157 ad
1715 3105 1814 3176 sepul·

66 3203 144 3253 sum,
169 3188 301 3259 quamvis
332 3189 516 3254 renitentem,
542 3187 575 3242 ad
609 3189 784 3259 voluptatem
821 3187 915 3243 saeculi
969 3205 1050 3245 crum
1062 3189 1124 3260 ejus
1138 3188 1296 3257 venientes,
1306 3188 1487 3261 pergratiam
1502 3189 1552 3246 uei
1566 3191 1678 3247 liberati
1692 3191 1759 3248 siut.

65 3273 231 3330 trahebant.
247 3273 324 3338 Quos
343 3273 416 3346 ipse,
440 3276 509 3347 quia
528 3281 607 3331 totus
621 3276 651 3331 in
675 3277 726 3331 llci
748 3292 846 3332 amore
868 3293 914 3331 ar·
1008 3281 1050 3334 tt.
1073 3277 1158 3332 beata
1183 3283 1279 3333 eutem
1308 3277 1421 3346 Bertba,
1441 3278 1527 3334 vidua
1551 3279 1601 3334 Dei
1625 3279 1725 3346 electa,
1749 3285 1816 3352 post

66 3363 164 3428 debet,
183 3378 199 3417 a
219 3375 250 3418 se
271 3362 326 3434 piis
344 3368 374 3417 et
391 3363 627 3420 convenientibus
642 3365 734 3420 verbis
744 3365 914 3437 repellebat,
969 3364 1083 3421 felicem
1099 3363 1209 3421 obitum
1230 3365 1284 3421 tllii
1307 3366 1361 3435 sui,
1391 3373 1520 3423 sanctem
1546 3366 1633 3422 eitam
1654 3367 1685 3422 iu
1712 3382 1816 3440 magna

67 3452 138 3522 qrris
152 3451 238 3519 Deus,
255 3451 304 3522 qui
331 3451 430 3506 omnia
452 3455 511 3506 tam
536 3451 634 3507 lutrrra
655 3468 744 3524 quam
769 3453 916 3525 praeterite
969 3454 1141 3510 contritione
1157 3454 1249 3510 cordis
1263 3455 1309 3510 sui
1323 3455 1456 3528 deinceps
1479 3454 1574 3523 duxit;
1597 3461 1625 3512 et
1638 3456 1736 3512 omnia
1750 3473 1814 3529 quse

67 3545 98 3595 et
113 3539 268 3610 presentia
287 3540 377 3609 norit,
401 3539 479 3594 aliud
506 3539 536 3594 in
562 3555 596 3594 eo
623 3541 805 3612 previderat.
830 3541 914 3609 Nam,
969 3541 1119 3598 babuitad
1134 3541 1298 3614 sepulcrum
1313 3543 1368 3599 tilii
1383 3545 1426 3599 sui
1450 3559 1502 3614 pro
1518 3544 1634 3600 servitio
1659 3545 1709 3600 [lei
1729 3543 1815 3601 obtu-

67 3629 139 3684 dum
153 3627 232 3683 idem
246 3628 357 3698 beatus,
370 3629 449 3683 vetut
464 3628 549 3683 arbor
568 3628 715 3683 fructuum
736 3629 835 3701 plena,
856 3631 914 3684 tam
970 3630 1025 3685 lit:
1041 3633 1070 3687 et
1088 3635 1190 3686 cuncta
1204 3631 1364 3686 necessaria
1379 3631 1597 3704 congregationi
1611 3631 1742 3697 fratrum,
1765 3631 1816 3705 qui

65 3716 186 3788 pinguis
209 3722 239 3772 at
265 3716 405 3788 elegantis
430 3721 540 3772 nature
554 3721 639 3785 esset,
666 3722 698 3772 ut
717 3731 800 3772 meus
825 3717 915 3791 ipsius
969 3717 1078 3773 ibidem
1101 3719 1159 3773 lleo
1182 3719 1213 3774 in
1237 3717 1342 3773 divinis
1368 3718 1538 3785 serviebant,
1564 3735 1596 3775 ex
1622 3718 1669 3776 his
1693 3720 1816 3792 pleniter

66 3821 121 3878 per
133 3805 356 3877 generositatem
377 3810 405 3862 et
420 3805 533 3861 divitias
556 3804 653 3861 saeculi
675 3803 707 3860 in
725 3805 914 3860 contrarieta-
970 3806 1210 3864 subministravit.
1224 3807 1295 3862 Nam
1310 3814 1374 3880 post
1388 3806 1474 3864 finem
1489 3806 1542 3862 tilii
1557 3806 1602 3862 sui
1617 3807 1648 3862 in
1670 3808 1751 3862 omui
1765 3809 1815 3865 bo·

65 3901 125 3950 tem
149 3893 293 3951 bonorum
316 3894 399 3950 facile
422 3895 557 3967 perverti,
581 3901 610 3951 et
629 3895 659 3949 in
674 3894 823 3950 sanctitate
837 3911 914 3949 ares·
969 3895 1060 3950 nitate
1082 3893 1274 3966 jejuniorum,
1304 3896 1563 3966 eleemosynarum,
1593 3901 1623 3952 et
1652 3896 1816 3952 orationum

9 3968 11 3974 ⁸
65 3999 132 4039 cere
151 3990 248 4056 posset
262 3983 519 4056 (quemadmodum
541 3983 570 4038 in
595 3983 765 4055 quibusdam
786 3982 913 4038 bomini·
970 3983 1030 4039 fere
1045 3998 1096 4056 per
1109 3981 1211 4054 viginti
1225 3982 1354 4057 quinque
1372 3999 1463 4038 annos
1482 3983 1588 4049 vivens,
1612 3983 1718 4040 multus
1737 3983 1816 4040 labo·

64 4072 121 4126 bns
143 4088 220 4144 sepe
240 4072 352 4141 accidit,
385 4073 435 4144 qui
458 4072 534 4129 bona
557 4089 647 4144 opera
671 4072 863 4144 inceperunt,
883 4073 915 4128 iu
969 4087 1018 4127 res
1036 4087 1090 4143 pro
1113 4072 1164 4127 llei
1189 4087 1288 4127 amore
1318 4072 1365 4144 pie
1388 4076 1417 4127 et
1435 4072 1512 4144 juste
1539 4071 1761 4141 consummavit;
1788 4077 1818 4128 et

64 4160 170 4232 quibus
184 4162 369 4233 postmodum
386 4163 535 4233 aruerunt)
552 4162 627 4216 Deus
649 4159 745 4234 ipsum
770 4161 806 4216 ad
822 4165 914 4216 setu—
970 4160 1074 4217 deiude
1105 4161 1250 4232 corporali
1284 4159 1450 4216 infirmitate
1475 4165 1627 4242 correpta,
1670 4161 1816 4234 spiritum,

65 4248 323 4323 timueruntque
343 4255 434 4306 meter
447 4251 525 4307 beati
545 4249 660 4324 juvenis
674 4250 762 4321 hujus
782 4250 912 4317 liuberti,
932 4245 954 4300 D
970 4265 1057 4323 quem
1073 4265 1188 4321 semper
1200 4249 1232 4305 in
1251 4249 1412 4306 coelestibus
1427 4247 1577 4306 desideriis
1598 4247 1741 4318 infixerat,
1758 4250 1816 4306 lleo

66 4354 134 4394 cum
152 4340 182 4394 in
204 4338 348 4395 viduitatis
368 4339 547 4395 coutinentia
571 4340 629 4395 Deo
652 4339 735 4394 bonis
758 4343 788 4395 et
811 4339 915 4394 sanctis
970 4339 1104 4406 reddidit,
1121 4344 1148 4394 et
1161 4337 1190 4394 iu
1206 4353 1287 4410 paee,
1302 4337 1332 4392 in
1348 4339 1480 4411 sepulcro
1503 4337 1557 4394 filii
1572 4338 1628 4406 sni,
1644 4339 1676 4394 in
1699 4340 1818 4411 pretato

68 4426 206 4499 operibus
229 4428 332 4484 devote
357 4428 485 4496 serviret,
506 4428 651 4486 somnium
685 4427 781 4483 diviua
803 4428 914 4483 rerele·
969 4427 1145 4502 praediosuo
1160 4425 1319 4482 honorilice
1334 4427 1509 4498 sepultaost.

65 4519 147 4572 tione
162 4516 242 4585 vidit,
257 4522 365 4572 costam
386 4516 493 4572 scilicet
517 4516 552 4573 de
573 4516 735 4586 lateresuo
764 4515 916 4586 cecidisse;
1008 4517 1050 4571 tt.
1069 4515 1129 4581 Qua
1146 4515 1281 4571 destructa
1295 4515 1450 4586 predictus
1476 4516 1556 4572 locus
1581 4515 1612 4570 iu
1629 4515 1739 4571 honore
1755 4531 1817 4570 sau·

67 4605 144 4662 uude
162 4606 285 4687 multum
300 4606 465 4677 perterrita,
479 4607 595 4661 crebros
617 4605 742 4677 gemitus
764 4611 792 4660 et
814 4603 915 4661 erebra
969 4604 1087 4670 ctitatis‚
1112 4607 1142 4659 et
1163 4602 1196 4658 in
1223 4619 1294 4675 pace
1321 4602 1427 4676 quietis
1454 4618 1545 4677 usque
1574 4603 1611 4659 ed
1635 4602 1818 4676 tyrannidem

64 4693 191 4765 suspiria
202 4693 297 4748 cordis
311 4693 356 4748 sui
375 4693 505 4764 pertulit,
520 4693 595 4748 sicut
608 4697 637 4748 et
651 4692 838 4764 postmodum
855 4709 913 4748 non
970 4694 1201 4749 Normannorum
1232 4691 1366 4764 perstitit.
1394 4690 1571 4756 Quibusdam
1596 4691 1703 4747 etenim
1735 4691 1817 4747 aunis

64 4782 156 4836 multo
187 4785 318 4852 tempore
345 4785 487 4837 transacto
515 4781 617 4854 patuit.
646 4783 718 4838 llam
747 4781 823 4837 filius
853 4782 914 4853 ejus
968 4787 1034 4852 post
1055 4779 1166 4836 felicem
1191 4779 1345 4835 transitum
1365 4779 1457 4836 beate
1481 4780 1568 4852 bujus
1591 4781 1702 4836 Bertbra
1725 4789 1816 4834 traus-

65 4869 97 4925 B.
114 4868 266 4936 bobertus,
281 4884 347 4925 cum
362 4868 392 4923 in
408 4870 570 4926 intentione
580 4869 739 4925 devotionis
753 4885 841 4943 quam
855 4871 914 4926 fleo
969 4867 1053 4937 actis,
1080 4884 1151 4939 gens
1171 4868 1414 4938 Normannorum,
1444 4867 1584 4924 aliulbus
1609 4868 1667 4924 suis
1691 4884 1817 4939 egressa,

62 4961 179 5013 voverat
194 4963 279 5026 esset,
294 4963 437 5028 quatenus
459 4973 524 5015 eam
547 4960 713 5032 compleret,
738 4959 854 5031 maguis
868 4959 913 5014 le·
970 4956 1110 5029 plurimas
1128 4956 1257 5012 civitates
1273 4956 1346 5012 circa
1361 4955 1470 5012 fluenta
1486 4956 1579 5014 libeni
1601 4956 1698 5012 divino
1708 4955 1817 5028 judicio

64 5043 165 5103 bribus
181 5045 323 5102 infirmari
337 5047 433 5119 ctepit.
968 5045 1126 5102 devastarit
1141 5045 1222 5117 (³9lr
1242 5046 1387 5102 'treverim
1411 5062 1526 5118 quoque
1550 5045 1701 5112 destruxit,
1725 5049 1753 5100 et
1778 5043 1819 5101 sic

99 5201 156 5276 (dt)
177 5201 312 5258 llobelius
329 5202 361 5258 iu
384 5201 448 5258 Vita
469 5203 638 5259 Germanica
657 5201 766 5259 Salsum
791 5201 914 5259 flurium
969 5219 1086 5260 amnem
1101 5203 1252 5273 Simorum,
1267 5202 1318 5277 qui
1333 5203 1362 5260 in
1377 5203 1476 5260 nerim
1499 5202 1602 5260 defluit
1625 5210 1653 5260 et
1678 5204 1747 5261 binc
1762 5209 1818 5261 ter-

63 5277 166 5330 statuit
185 5273 224 5330 ad
247 5273 460 5346 lngelbaminm
482 5275 634 5358 oppidum,
658 5273 768 5330 scilieet
791 5273 915 5330 Sursum
970 5275 1042 5331 mini
1056 5275 1177 5331 ducatus
1190 5274 1219 5331 S.
1234 5276 1354 5347 Ruperti
1367 5275 1501 5331 ridentur
1517 5275 1691 5348 assignandi.

64 5345 101 5401 ad
125 5345 277 5413 libanum
305 5361 357 5401 uec
388 5346 490 5416 procul
521 5346 590 5401 rude
625 5343 734 5402 llurioli
776 5345 854 5401 Wiza
886 5348 916 5401 et
1017 5345 1168 5416 tsldltera
1182 5345 1389 5417 bisinterjecta
1402 5345 1543 5418 digressio
1557 5346 1662 5402 fueret.

63 5419 139 5488 Apes
153 5422 330 5486 statuuntur,
344 5418 431 5488 rotgo
445 5415 530 5484 Selss,
546 5415 640 5488 Wijss‚
653 5415 744 5490 dptlel
758 5417 840 5472 dicti,
1018 5417 1063 5490 ³0)
1079 5416 1253 5475 trevirensis
1274 5416 1354 5473 urbis
1368 5415 1511 5474 excidium
1526 5415 1646 5490 contigit
1664 5432 1741 5474 anno
1755 5417 1817 5483 882,

99 5487 156 5558 (37)
175 5487 285 5550 Simere
315 5487 384 5543 urbs
416 5487 537 5544 ducatus
558 5488 643 5544 titolo
664 5487 786 5544 celebris
808 5492 854 5544 est
877 5487 914 5543 ud
970 5487 1154 5560 etsequenti.
