3984 6034
169 231 220 286 ela
907 228 934 281 S.
956 223 1191 280 uttultttlltltls
1864 224 1917 277 tlt
1948 218 1949 221 ’

167 360 276 418 scillcet
315 357 493 430 spiritualem
517 358 607 412 vitam
637 355 839 428 aggredientes
869 355 920 428 qui
942 354 1011 410 sibi·
1030 352 1104 409 ded
1119 353 1288 410 exercitium
1318 352 1423 408 lebona
1443 352 1555 420 ridens,
1572 369 1606 408 ex
1621 369 1655 408 ao
1675 353 1832 426 quemdam
1848 371 1917 410 cnm

166 449 297 524 metipsis
317 450 371 505 hoc
389 448 579 512 subtrahunt,
594 445 671 518 qnod
695 445 777 501 lacile
806 461 872 501 cum
893 460 1014 516 corpore
1068 440 1241 514 quibusdam
1265 439 1330 496 aliis
1352 441 1514 496 communis
1528 439 1619 511 plebis
1646 441 1750 496 tollens
1769 441 1917 513 quosido
1950 442 1951 506 t

165 557 218 597 suo
247 538 383 613 perficere
403 543 536 606 possent3
565 534 704 607 quoniam
741 538 860 606 propter
887 533 1012 606 gloriam
1068 547 1137 585 ireos
1158 530 1192 586 ad
1221 528 1454 602 procurationem
1481 529 1633 603 prospexit,
1650 528 1744 585 eidem
1772 528 1914 584 exercitui
1951 550 1952 620 p

167 645 300 702 superma
316 624 491 682 haereditatis
503 624 649 680 carnalem
663 624 796 695 copulem
825 625 1016 678 contemnunt
1067 618 1206 691 prulecil,
1219 618 1564 689 quiaexcellensgermen
1578 617 1665 689 hujus
1676 617 1916 674 nubilitatisuon·
1952 662 1953 708 p

167 731 297 774 neceam
322 715 428 770 habere
451 714 559 780 volunt,
581 716 611 767 et
637 711 702 766 ideo
727 712 880 768 maximam
901 712 1013 766 laniem
1067 708 1138 763 dum
1153 711 1381 762 maturumerat.
1397 705 1451 763 Sed
1466 722 1531 762 cum
1549 706 1723 777 deindejam
1740 705 1816 760 idem
1831 721 1916 760 exer·

167 819 232 859 cum
249 798 484 856 mercedebeatae
505 795 747 854 remunerationis
771 796 837 852 inde
857 794 1012 852 habebunt.
1068 797 1140 852 citus
1155 801 1342 869 augmentum
1372 793 1417 850 sui
1442 793 1588 866 coepisset,
1608 799 1636 850 et
1662 809 1728 872 cum
1741 793 1801 865 jam
1825 793 1857 848 in
1882 807 1917 846 eo

167 891 346 960 Quapropter
366 891 396 941 et
423 901 473 941 eos
501 885 661 940 secerdotes
693 883 761 952 mai,
791 889 820 938 ct
847 900 949 939 omnes
976 882 1014 938 ad
1068 885 1282 942 nobilesadutti
1304 883 1436 952 luissent,
1462 899 1510 940 rex
1530 885 1579 940 ille
1598 882 1794 957 quodquejus
1809 882 1839 943 in
1866 881 1918 936 illo

167 976 294 1033 ollicium
332 973 430 1029 altaris
464 974 521 1029 mei
552 974 731 1044 pertinentes
766 973 933 1046 plenissima
965 988 1014 1027 vo·
1068 974 1194 1030 exercitu
1220 975 1293 1029 hene
1318 977 1346 1028 et
1371 973 1502 1028 ordinate
1529 971 1680 1044 disposuit,
1708 988 1740 1026 ac
1772 971 1859 1026 duces
1891 973 1919 1022 et

166 1065 278 1120 lentate
293 1078 343 1116 sita
372 1060 479 1116 imitari
507 1059 623 1129 debent,
648 1064 681 1115 ut
703 1075 839 1115 coronam
864 1058 1013 1116 contiuen·
1069 1062 1205 1135 presides
1219 1079 1252 1117 ex
1281 1060 1471 1117 nobilioribus
1498 1060 1555 1118 illis
1583 1059 1610 1116 ei
1634 1060 1791 1116 secundum
1812 1074 1918 1130 quain·

167 1150 290 1206 tiaecum
306 1148 434 1205 maximo
448 1148 576 1219 tripudio
590 1148 709 1220 superni
728 1147 826 1220 gaudii
841 1146 1013 1219 percipient.
1069 1167 1125 1224 que
1152 1150 1293 1223 justitiam
1328 1150 1466 1223 praefecit.
1502 1149 1577 1216 Ouid
1605 1149 1681 1205 lanc?
1708 1149 1766 1204 liex
1794 1145 1920 1203 caelestis

169 1240 203 1295 Et
223 1238 289 1295 ideo
312 1238 478 1312 quicunque
508 1237 539 1294 in
563 1236 711 1292 volontate
733 1236 829 1292 cordis
856 1237 901 1290 sui
922 1240 1016 1308 potest
1068 1241 1150 1312 cujus
1175 1239 1314 1295 fortitudo
1343 1255 1431 1311 super
1454 1254 1556 1294 omnes
1597 1242 1649 1306 est,
1683 1237 1713 1293 in
1740 1235 1919 1310 plantatione
1957 1218 1958 1256 ¹

167 1315 401 1398 hooexemptum
415 1341 528 1397 capere,
544 1325 674 1398 itaquod
688 1326 775 1397 pleno
790 1323 933 1380 desiderio
948 1324 1016 1380 hea-
1069 1328 1198 1385 Ecclesiae
1225 1328 1369 1384 modicum
1399 1343 1502 1399 agmen
1535 1327 1713 1382 credentium
1737 1325 1919 1382 coadunave-
1958 1326 1959 1406 l

157 1415 299 1473 'titudinis
323 1431 426 1488 corpus
454 1431 539 1471 suum
562 1413 798 1485 superarevalat,
822 1415 1014 1486 etconcnpis-
1069 1423 1123 1472 rat.
1153 1417 1235 1482 Ouod
1258 1417 1424 1474 acutissima
1440 1415 1632 1488 exquisitione
1662 1422 1845 1488 perscrutans
1874 1414 1919 1468 in·
1959 1440 1960 1504 p

167 1505 274 1562 centias
297 1504 426 1561 carnales
445 1503 579 1574 abjicere,
594 1503 644 1558 ille
662 1518 726 1557 cuni
742 1501 944 1558 ardentissima
961 1502 1015 1558 de·
1068 1507 1186 1562 firmum
1211 1511 1240 1562 et
1252 1505 1347 1562 debile
1361 1505 1433 1562 illnd
1449 1505 1544 1561 adhue
1558 1504 1594 1560 ad
1619 1503 1839 1560 sustentandum
1854 1519 1920 1557 cor·
1959 1521 1961 1584 ¹,

167 1593 284 1650 votione
297 1592 392 1665 capiat
406 1593 519 1648 coeleste
550 1590 739 1658 consortium,
754 1590 785 1645 in
813 1591 1015 1646 constrictione
1070 1595 1182 1668 por-eles
1202 1594 1348 1667 passiones
1371 1609 1425 1666 pro
1447 1595 1509 1667 ejus
1525 1592 1643 1650 nomine
1662 1591 1865 1658 consideravit,
1892 1595 1920 1646 et
1961 1662 1962 1668 ἵ

165 1681 259 1738 carnis
285 1697 342 1738 sate
374 1680 518 1736 carnalem
542 1680 675 1752 copulam
690 1678 815 1735 lideliter
836 1679 1010 1751 relinquens.
1034 1650 1110 1740 Biia
1125 1686 1241 1742 Petrum
1257 1683 1308 1756 qui
1332 1699 1407 1739 unns
1422 1700 1456 1739 ex
1471 1682 1534 1755 ipen
1558 1682 1682 1738 existens
1708 1681 1790 1753 prius
1807 1681 1840 1736 in
1860 1687 1917 1736 ter·

201 1768 255 1836 oui
275 1775 416 1824 autemse
432 1785 491 1825 non
513 1768 588 1823 valet
610 1768 757 1822 continere
787 1768 837 1839 qui
861 1768 891 1823 iu
912 1769 1009 1824 volun·
1070 1773 1148 1830 renis
1174 1773 1283 1828 actibus
1310 1776 1497 1828 conversatus
1519 1771 1623 1839 luerat,
1652 1775 1739 1843 atque
1770 1775 1918 1842 postenrn
1962 1771 1963 1784 ¹

165 1863 223 1914 tate
241 1857 336 1912 carnis
363 1854 422 1912 sua
446 1857 558 1923 ardeat,
585 1855 632 1913 hic
648 1873 700 1912 neo
717 1862 837 1928 propter
860 1873 1013 1927 personam
1070 1864 1181 1936 aliquos
1214 1862 1284 1917 alios
1314 1861 1365 1934 qui
1395 1861 1483 1917 etiam
1512 1860 1668 1934 aliquando
1691 1874 1807 1916 succum
1830 1863 1919 1913 terre

165 1946 319 2019 superbia,
350 1961 405 2001 neo
429 1950 549 2018 propter
571 1945 732 2018 appetitum
760 1944 937 2013 divitiarum,
967 1963 1012 2001 sa·
1069 1953 1254 2022 gustaverant
1272 1964 1289 2003 e
1310 1947 1613 2025 sordetemporalium
1628 1963 1725 2003 rerum
1744 1945 1917 2014 emundans,

165 2035 265 2092 cordos
288 2038 338 2090 aut
364 2033 438 2090 elius
458 2033 593 2089 minister
622 2033 808 2090 sacerdotalis
835 2034 942 2106 gradus
964 2035 1016 2090 liat
1069 2037 1209 2111 qnoniam
1233 2053 1281 2092 eos
1308 2051 1423 2109 sagaces
1444 2042 1472 2091 et
1492 2036 1603 2103 udaias,
1626 2041 1655 2091 et
1674 2035 1711 2091 ad
1738 2049 1836 2090 cruram
1854 2031 1918 2088 ani-

165 2139 214 2188 nc,
244 2123 268 2176 si
290 2126 390 2193 postea
411 2121 443 2177 in
467 2121 659 2177 delectatione
682 2121 848 2176 caruissem
869 2123 1013 2186 ceciderit,
1070 2140 1193 2194 marum,
1209 2128 1237 2179 et
1265 2125 1300 2181 ad
1326 2124 1565 2180 sustentationem
1579 2139 1734 2196 corporum
1758 2122 1788 2177 in
1804 2122 1917 2194 planta·

165 2227 307 2284 magnum
321 2210 530 2267 detrimentum
552 2210 597 2266 sui
616 2210 728 2265 sentiat.
745 2211 816 2266 Nam
836 2211 890 2281 ipsi
910 2228 1015 2282 corpus
1068 2215 1147 2270 dona
1171 2230 1223 2270 sua
1244 2230 1304 2269 esse
1332 2214 1484 2286 praenovit,
1509 2215 1596 2268 fidem
1620 2203 1789 2269 caiholicam
1809 2210 1919 2282 ample-

166 2315 277 2354 snuma
300 2298 472 2370 contagione
492 2297 667 2354 feminarum
691 2299 890 2367 continebunt,
913 2299 962 2372 qui
978 2301 1013 2356 ad
1069 2309 1188 2371 etentes,
1207 2303 1237 2358 in
1261 2301 1355 2358 allicio
1379 2301 1566 2358 districtionis
1589 2306 1617 2357 et
1633 2299 1814 2357 relaxationis
1836 2315 1918 2372 pra·-

165 2387 359 2444 miuisterium
379 2386 479 2442 altaris
497 2387 554 2443 mei
582 2387 717 2442 accedere
745 2389 852 2455 solent;
876 2405 928 2444 nec
942 2405 1013 2461 qua·
1070 2391 1149 2459 tulit;
1163 2391 1232 2464 quia
1250 2391 1373 2446 rutilans
1397 2407 1502 2446 aurora
1517 2390 1548 2446 in
1575 2389 1678 2445 ardore
1706 2387 1844 2444 castitatis
1862 2387 1918 2442 hu-

165 2475 237 2533 libet
264 2475 413 2532 occasione
441 2475 626 2531 matrimonia
648 2476 851 2547 conjugiorum
881 2477 937 2532 sibi
961 2494 1013 2531 co·
1069 2494 1155 2535 mana
1179 2478 1310 2550 contagia
1338 2494 1472 2546 exurens,
1489 2477 1618 2533 nondum
1641 2475 1728 2532 llores
1744 2491 1802 2532 sua
1819 2473 1919 2529 dulce-

166 2565 318 2636 pulabunt,
344 2565 393 2620 sed
419 2569 512 2620 etsua
539 2565 684 2620 voluntate
703 2570 732 2619 et
756 2563 864 2619 servitii
886 2565 940 2621 neci
969 2583 1013 2621 re·
1069 2565 1186 2621 dinisin
1210 2565 1375 2622 bominibus
1396 2566 1452 2621 late
1478 2565 1641 2620 dilluderat.
1656 2564 1710 2620 Sed
1731 2563 1793 2636 jam
1813 2561 1918 2617 multi-

165 2652 303 2710 ctitudine
328 2669 359 2708 se
387 2657 463 2708 caste
495 2651 694 2720 continebant,
722 2651 852 2725 alioquin
883 2659 1013 2709 sanctum
1069 2653 1167 2712 tudine
1203 2655 1385 2711 ecclesiastici
1417 2654 1557 2726 germinis
1583 2669 1636 2728 par
1668 2653 1803 2709 circuitus
1825 2650 1918 2706 totins
1970 2662 1971 2668 ¹

166 2742 312 2798 servitium
327 2742 358 2797 in
386 2740 470 2797 aluei
497 2757 562 2797 mac
577 2741 666 2796 vitare
680 2740 795 2796 debent.
812 2741 893 2807 erod
916 2748 1014 2798 temen
1069 2744 1245 2800 munditate
1268 2743 1462 2814 disseminata,
1484 2749 1512 2798 et
1537 2743 1629 2814 gloria
1652 2741 1835 2798 ecclesiastici
1860 2739 1916 2794 ho-

166 2830 313 2886 serritinm
346 2831 477 2902 quamvis
507 2829 681 2903 quibusdam
708 2829 883 2898 homiuibus,
905 2831 956 2902 qui
983 2847 1013 2888 sc
1070 2831 1147 2886 noris
1170 2832 1231 2905 jam
1246 2829 1383 2886 nobiliter
1406 2831 1574 2899 confortata,
1593 2830 1670 2886 idem
1699 2845 1749 2885 rex
1771 2842 1917 2906 supernus

166 2918 247 2990 prius
275 2919 381 2974 saeculo
410 2919 641 2989 subjugaverant,
671 2917 826 2989 aliquando
847 2934 1013 2976 concessum
1033 2925 1127 2986 ctam
1154 2919 1301 2975 secularia
1334 2935 1422 2992 quarn
1452 2920 1614 2992 spiritualia
1641 2919 1717 2976 dona
1745 2915 1918 2974 hominibus

165 3007 254 3063 fuisse
278 3007 457 3080 reperietur;
477 3013 573 3062 umen
598 3006 703 3061 inillis
729 3006 896 3078 apparuisse
923 3009 1013 3064 cerni·
1067 3008 1275 3081 benignissima
1302 3013 1332 3064 ct
1354 3009 1555 3066 decentissima
1575 3009 1762 3081 dispositione
1789 3005 1915 3076 inspira·
1973 2994 1974 3020 ¹

166 3096 279 3168 tarqui
298 3100 544 3166 antesrrsceptum
561 3100 590 3150 et
618 3110 675 3150 non
691 3099 756 3166 poet
773 3102 937 3166 susceptum
952 3113 1013 3152 sar-
1068 3097 1119 3164 vit,
1134 3103 1221 3168 atque
1250 3097 1410 3152 sacerdotes
1437 3102 1466 3152 et
1490 3101 1610 3154 cataros
1634 3095 1781 3152 ministros
1802 3093 1916 3150 divino-

166 3185 268 3240 vitiam
284 3199 382 3240 meum
396 3183 504 3240 carnali
527 3184 599 3254 jugo
623 3199 653 3238 se
683 3188 901 3254 supposuerant,
917 3184 957 3238 ita
967 3190 1011 3240 te·
1068 3201 1132 3240 rum
1171 3184 1334 3240 ciliciorum
1366 3184 1551 3240 sobrietatem
1584 3190 1613 3240 ct
1643 3183 1805 3240 castitatem
1831 3197 1917 3236 susm

166 3289 234 3330 men
250 3273 328 3346 quod
357 3273 459 3328 eodem
481 3273 552 3344 jugo
566 3271 603 3327 ab
630 3271 672 3326 eis
691 3271 875 3342 postmodnm
889 3272 1011 3342 abscisa,
1068 3272 1329 3344 ecclesiasticojuri
1352 3274 1514 3330 secundum
1535 3273 1678 3344 justitiam
1695 3272 1746 3329 Dei
1769 3271 1917 3328 honestis-

167 3361 271 3417 deinde
291 3361 322 3416 in
341 3359 412 3434 ipsis
433 3361 557 3432 Spiritus
576 3363 699 3416 sanctus'
713 3359 855 3428 praeconia
873 3361 965 3416 laudis
982 3363 1014 3415 in
1069 3363 1141 3418 sime
1165 3367 1366 3418 consecrantes
1395 3361 1528 3418 instituit.
1557 3363 1647 3430 Unde,
1678 3379 1694 3416 o
1722 3362 1819 3426 homo,
1846 3359 1918 3430 quia

166 3447 347 3506 mirabilibus
369 3448 429 3504 anis
450 3453 662 3520 operatusest,
686 3462 752 3502 cum
769 3447 861 3502 hocin
888 3449 1014 3519 primor·
1062 3452 1125 3524 jam
1139 3451 1215 3506 inter
1227 3449 1390 3522 spirituales
1410 3451 1541 3508 hornines
1570 3451 1653 3506 multi
1668 3449 1760 3506 exorti
1779 3453 1848 3504 sunt
1864 3447 1917 3519 qui

166 3535 215 3594 dio
244 3537 390 3608 surgentis
421 3537 551 3592 Ecclesia
577 3542 698 3608 propter
728 3535 903 3608 paucitatem
925 3553 1015 3593 sacar-
1067 3544 1169 3594 contra
1197 3539 1334 3594 saeculum
1359 3543 1388 3594 et
1414 3544 1515 3594 contra
1531 3538 1679 3596 diabolum
1695 3535 1818 3594 militare
1837 3535 1918 3590 labo

167 3625 267 3682 dotum
291 3625 322 3681 in
343 3625 483 3682 miraculo
514 3640 681 3680 eoncessum
705 3623 758 3690 sit;
773 3625 823 3679 sed
847 3639 924 3681 nunc
951 3625 1015 3698 ipsa
1068 3626 1236 3699 cantetqui
1253 3627 1281 3682 in
1309 3627 1440 3683 castitate
1460 3636 1490 3684 et
1503 3629 1706 3690 constrictione
1723 3623 1854 3700 corporis
1869 3625 1918 3678 sui

167 3713 266 3768 adalta
283 3718 312 3768 et
331 3713 405 3769 bena
430 3713 602 3780 conlortata,
626 3703 765 3769 ministris
786 3712 848 3782 ejus
870 3714 1013 3786 multipli-
1068 3713 1103 3769 ad
1128 3714 1219 3768 altare
1244 3729 1342 3770 ereum
1370 3717 1504 3772 accedere
1526 3717 1674 3780 festinant,
1691 3715 1755 3772 rolu
1771 3720 1804 3770 ut
1817 3728 1918 3768 sacer-

167 3801 246 3870 oatis,
258 3801 342 3874 juxte
356 3801 385 3858 id
407 3803 484 3874 qood
510 3801 703 3858 ecclesiastica
725 3816 845 3856 censura
860 3802 896 3857 de
911 3804 1013 3859 eadem
1067 3803 1148 3858 dotes
1163 3801 1219 3858 mai
1241 3803 1303 3859 sine
1323 3809 1494 3876 contagione
1509 3809 1632 3861 terranea
1659 3804 1769 3877 copula
1796 3799 1827 3856 in
1843 3817 1916 3855 con·

166 3906 252 3946 causa
274 3890 400 3947 ostendit
427 3891 647 3963 praecavendum
683 3893 735 3957 est,
764 3889 923 3946 secuudum
957 3892 1014 3946 hoc
1068 3896 1252 3962 spectamen
1276 3897 1442 3965 appareant.
1463 3893 1620 3950 Nemeum
1642 3893 1672 3950 in
1700 3891 1788 3948 reteri
1817 3891 1917 3946 Testa·

166 3981 341 4052 exemplum,
365 3979 503 4050 qnoniam
522 3979 559 4034 ab
573 3978 657 4032 initio
678 3976 822 4031 naeceutis
836 3979 939 4034 mundi
955 3996 1014 4036 ma·
1069 3987 1165 4036 mento
1193 3980 1389 4038 sacerdotibus
1412 3988 1590 4056 praereptum
1617 3981 1654 4038 sit
1677 3988 1710 4038 ut
1728 3996 1793 4036 cum
1815 3979 1851 4034 ad
1874 3979 1917 4033 al·

167 4067 253 4121 sentis
276 4067 397 4123 leminea
419 4067 455 4122 de
482 4067 612 4136 proxima
635 4066 723 4138 stirpe
743 4080 825 4120 suam
849 4067 954 4122 ducere
975 4069 1014 4126 ob
1068 4073 1130 4124 tare
1152 4084 1249 4126 meum
1275 4070 1443 4127 accederent
1469 4087 1499 4127 se
1519 4070 1725 4143 acontagione
1754 4068 1913 4125 mulierum

167 4155 314 4210 ranulam
346 4155 498 4211 hominum
528 4170 696 4212 conoessum
722 4163 776 4224 est,
810 4157 887 4228 quod
915 4162 1013 4214 tamen
1067 4156 1260 4224 continerent,
1283 4158 1338 4214 hoc
1357 4163 1450 4216 totam
1478 4159 1508 4215 in
1527 4175 1600 4216 noro
1621 4160 1803 4215 testamento
1819 4171 1914 4210 secer·

168 4257 222 4298 uec
234 4241 304 4315 ipsis
332 4241 458 4298 dilatatis
482 4241 692 4315 prohibendam
705 4249 758 4301 est.
783 4242 953 4311 Quiaetiam
969 4245 1014 4300 in·
1033 4230 1183 4300 ”daubus
1205 4244 1276 4299 meis
1299 4246 1335 4301 ad
1363 4246 1477 4317 plenam
1507 4245 1712 4320 perlectionem
1740 4244 1916 4316 perductum

168 4331 275 4388 lormes
284 4336 314 4386 et
327 4330 452 4402 impoliti
479 4331 589 4402 lapides
610 4331 642 4388 in
663 4333 885 4389 laudamentum
898 4333 1013 4389 aditis-ii
1068 4337 1120 4400 est,
1136 4332 1175 4387 ita
1190 4342 1221 4388 ut
1244 4333 1321 4404 qnod
1350 4333 1391 4388 illi
1419 4339 1529 4390 veteres
1544 4335 1626 4408 qnasi
1656 4351 1713 4390 una
1730 4333 1800 4390 hore
1815 4333 1844 4388 in
1871 4349 1919 4386 ca·

168 4418 350 4492 ponisolent,
366 4435 432 4475 cum
447 4424 543 4475 tamen
561 4428 660 4492 postea
680 4421 794 4495 pulchri
806 4425 836 4476 et
849 4421 921 4477 bene
935 4438 1016 4478 coni-
1069 4421 1163 4476 stitate
1189 4421 1337 4488 cavebant,
1359 4423 1411 4476 hoe
1445 4421 1490 4476 isti
1516 4423 1584 4478 novi
1610 4423 1645 4478 ab
1671 4421 1754 4476 initio
1784 4420 1918 4494 pueritiae

168 4507 253 4580 positi
267 4508 385 4582 lapides.
399 4508 429 4564 in
459 4525 543 4566 muro
567 4510 712 4581 parietum
730 4511 793 4583 ejus
811 4513 1015 4584 exquirantur:
1070 4524 1129 4564 sua
1147 4509 1286 4582 usquead
1318 4509 1406 4566 linem
1432 4511 1586 4566 senectutis
1615 4527 1673 4564 suae
1695 4511 1868 4582 compleant.
1886 4510 1920 4564 Et

167 4597 310 4654 itaetiam
326 4597 356 4654 in
379 4597 502 4654 inlantia
523 4599 653 4656 Ecclesia
673 4600 835 4656 sacerdotes
855 4601 1015 4658 secandum
1070 4597 1186 4653 cuneda
1216 4598 1357 4654 veteribus
1384 4599 1554 4654 sacriticium
1579 4599 1609 4654 in
1628 4598 1829 4669 conjunctione
1852 4612 1920 4652 mu·

169 4687 248 4758 qnod
263 4689 331 4743 lunc
345 4686 470 4743 inveniri
485 4693 630 4760 poterant,
647 4689 677 4746 in
697 4688 825 4746 cilicium
838 4689 910 4746 illud
928 4691 1017 4763 positi
1070 4685 1148 4743 lieris
1175 4685 1318 4758 pollutum
1351 4687 1495 4758 suscipere
1527 4688 1617 4756 nolui,
1651 4685 1851 4758 multomagis
1883 4685 1921 4740 de

170 4778 251 4841 sunt;
267 4775 316 4831 sed
332 4776 418 4831 niodo
441 4776 630 4849 inspirituali
663 4780 773 4851 populo
790 4777 894 4851 plenus
912 4797 1017 4837 neme.
1070 4775 1150 4830 novis
1163 4774 1358 4831 sacerdotibus
1377 4775 1481 4832 Filiam
1504 4791 1600 4830 mcum
1616 4774 1646 4830 in
1663 4771 1801 4830 castitatis
1822 4774 1921 4830 allicio

170 4878 220 4919 rus
233 4863 351 4919 illorum
371 4865 516 4936 reperitur
527 4865 578 4938 qui
603 4866 638 4922 ad
657 4866 864 4923 sacerdotalem
890 4864 1017 4920 cilicium
1070 4861 1186 4919 tractari
1201 4862 1277 4918 volo.

171 4953 230 5026 epti
244 4957 311 5008 eunt
328 4952 368 5008 ita
382 4953 459 5026 quod
480 4953 609 5010 seculari
637 4970 726 5011 onera
753 4959 876 5010 terrene
899 4953 1017 5025 copule·
1109 4952 1165 5007 Nee
1179 4952 1334 5025 quisquam
1348 4953 1521 5010 immaturus
1543 4956 1572 5008 et
1589 4952 1804 5009 inconsecratus
1828 4951 1921 5007 eccle·

171 5040 257 5098 donis
272 5043 405 5113 occupati
429 5058 486 5099 non
504 5048 582 5098 sunt.
599 5035 740 5110 Quodtam
765 5059 823 5098 non
848 5040 964 5113 expedit
987 5045 1020 5096 ut
1072 5041 1142 5096 siem
1158 5039 1305 5112 suscipiat,
1324 5057 1376 5096 nec
1405 5042 1494 5100 etiam
1519 5044 1616 5113 plures
1630 5041 1767 5099 ecclesias
1781 5046 1920 5114 appetere

172 5127 378 5201 paterfamilias
401 5131 452 5204 qui
470 5137 649 5205 preceptum
672 5131 703 5188 iu
731 5131 861 5187 seculari
881 5130 1018 5204 conjugia
1073 5135 1239 5203 praesumat,
1262 5146 1299 5184 ne
1314 5129 1339 5185 si
1365 5129 1394 5186 in
1409 5137 1493 5187 atate
1521 5131 1653 5202 pueritia
1667 5134 1719 5187 aut
1739 5130 1799 5186 sine
1820 5146 1923 5185 conse-

171 5218 297 5291 suscipit,
313 5219 431 5276 nuntias
446 5237 528 5278 mens
548 5221 580 5276 in
599 5219 759 5277 sacerdotio
783 5224 911 5277 vocetur.
938 5221 1019 5276 Unde
1073 5218 1199 5274 eratione
1239 5218 1423 5275 sacerdotalis
1463 5219 1551 5276 ellicii
1585 5219 1733 5278 ecclesiam
1775 5219 1922 5290 suscipere

173 5307 238 5362 audi
253 5307 474 5368 similitudinem
489 5310 577 5366 hanc:
608 5307 801 5382 llexquidam
819 5310 911 5364 multa
937 5308 1020 5364 lorti·
1074 5308 1301 5380 presumpserit,
1324 5309 1369 5363 vel
1395 5323 1481 5364 unam
1504 5308 1614 5364 habens
1634 5309 1720 5364 etiam
1743 5309 1842 5380 plures
1865 5305 1920 5362 sibi

174 5394 275 5450 tudina
302 5398 412 5468 pollens
443 5413 566 5471 parvum
602 5397 759 5454 executum
785 5402 1020 5468 congregaverat,
1074 5397 1228 5468 subjugere
1253 5395 1416 5464 tentaverit,
1448 5398 1651 5468 prevaricator
1677 5397 1797 5469 justitie
1810 5397 1840 5452 iu
1867 5394 1923 5452 lrcc

175 5497 261 5553 apuam
287 5499 351 5538 cnm
381 5485 535 5554 diligenter
561 5485 680 5539 intuitus
714 5488 798 5551 esset,
828 5483 929 5538 rudem
954 5498 1021 5540 etim
1075 5483 1196 5539 existens
1226 5483 1402 5556 gravissimae
1432 5484 1619 5541 districtionis
1645 5485 1755 5556 judicic
1789 5483 1924 5540 discutia-
