3984 6034
145 190 197 245 975
870 184 900 239 S.
921 182 1158 241 namucencis
1843 180 1899 233 eva

144 315 216 389 getis
238 316 270 371 in
291 315 364 371 coelo
380 312 500 371 visibilis
521 321 575 385 est,
599 312 678 387 quod
705 313 902 371 habitaculam
929 314 991 386 ejus
1011 314 1084 369 Atia
1098 314 1172 369 facta
1190 316 1244 382 est,
1269 311 1469 369 manifestavit.
1494 310 1549 368 Sed
1563 325 1628 368 cum
1644 311 1748 369 deinde
1771 310 1904 367 carnalia
1983 308 1984 397 i

144 404 250 461 existit.
265 404 348 459 Unde
362 403 449 459 etiam
467 407 497 459 et
511 403 610 472 bomo,
626 418 715 476 quem
732 403 764 459 in
787 403 941 459 altitudine
962 408 991 458 et
1047 404 1201 474 praecepta,
1226 416 1292 473 qne
1306 416 1359 473 per
1381 401 1499 472 Moysen
1514 400 1579 456 data
1601 405 1679 468 sont,
1696 400 1726 455 in
1742 399 1903 470 semetipso
1983 444 1984 477 ,

144 492 295 548 latitudine
319 508 352 547 ac
374 492 405 546 in
427 492 623 562 profunditate
646 491 821 547 formaverat
841 491 991 546 babitacu-
1046 491 1228 562 complesset,
1259 490 1413 562 ligaturam
1441 488 1622 545 vinculorum
1655 492 1818 562 caeteraque
1839 504 1903 561 op-

144 582 206 637 lum
220 583 282 652 ejus
297 586 351 635 est.
1045 579 1162 650 probris
1182 594 1293 651 passus,
1309 578 1431 650 vivaque
1451 577 1545 633 bostis
1568 576 1599 632 in
1621 592 1704 633 cruce
1727 593 1780 649 pro
1795 575 1902 631 ovibus

145 684 420 756 ngapgimpesi„
435 683 615 758 &5qu
631 683 992 757 0M903352001p27.
1044 668 1103 722 suis
1119 666 1221 731 factus,
1240 682 1258 722 a
1276 668 1380 722 saccio
1403 665 1565 735 declinavit,
1587 666 1667 720 velut
1688 666 1748 721 dies
1772 680 1790 719 a
1814 671 1900 720 nocta
1983 666 1984 739 J

181 758 260 826 tulit,
276 755 411 812 animae
425 772 486 839 que
499 759 565 812 onte
586 756 676 828 legem
694 747 723 811 e't
744 754 776 810 in
797 755 860 827 tege
880 754 916 810 de
928 755 992 827 ipro
1045 760 1204 827 separatur,
1232 755 1300 827 qnia
1319 760 1472 827 postquam
1489 753 1613 826 plurima
1636 754 1718 826 signa
1731 754 1853 822 fecerat,
1870 760 1901 807 et

180 826 993 906 ”elifflffl'fsoeliwf'tiffflflsv‘lmitififflWWWf&
1044 844 1302 916 persemetipsum
1317 845 1407 898 molta
1424 844 1536 898 occulta
1560 843 1700 898 miracula
1718 842 1899 911 ostenderat,

179 896 993 1025 mlmffifflssfflffimffiffi
1045 932 1165 987 deterre
1181 931 1293 988 ablatus
1307 937 1359 987 est.
1375 932 1408 987 in
1432 931 1564 1003 passione
1585 935 1614 987 et
1630 931 1660 986 in
1672 934 1764 985 morte
1777 946 1900 1002 quoque

179 1042 328 1112 siffiwmm
345 1038 418 1106 cipli,
439 1042 528 1095 misso
548 1036 659 1118 spiritu
678 1036 825 1093 duodecim
848 1037 993 1108 apostolo,
1045 1036 1097 1075 sua
1112 1018 1304 1075 manifestavit
1323 1018 1523 1090 babylonicam
1545 1023 1729 1090 potestatem,
1752 1034 1819 1073 cnm
1846 1018 1900 1073 tilii

181 1111 330 1177 roborans,
361 1114 388 1166 et
406 1125 467 1192 per·
481 1106 713 1181 praefocationem
733 1124 831 1163 eorum
853 1108 993 1163 mundum
1046 1108 1131 1164 lsrael
1145 1107 1175 1161 in
1199 1106 1392 1178 captivitatem
1409 1107 1488 1162 ducti
1508 1110 1585 1175 sant,
1605 1106 1680 1161 sicut
1700 1110 1729 1161 et
1747 1106 1810 1179 ipsc
1824 1121 1900 1177 gen·

181 1180 444 1237 illu-tlfflmmm
456 1179 607 1235 mimum
621 1180 771 1233 mmm·
1044 1196 1121 1251 tibus
1140 1194 1175 1250 ad
1199 1193 1425 1266 crucifigendum
1441 1194 1564 1250 traditus
1585 1198 1637 1249 est.
1661 1193 1696 1249 Et
1718 1198 1788 1249 tunc
1813 1194 1902 1249 disci·

182 1286 251 1343 XIV.
276 1288 332 1341 lste
351 1285 438 1340 Silius
461 1284 513 1340 liei
533 1285 698 1339 incarnatus
727 1284 825 1339 omnia
848 1283 994 1355 praeterita
1046 1283 1108 1355 puli
1123 1284 1183 1355 ojus
1198 1282 1295 1338 tristes
1316 1280 1408 1337 effecti
1428 1286 1505 1350 sunt,
1521 1282 1595 1337 sicut
1607 1285 1636 1336 et
1655 1280 1902 1353 praefaticaptivi

147 1374 373 1445 miraculaque
388 1388 455 1428 enm
469 1376 685 1443 praecesserant,
699 1373 730 1427 in
745 1374 898 1443 semetipso
912 1386 994 1426 com·
1046 1370 1176 1427 laetitiam
1192 1371 1381 1443 deponentes,
1404 1385 1512 1439 organa
1526 1385 1579 1425 sua
1602 1369 1634 1424 in
1654 1369 1795 1441 lugubres
1814 1384 1903 1423 voces

147 1462 245 1533 plevit,
272 1467 304 1517 nt
329 1460 547 1532 supradictum
576 1466 628 1516 est.
650 1461 720 1515 Nam
742 1460 774 1515 in
797 1459 920 1515 infantia
942 1476 994 1515 sua
1047 1463 1241 1515 mutaverunt.
1267 1459 1321 1524 Qui
1350 1462 1485 1516 tamena
1506 1461 1598 1513 morte
1622 1472 1787 1529 resurgens,
1815 1456 1902 1513 disci·

147 1565 212 1606 cnm
228 1550 353 1605 ttercdes
374 1550 474 1604 illusus
490 1553 532 1604 est
550 1548 678 1621 attegia,
694 1564 826 1620 quaerens
846 1564 913 1602 enm
927 1563 993 1619 per·
1050 1548 1183 1619 putisque
1198 1547 1228 1601 in
1246 1545 1468 1619 quamplurimis
1489 1545 1668 1617 argumentis
1688 1560 1842 1617 apparens,
1859 1561 1903 1599 re·

147 1638 227 1705 dere,
252 1653 349 1692 casum
380 1636 492 1709 antiqui
515 1637 655 1708 serpentis
679 1636 813 1704 ostendit,
842 1637 894 1708 qui
912 1636 996 1691 coele·
1015 1616 1034 1671 Β
1050 1635 1208 1691 versionem
1230 1636 1415 1707 praefatorum
1433 1635 1608 1707 captivorum
1629 1648 1681 1705 per
1700 1633 1756 1689 hcc
1777 1633 1900 1690 nomvit.

148 1726 203 1781 stia
217 1726 349 1783 studebat
365 1726 543 1797 perturbare.
561 1726 594 1779 ln
608 1725 734 1796 pueritia
748 1727 844 1779 autem
860 1739 912 1778 sua
924 1728 995 1778 tam·
1048 1728 1143 1798 Atque
1163 1725 1214 1781 ubi
1233 1724 1348 1780 eosdem
1369 1722 1523 1797 discipulos
1542 1723 1585 1778 irs
1608 1722 1638 1777 in
1658 1722 1757 1777 orbern
1780 1722 1899 1777 univer-

148 1813 293 1885 pusqnod
314 1814 349 1868 ab
370 1813 461 1867 Adam
489 1827 579 1886 osque
597 1811 634 1867 ad
655 1813 714 1867 Noa
737 1815 799 1866 erat
818 1810 996 1867 demonstra·
1049 1830 1113 1869 sum
1130 1814 1225 1885 jussit,
1247 1818 1390 1885 quatenus
1412 1812 1562 1868 credentes
1590 1810 1780 1882 baptizarent,
1806 1816 1836 1865 ct
1850 1826 1901 1866 eos

148 1903 198 1969 vit,
213 1917 278 1955 cnm
299 1905 398 1955 contra
420 1900 615 1972 ignorantiam
637 1900 705 1956 Adae
726 1914 861 1971 magnam
884 1900 996 1971 sapien·
1049 1906 1114 1974 post
1128 1900 1415 1972 ascensioncmlsuam
1432 1900 1574 1956 infusione
1587 1898 1710 1971 Spiritus
1726 1897 1818 1954 sancti
1832 1914 1902 1953 con-

149 1988 217 2043 tium
240 1988 271 2043 in
287 2004 317 2043 se
335 1988 446 2055 habuit,
461 1988 502 2043 ita
518 1992 549 2043 ut
569 2004 636 2044 enm
657 1988 737 2043 nulla
757 1988 870 2043 macula
887 1988 996 2059 peccati
1049 1988 1172 2057 fortavit,
1195 2004 1231 2043 ne
1254 1987 1374 2044 diversis
1404 1986 1639 2043 tribulationibus
1669 1986 1900 2041 adversariorum

149 2080 289 2145 tangeret,
305 2075 355 2130 ubi
370 2076 458 2130 etiam
479 2075 631 2131 aestimatio
646 2074 762 2142 diaboli,
778 2074 830 2146 qui
847 2075 995 2131 bominem
1050 2077 1116 2133 victi
1131 2076 1359 2143 succumberent,
1386 2076 1436 2131 ssd
1459 2079 1489 2131 ut
1510 2074 1575 2130 illos
1596 2074 1729 2146 gloriosis
1753 2074 1902 2130 miraculis

149 2179 181 2218 er
198 2169 260 2219 tolo
282 2163 429 2234 perditum
441 2177 502 2220 esse
520 2162 649 2235 putabat,
671 2178 724 2235 per
736 2163 791 2218 boc
810 2162 929 2235 decepte
942 2166 994 2232 cst,
1050 2169 1229 2236 superarent,
1253 2170 1379 2219 veterem
1398 2164 1489 2235 legam
1504 2163 1657 2217 carnaliter
1669 2160 1781 2217 linitam
1791 2162 1901 2233 ipsam-

149 2267 214 2306 cnm
238 2252 360 2307 nesciret
390 2251 468 2323 quod
497 2252 571 2307 Dens
597 2251 725 2307 bumana
754 2251 847 2306 forma
878 2251 997 2307 indutus
1050 2268 1106 2325 qne
1132 2253 1162 2308 in
1181 2252 1361 2324 spiritualem
1382 2250 1471 2307 vitam
1500 2266 1562 2307 csse
1584 2266 1752 2307 conversam
1781 2252 1902 2307 demon·

149 2340 258 2397 fuisset.
276 2339 382 2396 Omnes
398 2340 475 2395 enim
491 2340 541 2412 qai
556 2354 624 2395 eom
648 2343 718 2394 tunc
736 2338 872 2395 videbant
890 2344 920 2395 et
941 2355 996 2393 au·
1049 2341 1157 2397 stravit.
1170 2342 1226 2395 Eos
1241 2356 1367 2413 quoque,
1387 2343 1528 2412 quantum
1542 2354 1644 2410 capere
1660 2344 1829 2411 potnerunt,
1845 2342 1901 2395 do·

149 2427 267 2484 diebant
287 2427 505 2483 admirabantur
536 2425 686 2483 dicentes:
709 2450 720 2477 r
744 2427 823 2483 'falia
845 2442 995 2499 nunquam
1049 2429 1140 2497 cebet,
1157 2429 1224 2501 quie
1247 2444 1313 2484 eum
1328 2427 1456 2484 nondum
1471 2432 1504 2483 ut
1520 2427 1552 2482 in
1566 2426 1714 2482 divinitate
1726 2444 1779 2483 sua
1792 2434 1837 2483 est
1856 2428 1902 2483 vi-

149 2515 274 2572 vidimus
290 2531 344 2571 uec
361 2516 526 2572 audivimus
540 2515 637 2587 qualia
654 2516 686 2571 in
702 2515 756 2571 hoc
769 2530 860 2587 puero
887 2520 993 2583 sunt»
1049 2516 1117 2573 dere
1138 2515 1280 2583 valebant,
1311 2514 1555 2587 quemadmodum
1586 2516 1673 2570 homo
1698 2516 1748 2587 qui
1775 2516 1903 2572 formam

148 2605 258 2661 scilicet
270 2605 347 2677 qnod
366 2604 399 2660 in
413 2604 538 2676 simplici
558 2609 587 2658 et
605 2604 635 2659 in
654 2603 917 2676 incompositus,
934 2619 995 2658 ma·
1048 2606 1167 2662 alterius
1185 2605 1309 2677 inspicit,
1323 2604 1373 2659 sed
1389 2608 1486 2660 tamen
1500 2604 1626 2659 animam
1641 2604 1703 2675 ejus
1723 2605 1830 2660 intueri
1842 2620 1902 2661 non

148 2708 214 2765 guae
238 2692 441 2765 profunditatis
464 2691 606 2765 sapientia
627 2697 758 2763 apparet.
779 2692 844 2747 ileo
868 2692 996 2747 dicentes
1049 2695 1193 2766 prevalet.
1219 2693 1290 2748 Nam
1314 2707 1381 2747 cum
1404 2694 1572 2747 Patereum
1595 2691 1796 2747 incursuum
1821 2693 1902 2748 unde

148 2782 312 2838 nesciebant
329 2798 397 2837 eum
411 2781 538 2837 radicem
552 2795 614 2836 esse
635 2780 761 2835 scientiae
783 2780 953 2851 angelorum
967 2784 996 2833 et
1050 2784 1166 2851 exierat,
1181 2787 1209 2838 et
1224 2781 1273 2837 nbi
1287 2796 1437 2853 nunqnam
1460 2780 1557 2837 deerat
1580 2780 1708 2847 retraxit,
1724 2780 1799 2835 sicut
1812 2782 1903 2838 bomo

148 2870 311 2938 bominum,
335 2886 389 2926 nec
412 2870 497 2924 illum
518 2868 554 2925 de
576 2884 635 2941 quo
650 2867 745 2939 angeli
759 2872 788 2923 et
801 2866 934 2923 homines
950 2883 995 2922 ra·
1015 2871 1210 2962 Canhelitum
1243 2884 1326 2924 suum
1354 2869 1384 2923 in
1417 2884 1448 2924 se
1484 2868 1605 2938 reducit,
1629 2884 1729 2924 omnes
1757 2870 1903 2925 exercitus

148 2958 234 3014 dicati
256 2964 333 3013 sont.
356 2958 419 3029 lpse
440 2973 554 3029 quoquc
580 2956 810 3012 inhumanitate
833 2970 886 3010 sua
906 2954 998 3010 crexit
1051 2960 1232 3031 a'ngelcrum,
1257 2958 1412 3030 omniaque
1434 2957 1560 3013 coelestia
1588 2972 1693 3013 arcana
1716 2973 1782 3013 enm
1808 2958 1901 3014 Deum

147 3046 219 3102 illud
232 3046 313 3119 qnod
327 3061 380 3118 per
400 3046 493 3101 Adam
513 3044 666 3113 defecerat,
690 3042 824 3098 videlicet
842 3042 998 3098 revelatio·
1051 3054 1081 3104 er
1093 3048 1241 3103 bominem
1262 3047 1359 3118 palam
1384 3045 1529 3102 videbant.
1552 3045 1631 3101 Unde
1653 3050 1682 3101 et
1696 3045 1758 3117 ipse
1771 3046 1900 3119 discipu-

148 3150 216 3190 nem
239 3134 370 3206 justitia,
395 3132 536 3206 quoniam
552 3147 638 3187 omne
659 3148 732 3204 opos
753 3148 838 3187 suum
853 3131 930 3203 patri
944 3146 996 3187 suo
1050 3138 1094 3193 los
1117 3152 1184 3191 suos
1206 3135 1256 3191 illo
1280 3135 1347 3207 igne
1368 3134 1517 3207 tangebat,
1538 3135 1647 3207 dequo
1665 3134 1814 3191 inventre
1838 3152 1900 3191 ma·

149 3222 289 3293 ascripsit,
304 3225 334 3276 et
355 3221 429 3276 sicut
445 3221 532 3276 arbor
546 3220 582 3275 de
595 3219 739 3275 viriditate
758 3219 862 3275 radicis
885 3236 998 3292 grossos
1050 3221 1103 3277 tris
1122 3236 1183 3276 sure
1205 3222 1361 3291 conceptus
1384 3224 1435 3287 est,
1460 3218 1706 3291 fortissimamque
1737 3219 1795 3275 vim
1814 3235 1903 3293 super

149 3324 216 3363 auos
230 3306 350 3379 profert,
363 3307 404 3362 ita
418 3309 446 3362 st
460 3306 562 3378 ipsein
576 3307 727 3363 divinitate
740 3308 843 3380 deque
856 3307 999 3363 innume·
1050 3310 1110 3365 vim
1133 3302 1237 3379 leonis,
1262 3308 1310 3379 qni
1340 3306 1445 3362 bestias
1477 3322 1535 3363 non
1563 3307 1655 3375 timet,
1685 3307 1736 3364 sed
1759 3309 1845 3379 capit,
1871 3309 1903 3364 iu

149 3395 239 3451 nitate
263 3394 412 3464 radicavit,
437 3395 572 3450 universa
596 3410 685 3467 opera
707 3411 759 3450 sua
780 3395 910 3467 perfecit,
929 3395 999 3468 qnia
1051 3398 1143 3472 igneis
1166 3396 1273 3469 linguis
1296 3396 1352 3451 illis
1375 3395 1492 3465 infudit,
1515 3410 1552 3451 ne
1572 3394 1704 3451 homines
1720 3402 1902 3467 vererentur,

151 3484 186 3562 ab
207 3483 257 3539 illa
270 3484 357 3550 venit,
374 3488 402 3540 et
421 3499 487 3539 cum
509 3484 558 3539 illa
571 3483 680 3557 absque
695 3483 775 3539 omni
785 3484 925 3541 divisione
944 3488 996 3540 est.
1052 3487 1099 3543 sed
1122 3490 1156 3543 ut
1173 3501 1222 3540 ecs
1245 3487 1390 3556 caperent.
1424 3484 1458 3539 ln
1483 3484 1558 3539 alam
1583 3484 1661 3540 enim
1694 3484 1782 3540 vitam
1813 3501 1902 3557 mam

149 3571 203 3628 Sed
219 3576 247 3627 et
261 3572 291 3627 in
315 3587 401 3631 came
419 3588 472 3628 sua
493 3572 523 3628 in
542 3574 646 3629 melius
668 3572 783 3629 sordida
798 3589 886 3645 opera
900 3573 998 3629 homi·
1051 3574 1131 3648 prius
1155 3589 1213 3629 non
1236 3572 1446 3644 cognoscebant
1475 3572 1596 3644 Spiritus
1623 3578 1736 3629 sanctus
1759 3588 1809 3628 eos
1832 3590 1901 3629 mu·

150 3677 221 3716 num
252 3660 406 3733 reparavit,
432 3667 462 3717 et
487 3661 617 3717 doctrina
642 3677 693 3717 sna
714 3678 781 3717 cum
808 3660 997 3734 inspiratione
1050 3662 1128 3732 tavit,
1153 3662 1368 3735 spiramineque
1387 3676 1439 3717 suc
1464 3677 1512 3717 eos
1534 3662 1575 3716 ita
1591 3661 1747 3732 suscitavit,
1768 3661 1847 3733 quod
1870 3679 1902 3716 se

149 3749 272 3821 Spiritus
296 3748 397 3817 sancti,
421 3749 602 3805 sanctitatem
627 3764 677 3807 ecs
701 3750 807 3818 induit,
833 3755 919 3823 atque
946 3749 999 3805 tali
1051 3750 1183 3807 homines
1202 3767 1262 3806 esse
1294 3749 1469 3806 nesciebant.
1493 3751 1587 3822 Atque
1610 3749 1642 3805 in
1660 3749 1769 3821 majore
1790 3754 1819 3805 et
1842 3748 1903 3805 for·

149 3838 237 3893 modo
263 3836 341 3893 velut
369 3838 497 3909 quodam
522 3837 631 3894 diluvio
661 3837 801 3895 dimersos
823 3842 853 3894 st
874 3838 998 3910 peccatis
1050 3840 1123 3896 tiore
1146 3844 1228 3911 parte
1253 3839 1332 3911 ipsos
1359 3838 1494 3907 visitavit,
1523 3853 1611 3911 quam
1636 3837 1728 3893 ullum
1743 3841 1829 3893 antea
1846 3854 1897 3893 seo

148 3930 288 3994 mortuos,
314 3924 351 3980 ad
372 3925 460 3979 vitam
481 3925 601 3996 justitiae
627 3926 779 3996 revocavit,
809 3926 996 3999 quemadmc·
1051 3934 1151 4001 postea
1165 3927 1303 3995 visitarat,
1318 3926 1456 4000 quoniam
1470 3926 1618 3999 prophete
1631 3926 1758 3997 plurima
1766 3942 1820 3999 per
1831 3925 1901 3998 Spi-

149 4013 217 4068 dum
241 4018 270 4069 et
292 4012 344 4067 sub
368 4013 427 4068 Noe
445 4014 651 4085 presignatum
668 4014 773 4071 fuerat.
796 4015 876 4071 Idem
899 4017 998 4071 autem
1051 4017 1138 4074 ritum
1162 4020 1291 4072 sanctum
1311 4016 1513 4088 loquebantur,
1532 4014 1674 4087 multique
1702 4014 1828 4087 plurima
1845 4016 1900 4069 mi-

150 4100 237 4155 Filius
253 4100 302 4156 liei
322 4100 452 4156 incarne
470 4101 584 4171 juvenis
598 4118 750 4175 apparens,
764 4103 883 4174 {tempus
902 4118 920 4157 a
938 4104 998 4157 Noe
1051 4105 1148 4162 recula
1168 4107 1233 4178 post
1253 4104 1367 4161 eosdem
1389 4104 1546 4177 discipulos
1563 4103 1720 4169 faciebant3
1744 4104 1841 4159 nullus
1859 4109 1903 4159 ta·

150 4200 241 4260 usqne
255 4188 289 4243 ad
313 4186 455 4243 Abraham
480 4188 527 4244 cni
548 4190 727 4246 circumcisio
751 4190 881 4261 injuncta
903 4194 946 4246 est
968 4191 999 4246 in
1019 4192 1119 4250 Dinon
1133 4209 1233 4250 eornm
1254 4194 1353 4266 igneas
1374 4192 1488 4262 linguas
1512 4192 1635 4249 videbat.
1662 4192 1714 4247 Per
1736 4191 1791 4247 boc
1810 4192 1900 4248 etiam

149 4292 180 4331 se
204 4275 366 4345 declaravit,
396 4277 535 4348 quoniam
566 4277 678 4351 ipsein
700 4294 805 4351 aquam
830 4294 860 4335 sa
883 4279 1000 4335 mittens
1052 4283 1130 4357 qnod
1158 4282 1350 4339 exterioribus
1379 4281 1469 4337 oculis
1489 4281 1588 4353 igneas
1611 4280 1725 4351 linguas
1751 4278 1903 4351 videbant,
1983 4312 1984 4321 κ

149 4364 287 4436 illamque
309 4364 473 4437 incorpore
495 4381 547 4422 suo
570 4367 761 4437 sanctificans,
786 4383 905 4440 magnas
926 4384 1000 4441 quo·
1052 4371 1174 4429 interius
1194 4370 1234 4426 sic
1253 4369 1496 4436 confortabantur,
1514 4374 1547 4425 ut
1566 4368 1661 4425 omnis
1681 4368 1783 4424 timida
1808 4370 1902 4425 motio

149 4468 205 4525 qus
228 4452 349 4507 virtutes
372 4452 489 4522 faciens,
515 4455 651 4525 ostendit,
680 4456 760 4527 quod
783 4456 915 4511 homines
935 4461 1001 4529 post
1052 4461 1246 4535 periculorum
1270 4460 1310 4515 eis
1326 4458 1366 4514 ita
1385 4460 1418 4514 in,
1439 4458 1520 4515 venis
1549 4458 1721 4523 auferretur,
1756 4462 1905 4529 quatenns

149 4540 290 4596 diluvium
303 4541 429 4596 sanctius
444 4557 532 4613 quam
552 4547 618 4598 ante
636 4542 778 4599 diluvium
799 4544 936 4613 viventes,
960 4550 1001 4600 at·
1052 4550 1082 4606 in
1097 4548 1177 4605 nnllo
1197 4547 1326 4620 periculo
1347 4552 1488 4605 terrorem
1511 4551 1562 4603 aut
1584 4546 1719 4602 timorem
1741 4545 1904 4615 haberent;

149 4644 205 4700 que
228 4629 337 4684 inceste
361 4645 425 4701 quae
457 4630 537 4701 prins
560 4630 719 4687 dilexerant
746 4631 939 4704 repudiantes,
964 4633 999 4688 ab
1053 4653 1140 4711 quam
1159 4636 1358 4693 fortitudinem
1372 4634 1469 4711 divina
1488 4635 1529 4691 vis
1550 4634 1621 4707 ipsis
1640 4635 1671 4690 in
1686 4634 1779 4707 igneis
1793 4635 1904 4707 linguis

148 4716 290 4788 injustitia
313 4717 466 4773 oblivionis
485 4718 536 4774 Dei
550 4718 709 4788 cessabant,
722 4720 761 4775 ita
777 4726 809 4775 nt
829 4721 945 4776 nuditas
958 4720 1001 4776 in·
1052 4725 1194 4782 infixerat.
1219 4724 1453 4796 omnipotentem
1476 4722 1554 4781 enim
1576 4725 1689 4779 Patrem
1713 4722 1844 4789 decebat,
1869 4730 1903 4779 ut

148 4805 217 4860 cesti
251 4805 356 4877 operis,
387 4806 419 4861 in
454 4806 652 4864 confusionem
688 4807 851 4865 duceretur.
880 4809 1001 4865 Castitas
1052 4817 1130 4872 bunc
1145 4812 1310 4869 duodenum
1330 4826 1486 4869 numerum
1508 4828 1595 4885 quem
1614 4810 1686 4869 Filio
1702 4827 1755 4867 sno
1777 4810 1902 4882 conjun-

149 4893 257 4965 qnippe
280 4894 311 4949 in
334 4894 435 4950 ecdem
462 4895 535 4951 Filio
557 4896 609 4952 Dei
638 4897 785 4953 luxuriam
813 4897 999 4967 conculcavit,
1052 4906 1132 4960 xerat
1159 4905 1350 4969 conservaret,
1380 4906 1522 4974 qnatenus
1552 4901 1637 4958 iidem
1666 4900 1801 4973 discipuli
1828 4900 1902 4957 alios

149 4986 235 5053 alque
253 4982 322 5037 fune
351 4983 509 5056 mesislerii
535 4999 599 5039 eam
631 4984 746 5057 ligavit;
768 4985 919 5058 ipsumque
948 5001 1001 5057 ptr
1053 4992 1198 5059 docerent,
1219 5005 1283 5062 quse
1304 4990 1341 5045 ab
1360 5005 1394 5045 eo
1418 4989 1579 5047 audierant.
1604 4990 1636 5045 Et
1661 4990 1701 5044 sic
1721 4988 1809 5045 stiam
1826 4987 1904 5044 tiens

148 5071 352 5127 abstinentiam
379 5079 564 5142 peecatorum
584 5072 639 5128 sibi
668 5074 776 5130 servire
803 5075 908 5146 coegit,
931 5074 1001 5146 quie
1053 5081 1268 5137 firmamentum
1291 5078 1450 5146 constituit,
1474 5083 1503 5135 et
1530 5078 1696 5135 firmitatem
1719 5076 1812 5149 ipsius
1833 5092 1903 5133 cnm

147 5159 210 5231 ipse
233 5159 320 5215 Filius
342 5159 395 5216 Dei
420 5176 538 5217 omnem
559 5160 703 5233 justitiam
725 5178 779 5234 per
800 5178 831 5219 se
844 5163 1000 5219 ostendens
1050 5163 1168 5221 flatibus
1200 5166 1354 5223 duodecim
1383 5171 1546 5235 ventorum,
1576 5169 1606 5222 et
1635 5165 1790 5223 duodecim
1810 5164 1903 5236 signis

148 5253 177 5302 et
190 5248 306 5317 docens,
327 5264 391 5305 eam
411 5264 464 5321 per
488 5248 678 5307 abscisionem
691 5253 875 5323 peccatorum
889 5252 922 5307 in
942 5253 999 5309 bu·
1053 5253 1229 5309 comendam
1252 5252 1395 5309 mensium
1418 5252 1592 5324 composuit,
1617 5259 1647 5309 et
1663 5256 1697 5308 ut
1711 5252 1789 5307 idem
1803 5250 1903 5308 tlrma·

148 5336 288 5393 monitate
317 5353 369 5393 sua
398 5338 528 5410 perfecit,
554 5340 800 5411 quemadmodum
830 5340 918 5396 etiam
939 5341 999 5397 cir·
1053 5344 1185 5398 mentum
1200 5342 1297 5397 omnia
1315 5340 1410 5397 officia
1432 5358 1484 5399 sua
1513 5357 1580 5397 cum
1594 5342 1662 5415 igne
1682 5338 1805 5413 perlicit,
1819 5338 1905 5397 itaet

150 5422 299 5491 cumcisio,
323 5442 388 5496 qaae
410 5426 440 5481 in
455 5442 513 5483 uno
535 5427 597 5483 loco
611 5429 646 5484 ad
661 5428 859 5485 confusionem
878 5444 1000 5501 serpen·
1053 5429 1100 5485 isti
1122 5430 1154 5485 in
1183 5429 1317 5487 omnibns
1344 5428 1490 5487 miracolis
1509 5431 1578 5501 igne
1599 5429 1724 5501 Spiritus
1743 5428 1834 5485 macti
1853 5428 1903 5485 tir·
