3984 6034
102 212 154 262 cut
728 209 985 272 setrius-'lla
1007 214 1053 282 ΙΙΙ,
1074 215 1166 272 vlslu
1188 217 1217 271 V.
1799 222 1850 274 oin

101 344 202 400 omnis
216 345 383 401 substantias
400 361 473 400 mese
486 361 573 418 qoam
589 346 719 417 possideo
733 363 821 418 snper
835 353 952 404 terram.
972 352 1065 404 Aaou
1079 352 1183 419 potest,
1200 347 1257 404 nisi
1271 351 1302 402 at
1318 350 1384 402 sunt
1396 361 1484 418 opera
1503 347 1628 404 illorum.
1644 349 1699 406 Sed
1722 349 1855 421 quasdam

100 432 179 498 Duid
193 433 269 488 hoc‘t
292 433 392 490 Omnia
413 433 521 490 scilicet
535 433 628 489 tidelis
653 435 739 490 homo
756 436 806 506 qui
819 451 955 507 compre·
1008 437 1064 492 alia
1083 451 1218 492 mensura
1241 434 1393 490 hominum
1421 438 1466 490 est
1490 441 1710 507 superterram,
1732 437 1784 510 qui
1805 441 1854 494 lna·

1 542 2 545 ’
101 521 214 577 hansus
228 526 272 577 est
284 520 314 576 in
331 521 475 578 decimum
486 522 616 578 ordinem
631 539 820 594 supernorum
835 524 952 591 civium,
1008 523 1076 580 beat
1098 523 1318 596 prosperitatem
1349 521 1379 578 in
1412 522 1505 578 forma
1528 524 1634 580 sensati
1659 524 1788 597 spiritus,
1815 528 1856 582 ita

102 611 193 666 debet
214 625 329 682 semper
351 611 386 665 ad
410 611 549 681 templum
565 610 662 666 mcum
683 611 824 667 decimam
841 617 953 684 partem
1008 611 1086 684 qaod
1107 614 1248 683 sapientes
1270 611 1395 667 suntad
1419 611 1645 668 recordationem
1671 614 1732 680 Dei,
1753 629 1855 670 secun-

103 700 176 754 dare
199 697 367 754 substantie
396 715 466 765 sue,
495 703 613 770 propter
641 697 851 754 restitutionem
874 698 952 754 illem
1008 701 1077 756 dum
1093 701 1270 756 voluntatem
1290 715 1371 756 suam
1392 700 1504 756 accensi
1524 715 1589 756 cum
1605 701 1723 758 scientia
1737 718 1853 771 sansns3

102 802 164 858 qna
184 791 368 858 computatus
382 790 424 840 est
437 787 467 841 ia
482 787 627 841 decimum
643 801 798 841 numerum
820 802 953 841 numera·
1008 787 1084 844 unda
1106 794 1174 844 tnnc
1198 789 1228 843 iu
1252 788 1355 859 seipsis
1378 792 1606 859 presumptuose
1628 790 1733 846 hebere
1756 794 1857 847 volunt

103 881 214 942 torum,
233 874 262 928 id
277 879 322 930 est
342 874 372 928 in
387 872 507 930 scicntia
521 873 573 929 Dei
586 873 825 950 existentiam,et
845 875 881 930 ad
904 891 953 932 ve·
1008 877 1155 932 mantiam
1175 876 1322 948 sapientias
1341 875 1477 932 facientes
1496 877 1636 948 quidquid
1658 879 1855 948 cogitaverint,

103 978 171 1018 rum
192 963 334 1034 templum
368 962 500 1018 videlicet
530 962 653 1018 coetestis
680 963 839 1018 Jerusalem
867 964 954 1035 perti-
1008 970 1037 1020 at
1057 965 1209 1022 miscentes
1237 963 1376 1036 justitiam
1409 981 1474 1020 cnm
1502 965 1664 1037 iniquitate,
1699 967 1748 1023 sed
1776 969 1856 1038 stulti
1940 1019 1944 1026 .

104 1050 249 1106 nentium.
274 1051 326 1116 Qui
351 1056 449 1106 autem
473 1050 552 1107 obliti
577 1050 689 1106 timoris
713 1050 772 1106 mei
794 1051 902 1124 templa
922 1051 953 1106 iu
1008 1058 1074 1110 sunt
1089 1053 1282 1125 insapientia,
1306 1052 1444 1125 quoniam
1465 1059 1653 1124 reputantes
1674 1054 1750 1127 ipsos
1773 1058 1856 1128 quasi

103 1140 224 1195 nomine
239 1155 304 1196 meo
317 1139 458 1206 dedicata,
481 1155 534 1211 per
552 1139 691 1195 saevitiam
714 1138 875 1212 iniquitatis
895 1157 952 1195 sure
1007 1142 1087 1214 pleni
1099 1147 1127 1198 et
1142 1142 1259 1214 perlecti
1273 1142 1331 1199 siut
1343 1142 1377 1197 ad
1388 1141 1553 1198 babendum
1568 1148 1597 1200 at
1610 1145 1855 1216 comprehenden-

103 1228 270 1295 destrnunt,
304 1228 350 1284 vel
375 1228 426 1300 qui
450 1227 644 1284 dedicationes
666 1242 767 1283 eornm
795 1228 954 1284 secundum
1007 1231 1088 1299 dum,
1109 1234 1196 1302 atque
1217 1230 1251 1285 ed
1270 1229 1476 1302 acquirendum
1493 1230 1704 1302 plenitudinem
1725 1232 1854 1289 volunta-

102 1316 270 1389 exemplam
284 1333 302 1372 a
316 1317 403 1372 Jacob
424 1320 521 1372 ortum
541 1315 671 1384 demunt,
696 1316 872 1372 sanctificata
892 1316 955 1372 loca
1009 1321 1045 1375 tia
1063 1334 1123 1374 suae
1144 1319 1303 1375 secundum
1322 1317 1472 1374 arbitrium
1488 1334 1572 1376 snum
1588 1319 1728 1393 quidquid
1743 1321 1855 1392 cogita·

102 1405 213 1460 scilicet
236 1404 402 1475 polluendo,
419 1420 549 1460 seucum
570 1405 708 1475 sangnine
728 1404 887 1473 homicidii,
903 1421 953 1460 scu
1008 1407 1112 1464 verint.
1131 1408 1168 1462 Et
1188 1409 1256 1462 darm
1279 1407 1338 1462 alas
1353 1423 1419 1463 suas
1433 1407 1526 1463 levare
1542 1408 1642 1463 volunt
1657 1424 1709 1480 per
1728 1414 1856 1482 potcsta-

103 1509 170 1548 cum
187 1492 347 1565 pollutione
368 1493 487 1548 seminis
508 1493 581 1549 illud
603 1493 753 1548 educando
767 1493 798 1549 in
812 1493 954 1550 adulterio
981 1520 983 1523 ·
1009 1501 1065 1552 tem
1089 1511 1170 1552 suam
1195 1495 1225 1550 in
1252 1495 1406 1567 provinciis
1430 1501 1460 1552 et
1482 1495 1644 1552 civitatibus
1676 1513 1709 1552 ac
1735 1499 1766 1554 in
1791 1499 1856 1555 aliis

104 1585 157 1636 aut
172 1580 370 1644 fornicatione,
386 1583 430 1636 vet
445 1581 542 1653 quiin
563 1597 687 1653 superno
702 1582 841 1638 sacriticio
864 1581 953 1654 negli-
1009 1584 1079 1640 locis
1108 1589 1193 1656 atque
1216 1584 1245 1638 in
1268 1584 1330 1639 aliis
1349 1584 1442 1639 causis
1462 1583 1492 1639 iu
1513 1585 1703 1656 quibustuae
1726 1589 1856 1659 occupati

104 1668 560 1740 gontinstitotsmnsdtcationsm
570 1669 756 1742 antiquorum
767 1670 954 1741 patrnmabs·
1009 1677 1077 1729 sunt
1090 1687 1155 1728 cum
1170 1671 1302 1743 imperio,
1318 1671 1349 1728 in
1364 1687 1421 1744 qno
1438 1673 1542 1728 uolunt
1559 1672 1664 1728 habere
1687 1674 1854 1746 intelligibi-

106 1774 164 1830 que
183 1758 295 1830 signato
319 1757 415 1829 lapide
429 1774 516 1830 quem
531 1758 618 1814 Jacob
640 1760 730 1814 crexit
743 1759 773 1813 in
790 1775 841 1814 sua
854 1758 954 1830 prasi·
1010 1761 1066 1816 lem
1081 1776 1246 1816 mensnram
1261 1760 1291 1814 in
1310 1761 1400 1816 Deum
1415 1760 1580 1830 aspiciendo
1593 1761 1644 1833 qui
1657 1761 1771 1828 iaciant,
1789 1769 1856 1818 tunc

105 1845 302 1918 gollicaiioue,
324 1845 368 1901 vel
383 1846 433 1918 qui
452 1846 613 1902 destituunt
633 1845 818 1902 constitutam
831 1863 884 1918 per
907 1863 954 1902 me
1010 1849 1198 1906 effunduntur
1213 1851 1241 1903 et
1255 1848 1431 1919 obiiciantur
1454 1853 1521 1905 autc
1544 1849 1642 1904 oculos
1657 1848 1718 1918 Dei,
1737 1857 1856 1924 propter

102 1935 246 2006 justitiam
260 1936 291 1990 in
306 1934 436 2001 decimis,
455 1940 506 1990 aut
520 1935 552 1990 in
571 1935 738 1991 substantiis
753 1936 854 2006 templi
872 1934 952 1990 mei:
1010 1937 1099 2008 impia
1121 1939 1150 1991 et
1170 1935 1277 2006 injusta
1301 1935 1409 2006 iudicia
1421 1936 1537 1992 illorum
1558 1953 1623 2008 quae
1642 1936 1697 2010 ipsi
1719 1937 1799 2010 prius
1812 1937 1856 1992 di·

106 2025 187 2080 Dra
200 2022 325 2092 miseris,
339 2040 356 2079 o
370 2039 414 2079 rte
429 2023 641 2091 miseriacum
657 2024 771 2080 miseris
790 2023 955 2080 homiuibus
1006 2023 1239 2094 indicamento
1269 2023 1373 2095 quibua
1406 2024 1544 2080 nolebant
1573 2024 1708 2080 timorem
1741 2023 1855 2080 Domini

105 2111 165 2166 illis
179 2111 230 2181 qui
243 2126 274 2164 se
293 2114 351 2166 mm
367 2109 492 2180 turpiter
513 2111 668 2180 seducunt,
689 2115 717 2166 et
746 2114 806 2166 tam
826 2111 955 2183 perversi
1009 2112 1134 2169 scienter
1148 2111 1264 2168 hebere.
1281 2112 1315 2166 Et
1327 2111 1367 2166 sic
1390 2126 1443 2183 per
1457 2111 1545 2168 istum
1560 2111 1653 2168 zelum
1668 2127 1766 2170 meum
1788 2111 1854 2168 iacti

104 2202 174 2254 ante
192 2198 291 2253 oculos
314 2196 469 2268 majestatis
503 2213 575 2254 meae
596 2197 730 2266 existunt,
756 2198 897 2266 videlicet,
924 2203 956 2254 ut
1009 2205 1096 2255 erunt
1116 2200 1147 2256 in
1178 2200 1326 2270 planctum
1357 2215 1507 2272 magnum,
1532 2203 1560 2256 at
1582 2199 1613 2256 iu
1637 2200 1745 2256 llabiles
1772 2215 1855 2257 voces

104 2287 215 2342 dictum
227 2291 281 2355 est,
297 2285 430 2342 instituta
444 2301 508 2341 mea
524 2285 705 2358 negligentes
728 2303 792 2358 qum
807 2288 906 2342 omnia
919 2287 955 2341 de
1009 2303 1105 2343 coram
1120 2287 1201 2344 omni
1225 2288 1333 2359 populo
1359 2288 1410 2359 qrri
1425 2287 1529 2343 viderit
1547 2291 1577 2342 et
1596 2288 1720 2344 audierit
1742 2293 1856 2362 tempus

105 2376 198 2431 reteri
216 2375 429 2446 tegetrauslate
442 2374 648 2446 suut,qnisde
662 2375 756 2431 Veteri
775 2376 955 2432 Testamenta
1008 2375 1108 2444 judicii
1129 2375 1291 2447 iniqnitatis
1320 2391 1432 2445 eorum,
1463 2377 1636 2447 quibusdam
1668 2377 1800 2434 videlicet
1822 2395 1855 2434 ex

106 2465 301 2534 prolatasont
314 2479 389 2518 nova
403 2463 493 2518 lexin
515 2462 586 2518 l'ilio
609 2479 672 2519 meo
687 2464 845 2519 secundum
866 2463 955 2519 misc-
1010 2463 1079 2535 ipsis
1103 2463 1195 2519 adhuc
1229 2463 1261 2519 in
1280 2464 1335 2520 hac
1354 2464 1411 2520 vita
1437 2463 1468 2520 in
1497 2465 1595 2521 multis
1623 2465 1745 2522 miseriis
1773 2467 1856 2522 multi

105 2549 261 2606 ricordiam
283 2549 397 2620 gratiam
413 2553 443 2604 et
464 2548 533 2622 quia
553 2549 589 2606 de
611 2548 691 2604 omni
701 2549 816 2620 iustitia
840 2547 912 2619 legis
926 2553 955 2602 et
1009 2551 1136 2607 delectus
1155 2552 1282 2623 ipsorum
1302 2551 1474 2621 viventibus,
1498 2553 1670 2625 quibusdam
1682 2554 1770 2610 etiam
1788 2569 1853 2625 pes·

106 2639 326 2711 prophetarum,
342 2638 418 2709 quod
443 2643 505 2692 erat
527 2637 625 2693 minus
639 2637 746 2692 luctum
760 2643 803 2694 est
817 2637 911 2707 majus
924 2635 954 2690 in
1010 2638 1082 2695 sima
1095 2644 1198 2708 morte,
1219 2640 1251 2696 in
1268 2639 1387 2696 dirersis
1401 2640 1579 2711 passionibus
1600 2641 1728 2698 sublatis.
1750 2643 1782 2697 lu
1796 2645 1855 2698 tam

108 2726 213 2782 codem
229 2726 299 2781 Filio
315 2741 392 2796 meo,
406 2725 456 2797 qui
471 2725 569 2780 omnia
583 2725 667 2798 signa
687 2724 819 2799 priorum
839 2728 955 2796 patrum
1009 2729 1121 2784 diversa
1140 2726 1334 2785 vicissitudine
1359 2729 1507 2784 ulciscitur
1520 2735 1549 2786 at
1563 2729 1659 2784 exurit
1674 2729 1752 2786 aelus
1773 2745 1856 2786 maras

106 2832 173 2888 qrrae
204 2814 259 2888 ipsi
284 2814 419 2870 absconse
450 2814 480 2869 in
502 2814 606 2870 umbra
634 2814 779 2882 dixerunt,
807 2813 956 2870 manileste
1010 2831 1124 2872 omnem
1141 2815 1321 2886 injustitiam,
1343 2815 1527 2889 quiaillaast
1543 2822 1641 2872 contra
1653 2829 1708 2872 me.

107 2904 237 2960 ostendit
250 2902 404 2974 inseipso
417 2902 447 2957 in
463 2903 544 2958 omni
557 2902 678 2975 justitia.
973 2931 994 2985 c
1044 2906 1123 2961 'lunc
1153 2907 1249 2959 autem
1273 2903 1348 2976 quod
1380 2920 1437 2959 nou
1468 2905 1549 2960 audis
1573 2905 1744 2977 preadictum
1771 2911 1857 2978 caput

144 2994 177 3048 Et
190 2992 241 3064 qni
259 2991 320 3048 hoec
334 2991 431 3048 omnia
452 2991 613 3047 destituunt
633 2991 675 3046 ita
696 2991 774 3062 quod
787 2991 843 3062 ipsi
858 2990 954 3046 cibum
1011 2994 1069 3050 ulla
1092 2992 1177 3048 verba
1200 2992 1339 3064 prolerre,
1371 2992 1420 3048 aed
1442 2996 1554 3049 tautum
1577 2993 1608 3049 in
1631 2993 1725 3065 seipso
1748 2993 1856 3050 immo-

106 3080 174 3137 vitoe
194 3079 246 3152 qui
276 3081 313 3135 de
338 3084 462 3151 utroque
491 3080 671 3135 Testamenta
696 3078 787 3135 iactus
808 3085 851 3134 est
873 3078 954 3135 dedi·
1009 3081 1067 3138 bile
1090 3096 1263 3152 permanens
1283 3080 1336 3136 alis
1364 3079 1423 3136 suis
1447 3080 1591 3136 interdum
1615 3081 1683 3136 illuc
1706 3085 1855 3152 percutere

105 3168 233 3240 gnando,
247 3167 321 3224 sicut
334 3168 428 3223 lutam
446 3168 625 3238 conculcant,
640 3172 670 3223 et
683 3167 801 3223 canibus
818 3171 849 3223 et
861 3166 956 3238 porcis
1009 3185 1067 3241 quo
1081 3174 1110 3224 et
1127 3170 1188 3240 ipsa
1209 3169 1262 3224 alar
1286 3169 1464 3224 tenduntur:
1488 3168 1542 3223 hoc
1571 3172 1616 3224 est
1638 3170 1714 3241 quod
1740 3169 1770 3224 in
1793 3172 1854 3226 aalo

107 3272 141 3313 ac
155 3255 219 3312 aliis
232 3255 397 3327 pecoribus,
410 3255 440 3311 id
455 3261 498 3310 est
518 3254 612 3327 pravis
630 3255 797 3312 hominibus
812 3254 955 3325 dividunt,
1009 3257 1124 3314 Domini
1144 3272 1202 3312 non
1224 3261 1267 3313 est
1284 3258 1392 3314 clamor
1407 3257 1543 3327 minantis
1558 3257 1645 3322 rucis,
1661 3262 1690 3313 et
1711 3257 1741 3313 in
1755 3273 1853 3330 snper·

108 3361 176 3402 eum
195 3344 289 3416 magis
310 3344 411 3401 danms
427 3343 574 3415 paganicis
585 3343 715 3400 moribus
728 3348 758 3400 et
770 3359 850 3399 vanae
868 3344 955 3415 iguo·
1008 3345 1086 3402 biam
1110 3361 1140 3400 se
1159 3345 1305 3416 erigentis,
1323 3346 1371 3401 sed
1388 3345 1420 3400 in
1433 3349 1575 3416 potestate
1599 3345 1775 3402 tortitudinis
1797 3363 1856 3402 suae

104 3434 209 3492 rautiaa
222 3449 311 3505 qaam
331 3433 404 3488 mihi
420 3432 613 3504 omnipotenti
635 3433 703 3495 Deo,
727 3437 815 3504 atque
826 3432 857 3487 in
871 3447 956 3488 usum
1010 3439 1039 3490 et
1053 3433 1083 3489 in
1097 3433 1181 3490 rectis
1194 3434 1310 3504 judiciis
1324 3433 1382 3489 suis
1397 3434 1556 3490 immobilis
1566 3433 1730 3505 persistens,
1746 3434 1855 3491 ultione

105 3538 193 3578 suum
216 3522 373 3578 secundum
405 3521 581 3576 volantatem
604 3537 687 3576 suam
711 3535 778 3576 cum
797 3523 954 3592 parantes:
1010 3539 1062 3578 sua
1077 3525 1139 3594 post
1160 3522 1301 3576 insaniam
1326 3537 1445 3593 operum
1460 3521 1615 3578 demeritas
1631 3523 1736 3594 absque
1753 3521 1856 3580 timore

108 3613 208 3668 hosat
229 3623 444 3666 semeneorum
466 3625 521 3681 ego
540 3609 707 3679 destituam,
731 3624 781 3664 eos
803 3608 957 3680 projiciens
1012 3610 1126 3668 Domini
1149 3625 1194 3666 res
1217 3614 1311 3682 gestas
1333 3608 1545 3677 contundendo,
1568 3617 1596 3666 et
1617 3612 1791 3667 conterendo
1809 3629 1856 3668 aas

109 3701 274 3757 desummo
297 3699 387 3771 gradu
411 3714 501 3772 usque
514 3698 551 3754 ad
570 3697 716 3766 intimum,
740 3702 769 3752 et
792 3697 827 3753 da
850 3696 957 3752 divitiis
1011 3699 1169 3756 secuudum
1183 3699 1380 3754 extensionem
1395 3698 1624 3770 ultionisjudicii
1643 3699 1687 3755 sui
1699 3697 1855 3766 ulciscitur,

109 3790 140 3845 in
153 3792 364 3861 paupertatem,
384 3788 416 3843 in
429 3787 538 3843 trltione
552 3784 639 3856 huius
653 3786 706 3842 zeli
720 3785 788 3842 mei·
1012 3793 1043 3844 ut
1065 3787 1125 3856 tibi,
1150 3803 1167 3842 o
1192 3787 1291 3854 homo,
1323 3785 1503 3842 veracissima
1530 3787 1760 3843 manifestatione
1784 3803 1856 3859 prea-

145 3877 242 3934 Tertia
262 3893 329 3932 vero
348 3877 395 3932 ala
425 3875 544 3931 ultionis
573 3890 645 3930 mea
667 3874 800 3930 caditat
825 3873 957 3930 credulos
1011 3880 1201 3934 monstratum
1230 3881 1282 3931 est.
1299 3877 1330 3930 at
1359 3875 1427 3947 qaia
1455 3877 1527 3932 Deus
1545 3877 1640 3947 justus
1664 3880 1716 3944 est,
1741 3891 1856 3930 omnem

110 3971 140 4022 st
161 3964 326 4020 incredulos
347 3963 379 4019 ia
402 3964 461 4019 sois
487 3962 583 4035 impiis
607 3967 636 4018 at
668 3962 782 4032 injustis
810 3959 955 4033 operibus.
1011 3964 1181 4037 injustitiam
1197 3963 1352 4020 examinari
1368 3969 1483 4036 oportet
1503 3979 1555 4036 per
1572 3964 1694 4035 justum,
1720 3963 1857 4036 quoniam

112 4055 178 4126 tpsa
201 4053 325 4126 percutit
351 4052 483 4108 credulus
506 4067 566 4106 non
589 4057 741 4122 operantes
760 4050 791 4105 in
813 4050 958 4105 voluntale
1011 4054 1073 4126 ipse
1097 4055 1170 4110 Deus
1199 4053 1272 4110 bene
1305 4053 1386 4108 novit
1423 4053 1574 4108 discretam
1604 4051 1856 4118 examinationem,

112 4143 254 4198 sunbona
269 4145 298 4196 at
316 4141 515 4213 jastaopera3
531 4140 582 4212 qni
601 4139 675 4194 bene
697 4139 796 4194 rident
815 4138 912 4208 tidem,
929 4141 957 4194 ct
1012 4158 1077 4217 quae
1100 4148 1143 4199 est
1164 4142 1194 4198 in
1219 4141 1336 4197 scientia
1365 4141 1501 4198 heminis.
1522 4142 1592 4197 Nam
1617 4139 1734 4196 scientia
1760 4139 1859 4196 inho

111 4231 218 4304 quibus
241 4235 310 4286 nota
326 4234 370 4286 est
380 4229 491 4300 justitia
510 4228 572 4294 Dei,
587 4232 617 4284 et
630 4232 726 4284 tamen
745 4227 848 4283 sedent
869 4225 900 4282 in
915 4231 955 4283 te·
976 4215 1090 4288 ”mine
1110 4235 1153 4286 est
1174 4230 1255 4302 quasi
1279 4230 1439 4301 speculum,
1464 4229 1493 4284 in
1516 4245 1574 4301 qno
1596 4229 1664 4284 latet
1682 4228 1858 4284 desiderium

111 4318 288 4376 nebrositate
302 4318 446 4374 malorum
460 4331 593 4388 opernm,
615 4319 763 4387 gementes
785 4316 958 4386 ignorentur
1011 4321 1071 4377 sive
1084 4318 1193 4374 bonum
1215 4318 1273 4373 slve
1288 4318 1396 4374 malum
1413 4318 1577 4374 voluntatis.
1604 4316 1684 4372 Unde
1708 4317 1796 4374 homo
1811 4317 1858 4372 iu-

110 4414 178 4482 post
190 4409 323 4464 tenebras
341 4406 511 4479 iniquitatis,
536 4407 663 4462 volentes
685 4404 817 4460 bacchari
844 4405 874 4459 in
895 4419 958 4476 per·
1010 4412 1055 4465 tar
1067 4409 1119 4464 has
1133 4409 1204 4464 duaa
1226 4411 1321 4478 partes
1336 4407 1455 4478 positus,
1469 4405 1591 4461 inclinat
1604 4421 1634 4460 sa
1646 4405 1792 4462 voluntate
1807 4421 1859 4461 sua

111 4497 256 4563 versitate,
281 4501 358 4568 quod
378 4482 478 4551 tamen
500 4495 541 4550 eis
566 4510 624 4550 uon
649 4493 790 4565 permittit
821 4493 896 4548 Deus
915 4509 958 4548 se·
1012 4495 1048 4550 ad
1070 4499 1181 4566 partem
1213 4493 1292 4550 illam
1322 4509 1410 4569 quam
1440 4493 1592 4549 desiderat.
1619 4493 1674 4549 Sed
1699 4495 1786 4549 homo
1810 4495 1858 4566 qni

109 4586 236 4644 erundum
262 4587 441 4640 voluntatem
465 4585 592 4655 ipsorum
614 4581 761 4653 perlicere,
795 4582 851 4637 hoc
879 4581 958 4636 idem
1010 4581 1152 4638 convertit
1165 4597 1194 4636 se
1208 4582 1242 4637 ad
1257 4581 1378 4647 bonum,
1394 4580 1466 4636 illud
1482 4581 1561 4637 fideli
1580 4597 1666 4654 opere
1682 4582 1859 4653 amplectens

51 4678 57 4690 ‘
111 4674 279 4731 abscindens
294 4672 351 4729 illis
372 4672 482 4728 ultione
504 4688 566 4735 sua,
590 4671 660 4726 dum
675 4668 796 4725 siesunt
816 4667 959 4724 obscurati
1012 4687 1064 4744 per
1078 4669 1252 4742 adjutorium
1271 4669 1338 4737 Dei;
1360 4669 1521 4724 mercedem
1542 4670 1631 4725 beata
1654 4669 1860 4726 remuneratio·

110 4761 188 4835 qood
208 4761 288 4817 obliti
311 4766 379 4816 sunt
403 4760 473 4832 ejas,
496 4759 538 4816 ita
558 4762 591 4814 ut
604 4759 641 4814 ab
655 4774 689 4813 eo
708 4756 895 4812 libentissime
917 4773 960 4812 ra·
1013 4759 1058 4815 nis
1072 4757 1256 4815 laudabiliter
1276 4757 1406 4829 accipiet,
1428 4757 1497 4828 qnia
1515 4757 1624 4812 malum
1638 4757 1745 4829 sprevit
1769 4761 1798 4813 et
1811 4757 1860 4812 ho-

109 4852 254 4907 cederant.
284 4849 450 4905 lncredulos
486 4851 583 4904 antem
615 4847 699 4903 caedit
726 4845 756 4902 in
789 4845 960 4902 infidelitate
1013 4847 1326 4920 numlecit3quivero
1350 4863 1380 4901 se
1394 4845 1514 4901 inclinat
1529 4845 1564 4901 ad
1586 4846 1706 4912 mnsam,
1722 4845 1775 4900 hoc
1797 4861 1860 4917 per-

109 4955 224 5007 eorum,
238 4939 278 4995 ita
304 4939 380 5011 quod
404 4937 490 4994 etiam
505 4937 546 4993 cis
562 4936 737 4993 abstrahitur
759 4935 897 5008 iniquitas
916 4935 960 5009 ip·
1013 4952 1095 4993 versa
1114 4937 1224 4992 actione
1245 4936 1407 5008 deglutiens
1428 4951 1480 5006 per
1500 4927 1727 5006 suggestionem
1739 4933 1860 4990 diaboli·

110 5045 210 5086 sorum
229 5044 295 5084 cum
311 5026 500 5084 retributione
523 5025 651 5094 ultionis,
675 5041 741 5080 cum
765 5041 825 5080 non
846 5025 961 5096 permit.
1014 5039 1088 5091 cam,
1119 5039 1218 5096 poenes
1238 5021 1324 5094 justae
1348 5022 1545 5079 retributionis
1567 5021 1634 5078 inde
1659 5021 1861 5077 miserabiliter

111 5121 211 5173 tantur
234 5117 344 5172 malum
367 5115 421 5170 boc
435 5114 574 5187 perticere
593 5113 671 5186 quod
687 5112 810 5169 libenter
823 5112 958 5178 lacerent,
1014 5113 1151 5176 incurret,
1168 5112 1306 5184 quoniam
1320 5111 1429 5168 bonum
1449 5110 1577 5182 neglexit
1590 5115 1618 5166 et
1633 5109 1741 5164 malum
1758 5124 1859 5181 perpe-

113 5206 190 5262 unde
204 5209 234 5260 et
247 5205 392 5277 malignus
406 5202 537 5259 diabolus
559 5207 710 5275 superatus
729 5201 759 5257 in
783 5200 961 5257 beatitudine
1014 5201 1108 5256 travit.
1136 5199 1285 5256 ldcircoin
1310 5201 1401 5256 multa
1422 5199 1572 5255 devotione
1596 5204 1625 5254 et
1647 5197 1813 5254 humilitate
1829 5213 1859 5254 se

113 5294 244 5352 fidelium
264 5293 416 5348 hominum
441 5296 506 5348 ente
528 5290 627 5346 oculos
647 5291 696 5346 Dei
724 5289 960 5357 scintillantium
988 5312 991 5318 ·
1015 5291 1102 5346 homo
1137 5289 1289 5362 subjiciens
1322 5291 1390 5354 Deo,
1420 5289 1544 5344 lldeliter
1572 5292 1708 5361 operator
1739 5286 1859 5342 salutem

113 5383 200 5438 veltet
227 5379 294 5437 illos
314 5381 428 5437 uehere
455 5380 486 5435 in
516 5379 649 5436 tenebras
671 5378 772 5434 mortis
804 5377 962 5434 secundum
1016 5394 1107 5448 snam,
1130 5393 1196 5451 quas
1217 5378 1252 5434 de
1275 5377 1486 5435 summobono
1509 5381 1635 5445 emanat,
1663 5377 1702 5432 ita
1717 5382 1749 5452 ott
1767 5375 1863 5432 anima

34 5539 38 5552 ¹
86 5467 100 5494 ⁶
113 5470 275 5546 nequitiam
304 5485 388 5527 snam
424 5469 475 5526 sed
499 5484 548 5526 eos
572 5466 698 5541 amplius
719 5467 963 5541 comprehendere
1015 5465 1107 5542 ipsios
1129 5467 1263 5526 interiori
1282 5467 1431 5526 sanctitate
1455 5466 1624 5537 inebriatur,
1650 5465 1717 5538 quia
1736 5465 1767 5522 in
1789 5463 1862 5522 bene
