3984 6034
56 149 119 202 etl'd
712 143 854 202 scillas.
867 143 979 201 -tlu
1001 141 1050 214 ltl,
1073 142 1162 202 visto
1184 142 1226 199 vl.
1773 143 1823 202 eet

53 281 227 356 stagnans.
253 279 304 338 isti
341 293 399 338 non
426 283 496 336 sunt
532 278 611 336 intra
637 277 669 336 in
692 279 779 338 eorde
810 279 918 338 summi
936 281 1123 338 lucustam
1133 295 1249 336 murum
1268 294 1356 352 snper
1372 279 1568 351 pavimentum
1591 278 1681 354 ipsius
1704 279 1822 338 edinen

57 370 173 436 Patris,
196 368 247 425 sed
273 373 342 426 sunt
364 373 444 424 extra
468 369 500 424 in
526 374 609 440 perte
642 368 797 442 aquilonis,
821 367 919 441 quiin
973 374 1091 436 stantes,
1119 369 1173 426 hoc
1201 374 1244 424 est
1272 368 1394 440 quodin
1415 385 1504 440 opere
1533 369 1670 426 bonitatis
1696 369 1746 426 ilci
1774 385 1823 426 ser

57 459 109 512 nis
129 458 230 514 erneis
246 463 276 513 et
308 457 442 529 princeps
475 473 586 523 eorum,
622 458 754 514 nolentes
790 473 920 530 quaerere
974 457 1093 514 virtutes
1111 457 1316 525 extenduntur,
1344 464 1462 513 ceteras
1492 460 1610 514 virtutes
1634 460 1823 532 praefiguran-

58 563 110 600 rne
132 548 301 602 Creatorem
325 546 468 612 omnium,
495 546 545 601 sed
567 546 712 616 propriam
744 545 920 602 voluntatem
973 549 1025 612 las,
1041 550 1071 601 ut
1093 547 1167 602 Deris
1191 543 1284 601 inser
1312 544 1412 600 diebus
1436 549 1581 602 creaturas
1602 563 1667 602 sues
1691 548 1824 616 crearit;

58 651 153 689 snam
163 650 314 705 quampro
324 636 382 689 ileo
398 633 507 688 habent
520 639 674 705 sequentes
688 639 718 689 et
732 650 784 702 me¹
795 633 919 690 derelin-
974 632 1035 704 ipse
1045 632 1301 689 videlicetrirtutes
1316 632 1346 687 in
1370 631 1462 704 ligura
1487 633 1653 688 lutnrorum
1678 639 1744 690 ante
1762 651 1824 692 mu·

58 729 200 794 quantes.
219 724 290 778 Nem
303 723 407 776 notent
422 722 564 790 serame,
580 738 633 777 nec
647 739 701 794 ego
725 737 782 778 cos.
807 724 920 777 Concn-
974 720 1087 788 rnm,id
1096 725 1138 776 est
1164 727 1230 776 uate
1258 720 1446 776 israeliticum
1470 722 1611 792 populum
1630 721 1729 776 divina
1755 723 1820 794 lege

60 811 350 883 piscantiaipsorum
365 809 493 881 suggerit
507 809 549 866 eis
561 810 638 881 qnod
658 812 766 866 volunt.
793 813 826 866 lit
852 810 922 882 qnia
974 808 1127 876 denatum,
1144 812 1173 864 et
1201 807 1367 879 magisterio
1403 825 1435 862 ac
1465 808 1631 864 defensione
1661 825 1823 880 praecurso-

63 900 209 954 timorem
224 915 321 954 areum
332 898 437 954 habere
449 903 590 963 recusant,
604 897 710 954 idcirco
725 902 754 954 et
771 915 825 970 ego
853 899 921 954 nolo
974 913 1038 952 rum
1054 895 1428 953 suorumcircumvalletum
1441 901 1620 969 apparentes,
1643 913 1709 952 cum
1737 897 1824 953 etiarn

63 988 109 1042 eis
134 993 205 1043 tnnc
221 986 353 1042 resistere
370 986 400 1041 in
422 991 532 1040 terrore
552 986 604 1042 ires
627 987 808 1053 mere‚uteis
833 1003 920 1058 repu-
974 984 1173 1056 pavimentum
1195 991 1373 1041 terrenarum
1410 1000 1545 1040 curarum
1575 983 1606 1040 iu
1627 985 1727 1042 eedem
1760 1001 1825 1042 eon-

64 1076 223 1146 gueturin
253 1075 300 1130 die
318 1074 368 1130 illa
392 1075 422 1130 iu
445 1091 505 1145 qua
527 1074 600 1130 nihil
619 1075 744 1147 amplius
765 1077 921 1147 praevalere
974 1073 1132 1130 structione
1142 1073 1249 1129 summi
1268 1073 1360 1129 Patris
1389 1072 1418 1128 in
1443 1075 1495 1128 hac
1519 1073 1728 1144 significatione
1754 1089 1825 1128 cou-

65 1169 207 1235 possant3
232 1164 288 1236 ipsi
313 1170 409 1218 autern
434 1179 486 1234 per
515 1179 561 1217 me
582 1164 694 1218 dimissi
721 1164 753 1220 in
777 1165 830 1220 hae
852 1166 919 1232 rita,
974 1162 1096 1231 culcant,
1112 1166 1143 1218 ut
1166 1159 1327 1218 Christiana
1353 1161 1520 1233 mililieper
1548 1161 1623 1232 ipsas
1655 1179 1684 1217 se
1713 1161 1825 1218 diaholo

67 1251 241 1322 responsuri
263 1251 294 1306 in
317 1251 415 1306 lutare
433 1251 583 1306 tremendo
603 1251 712 1322 judicio
734 1253 770 1308 de
793 1252 838 1306 nis
856 1267 920 1324 qare
975 1255 1112 1323 opponat.

66 1340 201 1406 laciunt;
230 1354 276 1393 me
293 1338 425 1394 videlieet
444 1338 566 1393 scientes
596 1339 627 1392 in
644 1339 710 1405 lide,
743 1341 790 1396 sed
821 1340 851 1396 in
876 1340 922 1395 lis
1011 1339 1190 1410 Quapropter
1216 1341 1275 1392 tres
1298 1341 1374 1393 stant
1399 1338 1482 1409 juxta
1505 1355 1535 1393 se
1566 1338 1707 1394 intrante
1733 1337 1824 1409 ipsius

67 1446 137 1500 qum
154 1432 323 1498 perpetrant
336 1426 371 1482 ad
383 1443 428 1482 me
443 1427 585 1498 respicere
603 1429 743 1484 nolentes.
976 1427 1053 1482 muri
1068 1442 1159 1498 prope
1169 1427 1307 1497 angulum
1323 1427 1373 1498 qni
1392 1425 1509 1498 respicit
1523 1427 1559 1482 ad
1583 1426 1824 1498 septentrionem

106 1518 191 1571 Nune
206 1520 303 1570 autem
318 1521 351 1570 ut
366 1514 444 1571 vides
469 1515 547 1587 quud
575 1517 687 1587 prelati
712 1517 769 1572 duo
794 1518 922 1574 minores
976 1515 1045 1587 quia
1063 1521 1159 1570 saneta
1183 1514 1308 1570 Trinitas
1335 1514 1534 1586 inseparabilis
1555 1515 1586 1570 in
1604 1513 1710 1571 virtute
1737 1516 1826 1586 meje-

68 1604 149 1659 mnri
171 1607 240 1657 snut
262 1602 452 1674 longitudinis
470 1602 565 1674 spatii,
589 1603 669 1674 qnod
687 1610 762 1660 esta
783 1607 922 1677 praedicto
942 1574 1057 1659 Bstetis
1084 1619 1154 1670 sum,
1180 1603 1209 1658 in
1231 1602 1314 1658 initio
1342 1603 1450 1658 Veteris
1475 1602 1650 1658 'Tostmnenti
1672 1604 1708 1658 ab
1737 1603 1825 1658 Abre-

66 1693 177 1764 angulo
190 1691 408 1762 septentrionali
425 1707 516 1763 nsque
531 1692 568 1746 ad
585 1694 726 1762 angirlum
755 1694 921 1750 occidente-
977 1691 1456 1764 hametilosediabolepppositis
1475 1690 1598 1748 inchoati
1619 1707 1671 1761 per
1700 1691 1826 1746 diversas

69 1781 147 1837 lem:
171 1780 226 1834 hoc
255 1785 297 1834 est
327 1778 406 1851 qued
443 1777 475 1834 iu
511 1779 715 1836 constitutione
745 1783 921 1854 populorum
977 1786 1007 1837 et
1029 1785 1150 1836 secretas
1173 1781 1281 1852 ligures
1299 1779 1449 1851 designate
1465 1785 1518 1836 est.
1537 1781 1569 1834 Et
1591 1785 1647 1835 tres
1670 1779 1757 1834 etiam
1785 1778 1826 1834 si-

71 1870 218 1939 majornm
238 1871 268 1922 et
290 1867 435 1922 minorum
457 1883 521 1922 cnm
544 1869 711 1924 extensione
733 1871 922 1942 longitudinis
978 1871 1038 1924 mul
1058 1870 1088 1924 in
1114 1870 1171 1924 lirae
1204 1867 1322 1940 parietis
1349 1868 1476 1938 ejusdem
1509 1883 1590 1923 secus
1608 1868 1747 1938 angulum
1775 1866 1826 1938 equi

70 1956 196 2012 hnmani
221 1955 360 2026 temporis
385 1956 420 2010 ab
446 1955 590 2011 Abraham
625 1957 734 2013 scilicet
769 1964 799 2014 et
834 1960 920 2026 Mose,
976 1959 1071 2014 tendit
1090 1958 1125 2012 ad
1149 1958 1337 2022 occidentem,
1361 1957 1500 2028 quonium
1529 1956 1628 2012 eadem
1650 1955 1774 2012 Trinitas
1796 1956 1825 2010 in

71 2044 157 2116 quasi
183 2061 202 2098 a
240 2043 437 2114 septentrione
465 2059 556 2114 nsque
585 2044 622 2099 ed
661 2047 921 2105 manifestationem
977 2047 1087 2103 onitate
1120 2045 1277 2102 divinitatis
1308 2061 1442 2117 regnans,
1473 2045 1503 2100 in
1533 2045 1591 2100 line
1616 2043 1755 2116 lejnsdem
1781 2045 1826 2099 de-

71 2130 217 2186 calliolioae
247 2131 315 2186 lidei
342 2131 374 2185 in
392 2147 487 2186 reram
522 2132 702 2200 Trinitatem,
727 2152 815 2207 quarn
834 2138 921 2193 tidem
976 2139 1092 2196 fluentis
1120 2139 1191 2210 legis
1223 2148 1322 2209 aperto
1361 2138 1477 2192 nomine
1510 2153 1563 2192 suo
1594 2136 1748 2208 praedicata
1772 2141 1825 2204 est,

72 2220 345 2274 l'iliusmensame
362 2219 508 2276 missusin
530 2223 770 2279 mundumutad
789 2226 920 2280 occiden-
976 2233 1044 2284 nato
1063 2230 1093 2284 in
1110 2245 1196 2284 carine
1217 2226 1354 2282 Tiliollei
1376 2228 1412 2280 oli
1444 2224 1672 2296 redemptionem
1700 2225 1826 2280 hominis

70 2311 145 2373 tem,
172 2307 289 2363 edocuit
329 2306 500 2363 exstiterunt
531 2308 562 2363 in
599 2310 664 2380 lege
686 2327 750 2366 mea
770 2314 871 2383 populi
893 2321 923 2366 et
977 2317 1011 2370 ad
1035 2331 1166 2370 occasum
1200 2315 1352 2370 tendentis.
1388 2315 1457 2379 Quae
1483 2329 1585 2370 omnes
1618 2315 1759 2385 picturam
1794 2313 1823 2366 in

71 2395 246 2468 principales
276 2411 377 2451 eorrrm
415 2395 546 2468 magistri
574 2412 754 2468 praecurrens
791 2401 921 2456 videlieet
976 2404 1101 2459 arcubus
1134 2403 1263 2472 eiusdem
1300 2402 1375 2458 muri
1405 2401 1573 2474 inspiciunt,
1610 2401 1679 2473 quie
1710 2416 1826 2471 semper

71 2499 193 2555 germen
202 2488 231 2539 et
241 2484 406 2556 exemplum
430 2485 612 2556 populinori
635 2488 835 2544 testimoniis
858 2491 920 2544 zelo
977 2491 1039 2562 pari
1057 2491 1217 2546 devotionis
1242 2491 1339 2546 studio
1363 2490 1392 2544 in
1420 2489 1588 2546 hominibus
1627 2487 1824 2560 magisterium

72 2572 215 2643 usquead
231 2572 335 2628 Filium
351 2589 447 2628 meum
462 2573 495 2628 in
520 2591 606 2630 cerne
629 2581 729 2630 natum
758 2578 918 2636 tendentes.
977 2577 1167 2634 ordinationis
1185 2577 1234 2633 liei
1249 2578 1470 2648 perpotentiam
1487 2577 1590 2648 ejusin
1605 2578 1669 2649 lege
1685 2575 1825 2632 tamNori

72 2659 411 2715 ntluernntet'snntet
429 2677 543 2732 semper
561 2668 646 2717 erunt
665 2663 842 2734 interpositio
869 2666 921 2721 dll-
976 2683 1064 2740 quarn
1090 2665 1207 2738 Antiqui
1239 2667 1413 2722 'Testamenti
1451 2667 1632 2736 designatum
1672 2664 1826 2722 attendunt

74 2748 202 2804 terentius
229 2747 260 2802 in
292 2747 458 2802 hominibus
484 2748 654 2804 interiorum
683 2755 711 2805 et
734 2751 920 2818 exteriorum,
976 2755 1190 2810 considerantes
1218 2755 1343 2826 qualiter
1374 2755 1405 2808 in
1441 2755 1510 2824 ipsis
1540 2753 1715 2825 perficiatur.
1743 2752 1824 2817 Quod

74 2837 105 2893 id
123 2843 167 2893 est
183 2835 378 2907 spiritualium
393 2841 421 2892 ct
437 2839 629 2904 secularium,
662 2839 805 2909 majurum
835 2845 920 2913 atque
942 2847 1074 2904 cautem
1098 2843 1128 2898 in
1154 2842 1216 2913 ipso
1240 2843 1297 2898 tine
1331 2843 1459 2912 ejusdem
1489 2841 1606 2912 parietis
1633 2841 1711 2896 vides
1738 2840 1824 2896 eliam

76 2927 231 2982 minorum.
251 2925 305 2990 Qui
320 2931 389 2980 sunt
409 2924 477 2997 ipsis
496 2926 610 2997 angulis
643 2944 679 2982 er
697 2931 817 3001 utraque
839 2936 921 3000 parte

76 3015 121 3069 sui
148 3015 295 3084 conjuncti
321 3013 405 3084 juria
436 3015 557 3070 modum
587 3016 747 3086 testudinis,
783 3018 920 3091 quoniam

76 3109 134 3157 tam
148 3103 242 3158 Veteri
264 3119 353 3174 quam
371 3103 449 3157 Naro
467 3103 647 3159 Testamenta
676 3122 709 3160 er
735 3109 858 3178 utroque
880 3105 917 3160 la·

75 3196 136 3246 tere
160 3190 236 3246 initii
252 3191 308 3258 sui,
333 3192 363 3245 in
393 3191 504 3246 honore
527 3197 556 3246 et
580 3193 796 3263 magistratione
817 3196 919 3250 coadu-

76 3278 134 3334 nati
163 3278 344 3334 declarentur
371 3279 481 3350 populi,
513 3286 542 3334 et
562 3280 617 3336 hoe
646 3282 677 3336 in
702 3283 920 3339 similitudinem

76 3367 237 3437 testudinis,
266 3367 342 3440 qnod
364 3372 408 3422 est
439 3368 472 3422 in
497 3370 667 3424 anctoritate
700 3370 804 3426 divinae
829 3374 921 3442 prori-

76 3457 179 3511 dentiae
193 3456 267 3510 bene
282 3460 312 3510 at
325 3456 412 3526 digne
438 3457 589 3527 compositi
610 3458 648 3512 ad
662 3464 768 3514 statum
797 3461 920 3515 nedillca-

74 3546 162 3602 tienis
176 3544 298 3600 caelestis
308 3544 476 3600 Jerusalem.

111 3633 191 3700 Quod
206 3649 274 3688 vero
287 3631 410 3689 altitudo
432 3635 605 3690 eorumdum
620 3635 746 3690 duorum
775 3637 920 3692 minorum

76 3738 227 3779 murorum
256 3727 299 3777 est
321 3721 486 3777 cubitorum
514 3723 625 3779 trium:
651 3724 706 3779 lroc
730 3726 869 3796 estquod
890 3726 920 3780 in

76 3811 272 3868 sublevatione
291 3810 471 3865 rectitudinis
494 3811 617 3868 duarum
634 3812 826 3882 secularium,
856 3831 920 3869 eon·

976 2930 1133 3002 imaginem
1161 2930 1236 2986 intra
1273 2931 1351 2986 idem
1383 2930 1537 2986 aedilicium
1565 2945 1653 3001 super
1694 2927 1822 3001 lapidem

977 3019 1110 3074 nnumin
1135 3019 1253 3073 modurn
1278 3019 1353 3074 sedis
1371 3019 1408 3090 ¹iu
1431 3018 1596 3090 parimento
1631 3016 1760 3091 positum
1783 3033 1825 3072 se·

976 3106 1104 3172 dentem,
1122 3106 1176 3182 lieo
1203 3111 1245 3161 est
1274 3106 1351 3178 quod
1375 3107 1406 3161 in
1430 3106 1493 3178 ipsa
1519 3103 1694 3177 repositione
1721 3104 1823 3160 veteris

976 3194 1048 3266 legis
1057 3195 1170 3266 antiqui
1184 3194 1294 3266 populi,
1310 3199 1338 3250 et
1349 3195 1378 3249 in
1388 3194 1472 3250 initio
1492 3210 1574 3250 neree
1599 3193 1666 3249 lldei
1689 3192 1823 3248 inclinata

975 3283 1007 3338 in
1030 3299 1096 3338 vera
1117 3283 1266 3350 trinitate,
1286 3300 1351 3338 cum
1376 3285 1450 3338 Deus
1471 3299 1572 3340 omnes
1588 3283 1749 3338 cerretantes
1766 3281 1823 3335 rir-

976 3373 1052 3427 tntes
1070 3371 1102 3426 in
1127 3371 1251 3428 Ecclesia
1269 3370 1436 3440 construxit,
1461 3371 1594 3427 decenter
1623 3371 1709 3426 etiarn
1735 3386 1825 3441 appu-

976 3461 1035 3515 ruit
1050 3461 1139 3514 virtus
1156 3460 1218 3516 haec
1241 3460 1270 3515 in
1290 3475 1377 3531 opere
1396 3459 1502 3514 summi
1522 3459 1622 3526 Patris,
1648 3474 1771 3530 operans
1796 3458 1825 3512 in

976 3564 1010 3603 eo
1021 3563 1073 3618 per
1085 3547 1232 3603 hominem
1248 3564 1337 3620 nsque
1357 3547 1392 3602 ad
1414 3547 1691 3602 consummationem
1715 3545 1823 3600 muudi,

977 3636 1057 3692 Unde
1074 3635 1153 3692 sedet
1167 3635 1255 3691 etiem
1271 3651 1357 3706 snper
1377 3635 1573 3692 fortissimam.
1596 3639 1718 3705 petram,
1738 3649 1825 3703 snper

977 3725 1105 3792 unicum,
1121 3723 1228 3779 scilicet
1245 3724 1294 3779 Dei
1318 3723 1432 3791 Filium,
1457 3723 1507 3795 qni
1529 3723 1611 3778 sedes
1635 3726 1663 3776 et
1687 3721 1769 3793 quies
1784 3726 1826 3775 est

976 3813 1108 3870 omnium
1133 3812 1262 3868 fidelium
1282 3811 1388 3867 cecinna
1414 3808 1646 3880 despicientium,
1676 3813 1705 3863 et
1737 3811 1768 3861 in
1795 3824 1825 3862 se

78 3897 469 3969 mnonesculeumajomm
498 3904 527 3955 et
552 3901 712 3971 minorem,
739 3907 796 3957 tres
825 3908 922 3974 partes
977 3900 1323 3974 peralidecrsdentinm.
1349 3901 1382 3955 Et
1402 3900 1478 3954 latus
1502 3896 1682 3954 dertrnmad
1709 3910 1824 3950 murum

78 4001 142 4044 snm
165 3987 328 4052 hominnm,
357 3987 384 4041 id
408 3991 452 4040 est
479 3989 719 4058 praecellentiores
742 3995 868 4046 rectores
893 3994 922 4046 et
975 3991 1105 4057 inclinat,
1126 3990 1195 4062 qnia
1208 3989 1353 4060 inquietis
1380 3987 1552 4042 rectitudine
1580 3989 1610 4040 et
1629 3986 1659 4040 in
1693 3983 1824 4040 salvade-

79 4078 127 4133 alii
147 4094 165 4131 a
187 4076 301 4130 vinculo
323 4074 470 4130 servitutis
489 4075 693 4134 tamulantium
723 4078 815 4146 liberi,
834 4085 919 4151 atque
976 4081 1022 4135 nis
1038 4085 1119 4150 parte
1140 4079 1207 4134 huie
1228 4079 1336 4150 populo
1356 4077 1408 4148 qni
1433 4076 1486 4130 snb
1507 4071 1672 4145 magisterio
1703 4071 1823 4144 disposi-

78 4164 237 4221 commonis
261 4164 387 4235 populns
425 4162 553 4234 praelatis
585 4165 645 4220 suis
671 4167 704 4222 in
745 4168 920 4239 subjectione
975 4167 1307 4238 tionelleipositusesl,
1326 4165 1471 4232 aduersu
1493 4163 1534 4218 ite
1563 4168 1593 4218 nt
1612 4168 1639 4217 et
1652 4161 1707 4232 ipsi
1735 4160 1825 4231 majo·

80 4255 246 4310 sensuales.
276 4251 356 4306 Unde
386 4250 472 4307 etiam
509 4253 733 4312 latitudo'inter
752 4255 921 4312 interiorem
975 4272 1020 4312 res
1039 4271 1103 4312 oum
1122 4253 1282 4312 minoribus
1308 4269 1370 4308 earn
1401 4253 1430 4308 in
1454 4251 1589 4323 operibus
1610 4251 1669 4306 suis
1686 4250 1824 4306 excolant.

76 4348 224 4398 arcuatum
233 4345 393 4397 murnmet
407 4340 536 4396 medium
556 4347 600 4397 est
621 4343 707 4398 unius
725 4343 826 4412 cubiti,
857 4361 919 4416 quae
976 4344 1089 4400 Faciem
1110 4360 1175 4398 vero
1203 4359 1285 4398 suam
1314 4342 1350 4397 ad
1370 4344 1534 4398 eolrrmnam
1569 4355 1643 4394 verse
1679 4338 1826 4394 Trinitatis

77 4438 121 4488 cst
141 4428 301 4500 amplitudo
324 4427 474 4500 dignitatis
496 4429 572 4485 inter
597 4431 760 4502 superiores
783 4448 922 4503 personas
976 4434 1071 4502 vertit,
1093 4432 1231 4504 quoniam
1250 4431 1282 4486 in
1301 4431 1381 4486 omni
1406 4447 1437 4485 re
1461 4429 1652 4485 intentionem
1671 4443 1750 4482 suem
1771 4426 1824 4496 ipsi

77 4517 231 4593 spiritualis
245 4515 401 4588 magisterii
416 4522 445 4572 et
467 4518 543 4573 inter
564 4518 679 4575 minora
698 4521 836 4576 vocabule
864 4525 919 4576 ter·
974 4520 1108 4577 Trinitali
1162 4519 1328 4576 acutissimo
1360 4519 1424 4574 visa
1460 4519 1544 4588 jaste
1582 4513 1823 4570 considerationis

77 4625 153 4666 rene
167 4604 358 4674 servitutis,in
380 4606 491 4661 unitate
512 4607 581 4664 lidei
599 4609 758 4664 seeundum
772 4612 863 4665 [lenm
884 4611 918 4665 ad
974 4608 1108 4674 intendit,
1133 4613 1164 4663 nt
1185 4611 1259 4662 sicut
1277 4614 1417 4679 perpetue
1439 4604 1564 4660 Trinitas
1587 4603 1618 4658 in
1642 4603 1734 4658 tribus
1756 4617 1823 4674 per·

76 4695 288 4767 corripiendum
314 4692 443 4748 sabditos
464 4711 532 4751 snos
552 4696 718 4752 constituta.
738 4699 831 4769 Atque
845 4697 921 4752 inter
975 4697 1052 4752 sonis
1082 4695 1265 4752 inviolabiter
1304 4693 1512 4750 consideranda
1545 4696 1615 4747 est:
1641 4691 1682 4746 ita
1725 4705 1823 4744 omnes

74 4784 242 4839 exteriorem
256 4787 286 4837 et
309 4781 444 4836 eumdem
468 4783 598 4840 medium
614 4790 657 4840 est
684 4785 807 4841 latitudo
835 4786 921 4840 nnius
975 4786 1066 4842 ileum
1094 4785 1229 4852 colentes,
1262 4801 1326 4840 eam
1353 4785 1383 4839 in
1420 4782 1500 4838 lactis
1524 4780 1583 4836 suis
1606 4777 1823 4850 diligentissime

78 4871 164 4945 palmi
184 4870 266 4941 quasi
293 4870 412 4940 puerilis
431 4886 544 4941 manns,
573 4872 643 4944 quia
664 4879 707 4930 est
735 4874 822 4930 etiam
845 4873 922 4929 inter
974 4872 1166 4941 considerent,
1183 4877 1212 4928 et
1241 4871 1448 4928 considerando
1477 4885 1536 4924 non
1563 4867 1737 4938 relinquant.
1770 4865 1822 4922 Sed

77 4958 420 5028 inferiorempotestatem
442 4960 588 5015 seculmis
606 4961 766 5032 regiminis,
795 4966 824 5017 et
845 4962 921 5017 inter
974 4961 1208 5034 qnodineodem
1225 4961 1282 5016 line
1309 4960 1388 5016 vides
1407 4960 1526 5014 altarem
1548 4955 1707 5028 imaginem
1736 4971 1822 5026 super

76 5045 282 5118 sribjectionem
294 5045 441 5100 secularis
455 5047 676 5104 ministrationis
690 5049 820 5106 extensio
836 5050 920 5120 justae
974 5051 1110 5108 eumdem
1126 5065 1241 5106 murum
1264 5048 1400 5106 inultiori
1426 5048 1489 5104 lucu
1521 5050 1669 5102 strmlem:
1701 5044 1755 5100 lruc
1773 5049 1823 5098 'est

77 5132 318 5200 considerationis,
339 5133 379 5188 ita
395 5141 427 5188 ut
449 5136 494 5190 lue
514 5137 645 5192 unanimi
672 5144 700 5192 et
726 5137 849 5208 simplici
868 5143 918 5193 de·
975 5138 1149 5210 quodetiam
1165 5139 1195 5192 in
1215 5137 1520 5194 translatiuueumlum
1543 5133 1615 5204 legis
1633 5132 1768 5204 antiquie.
1794 5132 1822 5186 in
1858 5200 1862 5208 Ι

79 5225 188 5279 ratione
211 5218 521 5293 pnerilisinnocentire
544 5225 718 5280 seinvicem
747 5230 866 5296 tangant
889 5227 918 5281 in
974 5228 1031 5282 lide
1059 5231 1163 5282 sancire
1192 5226 1339 5282 Trinitatis
1362 5227 1536 5281 clarescente
1567 5237 1633 5276 vera
1651 5221 1715 5276 laco
1736 5220 1819 5291 Justi-

79 5333 162 5370 manu
194 5311 356 5384 conjuncte
384 5316 559 5384 operationis
580 5332 650 5372 snae.
675 5315 727 5371 Sed
751 5315 829 5386 quod
845 5315 920 5370 intra
975 5316 1032 5384 tiae,
1056 5315 1118 5370 haee
1142 5314 1230 5370 virtus
1251 5315 1282 5370 in
1323 5311 1475 5386 principali
1507 5309 1673 5383 magisterio
1697 5314 1727 5364 et
1754 5308 1822 5364 lidei

79 5400 313 5458 lrlemaedilieium
340 5398 481 5457 videsser
505 5403 645 5473 imagines
665 5409 731 5458 ante
750 5403 918 5473 predictum
976 5403 1081 5474 populo
1106 5402 1134 5456 in
1162 5402 1308 5458 cacumine
1336 5400 1500 5456 snit-ationis
1540 5397 1659 5455 celestis
1688 5395 1820 5454 desiderii

295 5484 304 5508 t
