3984 6034
77 154 155 209 1333
617 154 776 210 uutslua.
799 186 833 195 —
856 156 921 210 LIB.
943 157 1000 223 vlt,
1023 156 1067 210 Illi
1086 156 1309 215 ANIIIALIBUS.
1715 160 1723 169 '
1775 166 1843 223 1³34

70 282 220 338 sudorem
239 282 268 337 in
290 298 376 339 earne
398 299 449 339 sua
472 283 559 339 habet
581 282 632 355 qui
657 299 772 339 earnem
793 285 855 355 ejus
879 285 932 340 he·
951 291 972 343 Α
989 286 1263 359 quomodocumque
1285 288 1376 360 possit
1390 291 1532 356 comedat,
1548 293 1577 344 et
1590 288 1712 344 interius
1731 290 1762 345 in
1780 308 1840 345 eor,

71 369 156 425 mini
179 370 216 425 ad
248 371 460 428 comedendum
492 372 664 427 contrariam
688 371 765 436 iacit,
799 378 829 426 et
852 372 931 429 idem
987 388 1057 444 pore
1081 390 1133 429 suo
1154 390 1240 430 sanus
1269 375 1334 444 erit,
1354 382 1383 431 et
1406 376 1519 444 orllme,
1540 376 1564 431 si
1593 377 1719 431 nondum
1744 384 1838 450 rupte

71 458 173 513 sudor
194 459 224 513 in
247 475 331 514 carne
353 466 483 516 remanet
507 465 535 514 ει
558 462 663 533 pellem
686 461 748 532 ejus
781 477 841 516 neu
867 478 931 533 per-
986 466 1064 531 suut,
1082 463 1149 534 quia
1172 464 1245 519 sicut
1266 464 1345 535 talpa
1371 480 1487 535 pravam
1509 470 1615 519 terram
1643 466 1722 535 eicit,
1747 468 1836 523 etita

70 547 185 601 transit
206 548 254 617 (l),
272 552 301 602 et
320 547 386 603 ideo
409 548 493 620 pellis
514 548 662 604 illabens
683 555 713 604 et
735 565 805 603 sana
827 553 870 604 est
894 549 928 604 ad
983 549 1152 606 Interiorem
1170 550 1352 622 putredinem
1377 569 1441 625 quaa
1465 554 1496 606 in
1515 569 1635 625 corpora
1650 554 1776 609 hominis
1791 561 1835 611 est

68 637 173 689 vestes
195 634 319 690 homini.
335 636 369 691 Et
384 636 408 690 si
422 635 566 708 quispiam
588 636 676 691 homo
697 637 800 692 orfime
815 636 846 692 in
867 653 929 692 cor·
984 638 1100 693 emittit.
1130 640 1161 694 Et
1187 639 1275 695 etiam
1297 640 1374 695 idem
1393 640 1482 695 homo
1500 642 1581 711 jecor
1605 643 1690 712 talpae
1704 658 1770 696 cum
1784 660 1834 697 re-

67 737 150 791 pore
175 738 227 776 suo
249 722 348 792 habet,
373 724 532 779 silvestrem
555 724 650 778 marth
664 726 789 779 excoriet
802 730 830 779 et
853 724 928 797 sagi·
983 722 1065 795 liquo
1080 738 1200 793 corpore
1216 724 1291 792 edat,
1316 724 1384 795 qula
1406 725 1588 795 putredinem
1605 742 1754 797 aeorpore
1770 728 1832 797 ejus

69 825 157 878 men,
175 810 250 883 qued
271 810 303 865 in
325 828 360 867 eo
381 815 432 879 est,
454 812 485 866 in
505 812 610 883 patella
632 811 776 881 dissolvat,
792 817 822 867 et
835 814 929 884 eapite
982 810 1087 879 aufert,
1112 811 1162 867 sed
1186 828 1236 867 cer
1260 818 1288 867 et
1313 814 1481 883 pulmonem
1510 814 1572 883 ejus
1601 829 1661 868 non
1688 814 1829 869 comedat.

67 902 103 950 et
118 898 277 953 visceribus
297 900 360 970 ejus
381 897 509 969 abjectis,
525 899 670 971 reIIquum
693 915 797 970 cerpus
820 899 849 954 in
870 916 929 954 mo·
982 898 1048 970 [Qui
1072 908 1168 954 autem
1193 916 1210 954 a
1235 900 1344 957 caduco
1367 900 1466 955 morbo
1491 901 1636 971 letIgatnr,
1661 904 1830 973 sangumem

68 985 141 1039 dica
154 1001 229 1059 aqua
239 992 352 1059 eoquat,
363 993 392 1042 et
402 987 540 1057 sagimen,
553 986 631 1058 qued
643 988 756 1041 tuneah
766 988 816 1041 illo
828 987 927 1043 haberi
981 988 1076 1058 talpa,
1093 992 1122 1042 et
1138 992 1264 1042 rostrum
1285 993 1387 1054 anetae,
1410 987 1517 1041 seilicet
1537 986 1663 1042 foeminae
1679 994 1707 1042 et
1720 1004 1831 1059 ungues

67 1076 181 1143 potest,
201 1073 292 1144 priori
314 1073 448 1146 sagimini
470 1074 564 1141 addat,
582 1079 610 1128 et
633 1074 719 1129 etiam
740 1075 870 1146 sagimen
891 1076 926 1130 de
979 1076 1099 1143 anseris,
1125 1075 1211 1131 etiam
1241 1075 1379 1143 loominae,
1403 1074 1570 1145 pulverizet,
1594 1076 1634 1130 ita
1666 1080 1696 1129 ut
1727 1078 1829 1157 pulvis,

67 1161 181 1215 vitellis
204 1177 323 1216 ovorum
347 1160 452 1217 minori
477 1161 605 1233 pendere
629 1161 696 1216 huic
717 1161 851 1232 sagimini
875 1161 925 1216 ad·
979 1166 1171 1221 restrianetm
1194 1165 1237 1222 bis
1252 1170 1348 1221 tantus
1364 1164 1400 1219 sit
1419 1168 1450 1218 ut
1464 1164 1558 1235 pulvis
1582 1166 1687 1236 unguis
1711 1166 1829 1234 anseris,

67 1248 134 1315 dat,
167 1254 196 1304 et
225 1250 417 1312 commisceat,
450 1254 480 1304 et
509 1248 549 1304 sie
573 1255 753 1321 unguentum
776 1250 869 1319 laeiat,
894 1255 923 1305 ει
981 1260 1009 1307 ει
1033 1253 1150 1326 sanguis
1173 1254 1258 1326 talpoe
1281 1253 1325 1309 bis
1357 1252 1475 1308 excedat
1499 1251 1646 1323 pulverem
1676 1254 1712 1307 de
1736 1259 1830 1307 rostro

69 1336 189 1404 orfime,
206 1344 361 1409 antequam
382 1343 563 1408 rumpantur,
583 1354 650 1393 cum
674 1354 708 1392 ee
730 1344 881 1410 perungat,
897 1344 927 1393 et
980 1346 1086 1409 aneta,
1104 1348 1132 1396 et
1152 1342 1213 1396 haee
1229 1341 1314 1395 slmul
1336 1340 1365 1394 in
1381 1356 1509 1413 pannum
1532 1340 1630 1409 lIgata,
1647 1338 1676 1393 iu
1702 1337 1764 1393 loco
1781 1339 1831 1393 ubi

69 1430 256 1491 evanescent,
282 1425 327 1481 vel
360 1425 384 1480 si
410 1430 502 1496 rupim
529 1425 648 1494 luerint,
675 1426 704 1480 in
730 1426 850 1480 eiseuitu
877 1443 924 1481 aas
979 1432 1057 1501 talpa
1085 1435 1193 1484 terram
1231 1428 1342 1483 noviter
1374 1428 1466 1499 ejecit,
1490 1444 1541 1498 per
1569 1426 1695 1480 triduum
1730 1433 1828 1496 ponat.

69 1517 231 1583 perungat,
245 1517 274 1568 et
288 1513 466 1568 sanabuntur
477 1513 525 1584 (2).
931 1564 951 1617 Β
979 1519 1080 1573 Postea
1101 1518 1168 1572 inde
1194 1517 1288 1572 ablata
1305 1516 1354 1571 uhi
1368 1514 1474 1586 glacies
1496 1520 1538 1569 est
1553 1518 1651 1585 ponat,
1669 1518 1701 1567 ut
1723 1528 1829 1585 conge-

108 1599 175 1654 Car.
195 1601 303 1655 XXXIV.
323 1631 357 1643 -
376 1602 417 1657 Ila
435 1602 556 1658 wasser
574 1602 670 1659 iduare
691 1601 745 1675 (IV,
766 1619 805 1672 m,
826 1601 882 1676 32].
925 1634 928 1639 -
981 1606 1067 1661 tetur.
1093 1604 1127 1659 Et
1147 1606 1253 1661 iterum
1278 1603 1346 1659 inde
1369 1603 1463 1658 ablata
1486 1602 1517 1658 in
1532 1603 1592 1659 sole
1617 1600 1716 1655 siccari
1735 1598 1827 1658 faciat.

5 1719 6 1728 κ
109 1688 224 1743 Wesscr
243 1689 335 1744 morth
359 1688 481 1760 frigidus
508 1693 551 1744 est
573 1694 602 1745 et
620 1691 703 1762 juxta
724 1706 813 1763 aquas
827 1692 857 1746 in
872 1707 918 1746 ea·
986 1692 1095 1749 Deinde
1118 1698 1213 1749 sumat
1241 1697 1352 1764 partem
1369 1694 1500 1764 jecorum
1531 1690 1668 1761 euJ'usqua
1697 1688 1829 1745 animalis

5 1777 6 1838 ζ
67 1775 201 1830 vernulis
233 1781 371 1845 moratur,
405 1780 434 1831 et
466 1778 559 1833 aerior
589 1784 633 1833 est
662 1794 750 1849 quam
782 1779 920 1834 silvestris
972 1786 1002 1837 et
1024 1780 1146 1836 volueris
1171 1797 1236 1853 qum
1261 1779 1462 1847 comeduntur,
1484 1784 1624 1850 quantum
1648 1781 1683 1833 de
1710 1777 1755 1833 his
1777 1778 1826 1832 ha·

5 1859 6 1862 ’
66 1864 174 1931 murth,
200 1865 249 1920 sed
272 1864 356 1936 pellis
377 1865 514 1920 silvestris
536 1866 639 1921 melior
659 1866 741 1921 istius
761 1867 812 1938 (3).
836 1869 869 1921 Et
884 1867 920 1922 de
973 1870 1042 1925 here
1065 1870 1181 1942 peterit,
1203 1875 1232 1924 et
1252 1885 1286 1925 ex
1307 1868 1377 1939 ipsis
1403 1882 1468 1923 cum
1493 1882 1583 1937 parva
1604 1865 1698 1921 larIna
1724 1864 1829 1920 similae

67 1950 215 2021 sagimine
233 1951 317 2007 istius
341 1956 370 2007 et
390 1952 426 2007 da
451 1952 592 2022 sagimine
615 1953 780 2009 vitellorum
802 1970 921 2009 ovorum
977 1960 1107 2013 tortellos
1124 1962 1214 2029 paret,
1231 1963 1261 2011 et
1275 1959 1309 2012 de
1327 1955 1602 2033 praedicto'pulvere
1618 1954 1713 2008 minus
1728 1952 1827 2019 addat,

68 2044 257 2110 unguentum
287 2041 331 2095 lac
352 2044 384 2095 nt
420 2041 455 2095 de
482 2043 605 2097 siluestre
636 2044 729 2097 morth
751 2042 921 2114 pradictum
975 2053 1006 2102 et
1022 2048 1166 2101 uindicem
1182 2046 1288 2111 cimini,
1305 2050 1334 2099 et
1349 2044 1389 2099 sie
1403 2044 1544 2098 comedat.
1560 2042 1614 2107 Qui
1631 2049 1727 2095 autem
1752 2057 1825 2112 prat-

68 2133 124 2195 est,
153 2132 182 2182 et
210 2128 235 2181 si
268 2129 334 2201 quis
357 2129 394 2184 de
421 2128 500 2199 gicht
521 2129 667 2200 fatigatur,
693 2146 758 2185 eum
783 2147 817 2185 eo
838 2131 921 2185 illum
975 2129 1068 2191 iatum
1089 2134 1221 2189 morbum
1243 2133 1361 2204 patitur,
1378 2130 1572 2203 perquinque
1592 2129 1652 2184 dies
1676 2129 1827 2200 praedictos

69 2231 230 2288 perunges,
246 2222 275 2272 ει
296 2216 375 2287 gicht
398 2218 562 2287 compescit,
587 2217 656 2288 quia
678 2218 791 2289 frigide
813 2228 922 2274 natura
977 2224 1108 2278 tortellos
1132 2223 1276 2289 eomedat;
1304 2226 1332 2277 et
1361 2220 1384 2274 si
1410 2220 1540 2274 nondum
1565 2216 1751 2283 convaluerit,
1776 2232 1828 2287 per

69 2308 124 2360 ⁸⁵²·
979 2310 1194 2383 aliosquinque
1216 2310 1277 2364 dies
1297 2308 1338 2363 eis
1362 2310 1479 2375 utatur3
1504 2313 1532 2361 et
1555 2307 1579 2361 si
1606 2305 1734 2360 nondum
1758 2320 1827 2375 pro-

267 2390 332 2446 CAP·
353 2390 498 2446 XXXX-
518 2391 559 2444 D!
576 2391 666 2446 Z⁰Bssb
681 2392 727 2462 (4).
978 2398 1063 2467 derit,
1079 2397 1120 2452 ita
1145 2395 1250 2467 septies
1275 2396 1377 2451 eodem
1406 2410 1528 2449 numere
1560 2392 1686 2463 quinqua
1713 2393 1826 2447 dierum

5 2545 6 2564 ¹
111 2480 191 2535 Zotal
212 2480 322 2535 calidus
346 2484 397 2549 est,
423 2484 452 2535 et
470 2479 650 2551 aliquantum
668 2488 779 2537 naturoe
795 2482 925 2551 eychorns
978 2487 1074 2541 iaciat.
1091 2486 1197 2540 Panem
1214 2489 1321 2552 autem,
1339 2490 1481 2537 etcarues
1501 2480 1576 2535 haedi
1591 2478 1706 2533 interim
1731 2494 1825 2533 eome-

5 2631 6 2648 ἦ
71 2567 260 2635 assimilatur,
277 2568 438 2622 sedtamen
460 2567 595 2622 mundior
608 2573 636 2623 et
648 2570 762 2624 suavior
775 2574 818 2624 est
837 2586 924 2641 quam
979 2574 1038 2640 dat,
1054 2570 1541 2643 eumapioetpetmseIInoeoctas,
1557 2566 1689 2621 etetiam
1705 2566 1826 2637 agninas

72 2657 214 2728 eychorn3
231 2657 272 2712 sie
293 2663 322 2711 et
341 2658 425 2729 pellis
449 2658 511 2727 ejas
534 2657 571 2713 ad
598 2661 690 2713 vestes
712 2658 827 2715 homiui
850 2660 923 2714 bona
979 2662 1064 2718 edere
1098 2664 1204 2731 potest;
1231 2660 1279 2713 sed
1301 2660 1433 2729 poreiuas
1458 2670 1487 2711 et
1516 2656 1633 2710 bovinas
1657 2670 1766 2723 carnes,
1797 2658 1827 2709 et

5 2809 6 2812 Ἴ
69 2752 197 2814 nonest,
213 2746 282 2818 qula
303 2744 326 2800 si
347 2744 379 2800 in
394 2745 513 2800 humide
531 2745 691 2815 incalescit,
715 2747 824 2802 malum
836 2748 926 2818 sude-
978 2749 1147 2820 anguillam,
1163 2754 1192 2803 et
1205 2763 1311 2814 caseos,
1327 2754 1356 2801 et
1366 2762 1428 2813 ova,
1441 2751 1468 2800 et
1483 2744 1569 2799 cruda
1583 2759 1679 2814 poma,
1690 2746 1719 2797 ει
1737 2741 1825 2796 cruda

70 2833 181 2889 remia
205 2850 240 2889 ee
262 2833 377 2889 excitat.
400 2834 435 2888 Et
453 2848 486 2887 ea
514 2850 579 2905 qna
603 2833 634 2889 in
651 2850 686 2889 eo
707 2841 776 2890 sunt
799 2836 834 2890 ad
857 2851 921 2890 me·
942 2835 1058 2904 colera
1072 2836 1190 2891 interIm
1212 2836 1325 2909 devitet.
1344 2834 1446 2889 vinnm
1467 2838 1564 2887 autem
1580 2845 1675 2897 suave,
1698 2837 1727 2885 et
1749 2845 1826 2901 aqua

70 2923 235 2979 dieamenta
248 2938 307 2978 non
319 2925 422 2990 valent,
437 2922 506 2994 quia
522 2922 628 2978 debiIIs
641 2921 695 2978 est.
976 2924 1162 2995 permixtum,
1178 2930 1207 2978 et
1222 2924 1368 2978 cervisiam
1383 2923 1471 2977 bibat.
1483 2920 1557 2977 Adit.
1568 2918 1621 2992 eit]

232 3029 298 3084 Car.
325 3029 435 3085 XXXVI.
456 3059 491 3070 ·-
509 3030 550 3083 lla
571 3030 691 3084 litatum
709 3027 759 3101 (5).
1034 3030 1098 3085 Cae.
1119 3030 1256 3085 XXXVIII.
1273 3060 1307 3068 -
1329 3031 1368 3084 lla
1387 3030 1498 3082 Wisena
1522 3027 1561 3098 (9)
1583 3023 1636 3098 (Ν,
1652 3042 1692 3093 ιιι,
1713 3022 1770 3093 34].

106 3118 235 3172 licemini
250 3116 399 3186 trigidum,
422 3116 603 3189 aliquantum
626 3122 737 3173 naturae
764 3118 833 3173 catti
854 3118 920 3173 assi·
1012 3118 1114 3174 Wiselo
1127 3118 1256 3191 [llustela
1270 3117 1325 3187 att]
1341 3116 1432 3171 calida
1450 3119 1493 3170 est
1510 3114 1579 3185 (ιο),
1591 3118 1619 3167 ει
1635 3114 1665 3167 in
1677 3112 1824 3165 velocitate

70 3206 198 3272 milatur,
222 3210 251 3259 et
274 3205 396 3260 mundas
422 3220 522 3260 earnes
549 3221 608 3261 non
636 3205 733 3273 habet,
760 3207 829 3280 quia
854 3223 920 3277 spu·
973 3221 1026 3260 sua
1047 3205 1158 3277 aliquid
1180 3205 1215 3260 de
1238 3207 1342 3259 virtute
1364 3203 1483 3275 geilonis
1505 3204 1600 3269 hahet,
1623 3216 1688 3254 eum
1713 3214 1823 3270 pennas

71 3294 172 3349 meelate
188 3297 217 3348 et
244 3292 340 3348 livida
362 3294 441 3348 velut
464 3308 608 3349 venenum
631 3298 709 3349 aunt.
737 3294 772 3349 lIt
801 3296 918 3366 quando
974 3293 1386 3366 suasertgil,etputredInem
1411 3292 1442 3347 in
1466 3288 1663 3345 iusensibilem
1686 3292 1821 3342 naturam

68 3396 200 3453 spamam
219 3380 296 3448 eicit,
312 3380 544 3451 smpeitaetiam
567 3380 667 3435 breves
680 3382 775 3437 crines
798 3384 916 3438 emittit.
973 3381 1069 3449 habet,
1085 3382 1216 3452 itaquod
1242 3382 1388 3453 quandam
1417 3380 1568 3435 herbulam
1592 3376 1680 3443 novit,
1705 3375 1736 3429 in
1762 3391 1822 3446 qua

72 3469 201 3541 Etpellis
221 3469 283 3540 ejus
303 3468 447 3524 adrestas
468 3467 671 3523 hemInibona
689 3485 750 3524 non
773 3475 825 3538 est,
851 3471 919 3541 qula
972 3469 1079 3523 sanitas
1103 3468 1167 3522 vitm
1189 3474 1241 3537 est,
1259 3470 1300 3523 ita
1320 3476 1351 3524 ut
1374 3469 1398 3523 si
1427 3470 1534 3522 catulos
1565 3482 1631 3521 sues
1659 3464 1704 3519 vel
1732 3463 1820 3518 aliam

71 3559 175 3630 frigida
198 3564 250 3613 est.
275 3558 376 3623 Elea,
400 3571 465 3628 qnia
486 3556 517 3611 in
541 3571 576 3611 eo
602 3559 679 3620 sunt,
703 3557 919 3613 medicamentis
973 3557 1126 3611 mustelam
1142 3556 1238 3611 delere
1259 3556 1371 3623 viderit,
1396 3556 1470 3610 hane
1493 3554 1653 3619 herbulam,
1675 3567 1739 3621 qum
1755 3566 1820 3621 par-

71 3664 128 3703 non
143 3646 267 3701 multum
282 3644 467 3710 conveniunt,
488 3644 557 3717 qnia
573 3660 639 3700 care
662 3645 723 3717 ejus
737 3647 917 3718 aliquantum
973 3646 1039 3700 vula
1054 3652 1082 3701 et
1093 3644 1207 3717 gracilis
1223 3651 1276 3712 est,
1297 3646 1353 3700 cito
1367 3644 1481 3717 quierit,
1501 3646 1608 3712 etpost
1629 3654 1693 3692 eam
1707 3637 1739 3691 in
1759 3642 1821 3691 ter-

71 3751 212 3791 venenosa
227 3739 280 3789 est.
972 3749 1035 3789 ram
1049 3734 1131 3797 fodit,
1152 3736 1181 3788 et
1196 3749 1260 3788 eum
1276 3750 1339 3788 eam
1358 3729 1509 3796 invenerit,
1525 3735 1554 3783 et
1573 3728 1604 3782 in
1619 3726 1713 3797 ipsam
1729 3724 1820 3796 spiru-

176 3823 241 3878 Cae.
261 3822 382 3877 XXXVII.
402 3849 439 3864 -
457 3822 499 3877 Ila
519 3822 614 3877 Tama
634 3820 685 3893 (3),
698 3836 740 3889 111,
753 3822 811 3895 33].
972 3823 1051 3878 mine
1075 3840 1126 3878 suo
1154 3824 1214 3889 ssat,
1240 3827 1268 3877 et
1291 3821 1415 3891 desuper
1442 3817 1563 3889 myngit,
1589 3819 1618 3869 et
1632 3814 1672 3868 sie
1686 3812 1819 3867 virtutem

104 3911 191 3981 Talpa
204 3909 310 3981 frigida
325 3914 377 3976 est,
401 3910 481 3964 atla
504 3910 608 3981 pIngni
631 3916 658 3966 et
680 3910 710 3966 in
724 3911 827 3966 lImeaa
841 3915 918 3967 terra
972 3924 1055 3963 suam
1069 3908 1169 3962 virtuti
1192 3908 1270 3961 illius
1285 3905 1432 3969 admiscet,
1450 3910 1479 3958 et
1499 3902 1539 3957 ita
1559 3916 1611 3973 per
1632 3899 1747 3953 brevem
1771 3898 1820 3951 he

71 3999 194 4055 libenter
216 4004 325 4064 manet,
357 4002 386 4052 et
410 4012 536 4052 macram
559 4002 667 4053 terram
690 3998 809 4069 devitat,
830 4005 916 4074 atque
970 4012 1033 4052 ram
1049 4002 1193 4069 exspectat
1214 3996 1282 4050 ditm
1305 3994 1406 4049 eadem
1432 3991 1551 4047 herbula
1566 3988 1650 4044 urias
1674 4003 1726 4041 sua
1745 3986 1819 4041 hene

72 4092 261 4158 terramque
278 4088 355 4141 mala
377 4089 406 4141 et
422 4102 509 4157 prava
534 4090 563 4141 et
581 4086 692 4142 inutilis
714 4094 758 4143 est
783 4089 851 4144 eIeit
864 4088 915 4161 (7),
970 4091 1001 4142 et
1015 4086 1138 4157 pleniter
1161 4084 1359 4157 perfundatur,
1380 4090 1408 4137 et
1423 4089 1490 4137 tunc
1511 4094 1576 4134 eam
1591 4093 1639 4131 ere
1655 4092 1707 4130 sno
1730 4075 1818 4146 rapit,

73 4180 101 4231 et
112 4176 141 4230 in
154 4174 204 4230 illa
219 4180 317 4230 manet
332 4189 397 4245 quse
411 4174 487 4229 bona
501 4179 530 4230 et
542 4191 612 4230 sana
626 4180 678 4245 est,
702 4181 731 4231 et
751 4193 808 4231 non
830 4178 914 4248 videt,
933 4148 956 4201 ⁰
971 4191 1004 4229 ae
1018 4190 1081 4230 eam
1097 4174 1139 4230 illi
1161 4175 1299 4239 mustelae,
1318 4173 1365 4226 cui
1386 4170 1446 4242 jam
1469 4166 1562 4222 vitalis
1586 4182 1635 4221 aer
1655 4164 1686 4219 ia
1701 4168 1818 4235 guttura

73 4264 138 4335 quia
153 4263 183 4317 in
211 4278 276 4318 aare
300 4278 358 4317 non
380 4269 521 4333 versatur,
541 4264 741 4337 sedmagnam
765 4265 915 4321 scientiam
969 4270 1022 4331 est,
1044 4264 1192 4319 moriturae
1212 4265 1241 4317 in
1270 4276 1401 4317 ossuum
1431 4258 1523 4330 ponit,
1549 4261 1578 4310 et
1604 4254 1645 4309 ita
1672 4254 1722 4307 illa
1748 4268 1818 4306 sana

73 4352 190 4407 interius
208 4350 306 4421 habet,
320 4356 350 4405 et
372 4351 509 4407 odoratur
532 4358 561 4407 et
580 4352 788 4425 intelligitque
807 4354 849 4409 ire
865 4354 914 4409 de·
970 4353 1034 4418 erIt,
1050 4358 1079 4407 et
1098 4352 1190 4423 surgit
1214 4357 1241 4407 ει
1265 4350 1379 4406 recedit.
1403 4348 1434 4403 Et
1454 4343 1575 4401 herbula
1588 4344 1643 4398 ista
1663 4340 1774 4396 homiui
1790 4346 1818 4394 et

5 4447 6 4494 1
74 4442 147 4508 beat,
162 4444 191 4495 et
204 4442 310 4513 terram
328 4439 462 4498 comedit.
488 4442 521 4495 ut
543 4456 609 4495 earo
628 4442 690 4512 ejus
710 4440 745 4496 ad
761 4442 913 4497 comeden-
970 4442 1033 4496 aliis
1046 4440 1217 4495 animalibus
1232 4441 1329 4510 ignota
1349 4443 1401 4505 est,
1417 4436 1485 4507 quia
1508 4433 1531 4487 si
1555 4430 1642 4486 etiam
1664 4431 1752 4484 homo
1766 4432 1817 4482 aut

74 4528 437 4597 dumhemininouvalat,
453 4529 567 4595 eulade
583 4529 755 4585 humiditate
776 4530 913 4601 nutritur,
968 4530 1106 4587 animalia
1138 4545 1201 4583 eam
1230 4528 1363 4594 selrent,·
1381 4532 1449 4579 tunc
1487 4523 1633 4594 spiramen
1657 4534 1709 4574 nee
1732 4516 1817 4573 urina

73 4617 306 4689 necaIIquispro
323 4616 464 4672 madieIna
485 4619 615 4674 comedat
639 4618 689 4690 (8).
718 4620 789 4674 Nam
815 4621 913 4688 homo,
969 4617 1118 4675 eorumad
1137 4617 1447 4688 perfundendumeam
1464 4614 1580 4677 valeret,
1597 4606 1735 4681 quoniam
1749 4605 1814 4659 her·

5 4687 6 4694 ¹
74 4707 121 4780 qui
134 4706 254 4761 interius
272 4705 303 4761 in
325 4722 448 4778 corpere
469 4707 607 4779 putrescit
629 4712 680 4762 aut
694 4707 795 4762 orfime
815 4708 845 4763 In
856 4724 916 4763 eor·
967 4708 1036 4763 bula
1063 4709 1118 4762 ista
1140 4708 1291 4761 sanitatem
1315 4706 1382 4760 vite
1412 4719 1464 4775 per
1492 4718 1521 4755 sa
1548 4713 1607 4753 non
1636 4695 1730 4761 habet,
1760 4690 1815 4791 ulei
1850 4745 1855 4755 Ι

5 4827 6 4856 i
73 4810 206 4867 peresuo
230 4793 327 4861 habet,
355 4794 405 4849 illa
435 4796 544 4867 talpam
567 4811 632 4851 cum
656 4811 731 4868 aqua
755 4800 860 4867 eoquat
886 4802 915 4851 et
968 4796 1046 4870 quod
1062 4796 1125 4868 ipsa
1140 4794 1305 4865 hujusmodi
1321 4793 1395 4847 vites
1409 4792 1444 4847 de
1460 4787 1617 4861 spiramine
1633 4789 1661 4839 et
1679 4782 1716 4838 da
1731 4795 1816 4836 urina

75 4882 207 4946 comedat.
234 4888 284 4937 aut
306 4898 371 4937 eam
396 4884 565 4954 pulverizet,
594 4890 623 4940 et
650 4884 798 4956 pulverem
825 4885 913 4940 istum
968 4885 1099 4940 mustelae
1114 4884 1242 4955 aecipiat.
1256 4881 1312 4938 Sed
1328 4888 1356 4936 et
1371 4881 1492 4935 mustela
1512 4884 1571 4933 tam
1594 4875 1684 4931 honae
1706 4880 1735 4925 et
1754 4870 1815 4925 ier-

119 5028 128 5079 t

107 5024 134 5164 Xt
165 5096 261 5151 Vel-
275 5096 301 5149 st
313 5095 486 5151 canebantur
496 5111 554 5150 em.
570 5096 616 5151 ed,
1015 5100 1043 5165 8)
1062 5101 1099 5154 m
1111 5114 1166 5153 noe
1180 5100 1254 5153 uidet
1266 5126 1302 5137 -
1315 5096 1435 5151 comedet
1450 5110 1508 5148 em.
1523 5092 1568 5147 ed.

108 5168 132 5237 (3
157 5168 191 5222 El
201 5166 287 5234 lm
301 5181 389 5233 “tuos
401 5196 436 5205 -
451 5169 500 5222 isti
509 5182 567 5221 om.
583 5167 629 5222 ed.
1015 5168 1041 5239 9)
1061 5170 1181 5223 Mustela
1201 5170 1335 5237 sulpuris.
1352 5167 1393 5221 CI.
1411 5166 1483 5220 Plin.
1508 5166 1579 5219 Ilist.
1603 5165 1660 5215 etet.
1681 5173 1740 5228 viu,
1768 5162 1812 5242 Iu.

109 5239 134 5305 (ι
163 5236 429 5293 llnstetoctbelltea.
449 5237 681 5293 -Ileestined
1018 5238 1057 5309 ιο)
1085 5240 1154 5303 Qum
1186 5244 1346 5310 sequuntur
1377 5251 1469 5307 usque
1501 5234 1537 5290 ad
1563 5232 1611 5289 sed
1639 5236 1666 5285 et
1684 5242 1729 5284 cor
1755 5247 1814 5301 egos

110 5310 146 5377 (5)
160 5309 277 5363 uastata
292 5310 438 5362 hermines.
455 5338 489 5348 -
504 5308 586 5362 Deest
600 5308 630 5362 in
647 5307 691 5362 ed.
966 5311 1040 5365 staca
1055 5325 1112 5365 om.
1128 5310 1173 5365 ed.

111 5379 144 5449 (6)
165 5380 252 5448 Tettio
266 5380 407 5448 Europaeo.

133 5025 143 5162 (
159 5026 195 5081 Iit
208 5023 269 5079 ideo
281 5024 602 5095 plurimi-pertransit
616 5042 674 5081 om.
690 5025 734 5082 ed.
1014 5027 1040 5091 7)
1060 5030 1095 5083 m
1109 5030 1251 5098 inpingat
1265 5056 1299 5066 -
1313 5027 1376 5081 eicit
1390 5040 1448 5079 em.
1465 5023 1521 5091 εει.)
