<?xml version="1.0" encoding="UTF-8"?>
<!DOCTYPE html PUBLIC "-//W3C//DTD XHTML 1.0 Transitional//EN"
    "http://www.w3.org/TR/xhtml1/DTD/xhtml1-transitional.dtd">
<html xmlns="http://www.w3.org/1999/xhtml" xml:lang="en" lang="en">
 <head>
  <title>
</title>
<meta http-equiv="Content-Type" content="text/html;charset=utf-8" />
  <meta name='ocr-system' content='tesseract 3.04.00' />
  <meta name='ocr-capabilities' content='ocr_page ocr_carea ocr_par ocr_line ocrx_word'/>
</head>
<body>
  <div class='ocr_page' id='page_1' title='image "./patrologiaecurs125unkngoog_0230.png"; bbox 0 0 3984 6034; ppageno 0'>
   <div class='ocr_carea' id='block_1_1' title="bbox 146 135 1904 202">
    <p class='ocr_par' dir='ltr' id='par_1_1' title="bbox 146 135 1904 202">
     <span class='ocr_line' id='line_1_1' title="bbox 146 135 1904 202; baseline -0.004 -1"><span class='ocrx_word' id='word_1_1' title='bbox 146 145 195 202; x_wconf 79' lang='lat' dir='ltr'>tet</span> <span class='ocrx_word' id='word_1_2' title='bbox 890 139 919 195; x_wconf 87' lang='lat' dir='ltr'>S.</span> <span class='ocrx_word' id='word_1_3' title='bbox 940 138 1178 198; x_wconf 72' lang='lat' dir='ltr'>attenuatius</span> <span class='ocrx_word' id='word_1_4' title='bbox 1838 135 1904 194; x_wconf 76' lang='lat' dir='ltr'>ten</span> 
     </span>
    </p>
   </div>
   <div class='ocr_carea' id='block_1_2' title="bbox 126 265 1901 1671">
    <p class='ocr_par' dir='ltr' id='par_1_2' title="bbox 126 265 1901 1671">
     <span class='ocr_line' id='line_1_2' title="bbox 146 265 1895 344; baseline -0.007 -11"><span class='ocrx_word' id='word_1_5' title='bbox 146 277 234 333; x_wconf 85' lang='lat' dir='ltr'>rerba</span> <span class='ocrx_word' id='word_1_6' title='bbox 250 279 326 330; x_wconf 82' lang='lat' dir='ltr'>snut.</span> <span class='ocrx_word' id='word_1_7' title='bbox 342 271 512 340; x_wconf 75' lang='lat' dir='ltr'>Quomodo?</span> <span class='ocrx_word' id='word_1_8' title='bbox 526 271 560 327; x_wconf 93' lang='lat' dir='ltr'>ln</span> <span class='ocrx_word' id='word_1_9' title='bbox 577 271 673 342; x_wconf 92' lang='lat' dir='ltr'>lapide</span> <span class='ocrx_word' id='word_1_10' title='bbox 696 275 740 326; x_wconf 87' lang='lat' dir='ltr'>est</span> <span class='ocrx_word' id='word_1_11' title='bbox 755 270 846 325; x_wconf 87' lang='lat' dir='ltr'>virtus</span> <span class='ocrx_word' id='word_1_12' title='bbox 860 269 991 326; x_wconf 87' lang='lat' dir='ltr'>humoris</span> <span class='ocrx_word' id='word_1_13' title='bbox 1009 275 1033 328; x_wconf 77' lang='grc' dir='ltr'><strong>Α</strong></span> <span class='ocrx_word' id='word_1_14' title='bbox 1048 285 1173 344; x_wconf 87' lang='lat' dir='ltr'>superna</span> <span class='ocrx_word' id='word_1_15' title='bbox 1192 268 1301 325; x_wconf 87' lang='lat' dir='ltr'>unitate</span> <span class='ocrx_word' id='word_1_16' title='bbox 1316 273 1376 336; x_wconf 89' lang='lat' dir='ltr'>est;</span> <span class='ocrx_word' id='word_1_17' title='bbox 1391 266 1489 339; x_wconf 87' lang='lat' dir='ltr'>itaque</span> <span class='ocrx_word' id='word_1_18' title='bbox 1508 266 1582 322; x_wconf 91' lang='lat' dir='ltr'>sicut</span> <span class='ocrx_word' id='word_1_19' title='bbox 1594 265 1626 321; x_wconf 90' lang='lat' dir='ltr'>in</span> <span class='ocrx_word' id='word_1_20' title='bbox 1654 265 1747 338; x_wconf 89' lang='lat' dir='ltr'>lapido</span> <span class='ocrx_word' id='word_1_21' title='bbox 1774 282 1827 322; x_wconf 90' lang='lat' dir='ltr'>nac</span> <span class='ocrx_word' id='word_1_22' title='bbox 1851 271 1895 322; x_wconf 86' lang='lat' dir='ltr'>est</span> 
     </span>
     <span class='ocr_line' id='line_1_3' title="bbox 126 354 1894 435; baseline -0.007 -15"><span class='ocrx_word' id='word_1_23' title='bbox 126 366 235 420; x_wconf 57' lang='lat' dir='ltr'>vvirtus</span> <span class='ocrx_word' id='word_1_24' title='bbox 255 361 461 435; x_wconf 71' lang='lat' dir='ltr'>palpabilitatis</span> <span class='ocrx_word' id='word_1_25' title='bbox 484 366 512 416; x_wconf 91' lang='lat' dir='ltr'>et</span> <span class='ocrx_word' id='word_1_26' title='bbox 531 362 616 433; x_wconf 89' lang='lat' dir='ltr'>ignea</span> <span class='ocrx_word' id='word_1_27' title='bbox 637 361 689 429; x_wconf 86' lang='lat' dir='ltr'>vis,</span> <span class='ocrx_word' id='word_1_28' title='bbox 711 361 762 415; x_wconf 89' lang='lat' dir='ltr'>sed</span> <span class='ocrx_word' id='word_1_29' title='bbox 784 359 919 414; x_wconf 84' lang='lat' dir='ltr'>virtutem</span> <span class='ocrx_word' id='word_1_30' title='bbox 939 358 992 413; x_wconf 89' lang='lat' dir='ltr'>hu·</span> <span class='ocrx_word' id='word_1_31' title='bbox 1048 374 1101 414; x_wconf 91' lang='lat' dir='ltr'>nec</span> <span class='ocrx_word' id='word_1_32' title='bbox 1129 365 1264 432; x_wconf 91' lang='lat' dir='ltr'>operatur</span> <span class='ocrx_word' id='word_1_33' title='bbox 1285 356 1406 412; x_wconf 90' lang='lat' dir='ltr'>humida</span> <span class='ocrx_word' id='word_1_34' title='bbox 1427 355 1517 410; x_wconf 82' lang='lat' dir='ltr'>virtus</span> <span class='ocrx_word' id='word_1_35' title='bbox 1532 355 1593 410; x_wconf 88' lang='lat' dir='ltr'>eine</span> <span class='ocrx_word' id='word_1_36' title='bbox 1607 354 1747 427; x_wconf 82' lang='lat' dir='ltr'>palpabili</span> <span class='ocrx_word' id='word_1_37' title='bbox 1761 369 1894 427; x_wconf 83' lang='lat' dir='ltr'>compre·</span> 
     </span>
     <span class='ocr_line' id='line_1_4' title="bbox 147 443 1897 520; baseline -0.006 -12"><span class='ocrx_word' id='word_1_38' title='bbox 147 452 236 508; x_wconf 88' lang='lat' dir='ltr'>moris</span> <span class='ocrx_word' id='word_1_39' title='bbox 250 452 337 507; x_wconf 90' lang='lat' dir='ltr'>habet</span> <span class='ocrx_word' id='word_1_40' title='bbox 362 467 399 506; x_wconf 91' lang='lat' dir='ltr'>ue</span> <span class='ocrx_word' id='word_1_41' title='bbox 413 451 585 506; x_wconf 87' lang='lat' dir='ltr'>dissolvatur</span> <span class='ocrx_word' id='word_1_42' title='bbox 609 454 638 504; x_wconf 91' lang='lat' dir='ltr'>et</span> <span class='ocrx_word' id='word_1_43' title='bbox 651 449 877 516; x_wconf 89' lang='lat' dir='ltr'>comminuatur;</span> <span class='ocrx_word' id='word_1_44' title='bbox 895 449 993 520; x_wconf 89' lang='lat' dir='ltr'>palpa·</span> <span class='ocrx_word' id='word_1_45' title='bbox 1048 445 1187 501; x_wconf 76' lang='lat' dir='ltr'>honsione</span> <span class='ocrx_word' id='word_1_46' title='bbox 1212 451 1239 500; x_wconf 91' lang='grc' dir='ltr'>ει</span> <span class='ocrx_word' id='word_1_47' title='bbox 1256 445 1317 500; x_wconf 86' lang='grc' dir='ltr'>ειιιε</span> <span class='ocrx_word' id='word_1_48' title='bbox 1335 444 1420 515; x_wconf 89' lang='lat' dir='ltr'>ignea</span> <span class='ocrx_word' id='word_1_49' title='bbox 1446 443 1562 512; x_wconf 86' lang='lat' dir='ltr'>virtute,</span> <span class='ocrx_word' id='word_1_50' title='bbox 1578 459 1631 498; x_wconf 91' lang='lat' dir='ltr'>nec</span> <span class='ocrx_word' id='word_1_51' title='bbox 1643 443 1798 514; x_wconf 90' lang='lat' dir='ltr'>palpabilis</span> <span class='ocrx_word' id='word_1_52' title='bbox 1819 459 1897 498; x_wconf 90' lang='lat' dir='ltr'>com·</span> 
     </span>
     <span class='ocr_line' id='line_1_5' title="bbox 145 530 1896 610; baseline -0.007 -12"><span class='ocrx_word' id='word_1_53' title='bbox 145 543 235 598; x_wconf 91' lang='lat' dir='ltr'>bilem</span> <span class='ocrx_word' id='word_1_54' title='bbox 269 557 336 596; x_wconf 86' lang='lat' dir='ltr'>roro</span> <span class='ocrx_word' id='word_1_55' title='bbox 365 537 650 610; x_wconf 78' lang='lat' dir='ltr'>comprehensionem</span> <span class='ocrx_word' id='word_1_56' title='bbox 675 543 707 593; x_wconf 93' lang='lat' dir='ltr'>ut</span> <span class='ocrx_word' id='word_1_57' title='bbox 737 537 946 592; x_wconf 75' lang='lat' dir='ltr'>habitationem</span> <span class='ocrx_word' id='word_1_58' title='bbox 965 540 994 590; x_wconf 91' lang='grc' dir='ltr'>ει</span> <span class='ocrx_word' id='word_1_59' title='bbox 1048 533 1204 604; x_wconf 84' lang='lat' dir='ltr'>prehensio</span> <span class='ocrx_word' id='word_1_60' title='bbox 1229 533 1289 589; x_wconf 92' lang='lat' dir='ltr'>sine</span> <span class='ocrx_word' id='word_1_61' title='bbox 1311 532 1430 588; x_wconf 90' lang='lat' dir='ltr'>humida</span> <span class='ocrx_word' id='word_1_62' title='bbox 1454 533 1556 587; x_wconf 84' lang='lat' dir='ltr'>virtute</span> <span class='ocrx_word' id='word_1_63' title='bbox 1586 537 1615 587; x_wconf 90' lang='lat' dir='ltr'>et</span> <span class='ocrx_word' id='word_1_64' title='bbox 1639 531 1724 604; x_wconf 90' lang='lat' dir='ltr'>igneo</span> <span class='ocrx_word' id='word_1_65' title='bbox 1750 530 1896 586; x_wconf 89' lang='lat' dir='ltr'>rutilantis</span> 
     </span>
     <span class='ocr_line' id='line_1_6' title="bbox 147 618 1898 699; baseline -0.008 -13"><span class='ocrx_word' id='word_1_66' title='bbox 147 630 343 687; x_wconf 79' lang='lat' dir='ltr'>defensionem</span> <span class='ocrx_word' id='word_1_67' title='bbox 372 629 513 694; x_wconf 86' lang='lat' dir='ltr'>exhibeat,</span> <span class='ocrx_word' id='word_1_68' title='bbox 538 628 654 699; x_wconf 79' lang='lat' dir='ltr'>igneam</span> <span class='ocrx_word' id='word_1_69' title='bbox 680 633 775 681; x_wconf 91' lang='lat' dir='ltr'>autem</span> <span class='ocrx_word' id='word_1_70' title='bbox 801 625 938 680; x_wconf 84' lang='lat' dir='ltr'>virtutem</span> <span class='ocrx_word' id='word_1_71' title='bbox 964 632 995 676; x_wconf 92' lang='lat' dir='ltr'>ut</span> <span class='ocrx_word' id='word_1_72' title='bbox 1050 623 1125 694; x_wconf 85' lang='lat' dir='ltr'>ignis</span> <span class='ocrx_word' id='word_1_73' title='bbox 1140 623 1248 694; x_wconf 82' lang='lat' dir='ltr'>rigore,</span> <span class='ocrx_word' id='word_1_74' title='bbox 1263 637 1316 676; x_wconf 89' lang='lat' dir='ltr'>uec</span> <span class='ocrx_word' id='word_1_75' title='bbox 1338 619 1482 676; x_wconf 89' lang='lat' dir='ltr'>rutilantis</span> <span class='ocrx_word' id='word_1_76' title='bbox 1502 620 1578 691; x_wconf 89' lang='lat' dir='ltr'>ignis</span> <span class='ocrx_word' id='word_1_77' title='bbox 1599 621 1681 689; x_wconf 84' lang='lat' dir='ltr'>rigor</span> <span class='ocrx_word' id='word_1_78' title='bbox 1694 620 1756 675; x_wconf 90' lang='lat' dir='ltr'>sine</span> <span class='ocrx_word' id='word_1_79' title='bbox 1774 618 1898 674; x_wconf 92' lang='lat' dir='ltr'>humida</span> 
     </span>
     <span class='ocr_line' id='line_1_7' title="bbox 147 705 1898 784; baseline -0.009 -9"><span class='ocrx_word' id='word_1_80' title='bbox 147 719 332 775; x_wconf 72' lang='lat' dir='ltr'>confoveatur</span> <span class='ocrx_word' id='word_1_81' title='bbox 353 722 381 773; x_wconf 91' lang='lat' dir='ltr'>et</span> <span class='ocrx_word' id='word_1_82' title='bbox 401 717 594 772; x_wconf 83' lang='lat' dir='ltr'>consolidetur</span> <span class='ocrx_word' id='word_1_83' title='bbox 608 716 644 771; x_wconf 90' lang='lat' dir='ltr'>ad</span> <span class='ocrx_word' id='word_1_84' title='bbox 664 714 802 771; x_wconf 88' lang='lat' dir='ltr'>duritiam</span> <span class='ocrx_word' id='word_1_85' title='bbox 817 729 916 780; x_wconf 83' lang='lat' dir='ltr'>suam3</span> <span class='ocrx_word' id='word_1_86' title='bbox 932 713 996 784; x_wconf 87' lang='lat' dir='ltr'>ipsa</span> <span class='ocrx_word' id='word_1_87' title='bbox 1024 736 1026 740; x_wconf 95' lang='lat'>·</span> <span class='ocrx_word' id='word_1_88' title='bbox 1048 711 1154 765; x_wconf 82' lang='lat' dir='ltr'>virtuto</span> <span class='ocrx_word' id='word_1_89' title='bbox 1169 716 1198 766; x_wconf 89' lang='lat' dir='ltr'>et</span> <span class='ocrx_word' id='word_1_90' title='bbox 1209 709 1347 780; x_wconf 85' lang='lat' dir='ltr'>palpabili</span> <span class='ocrx_word' id='word_1_91' title='bbox 1359 707 1623 780; x_wconf 84' lang='lat' dir='ltr'>comprehensione,</span> <span class='ocrx_word' id='word_1_92' title='bbox 1641 712 1670 762; x_wconf 90' lang='grc' dir='ltr'>ει</span> <span class='ocrx_word' id='word_1_93' title='bbox 1681 711 1711 761; x_wconf 90' lang='grc' dir='ltr'>ιιι</span> <span class='ocrx_word' id='word_1_94' title='bbox 1727 708 1758 761; x_wconf 91' lang='lat' dir='ltr'>in</span> <span class='ocrx_word' id='word_1_95' title='bbox 1777 705 1898 761; x_wconf 89' lang='lat' dir='ltr'>llamma</span> 
     </span>
     <span class='ocr_line' id='line_1_8' title="bbox 148 795 1897 875; baseline -0.007 -13"><span class='ocrx_word' id='word_1_96' title='bbox 148 811 244 863; x_wconf 89' lang='lat' dir='ltr'>autern</span> <span class='ocrx_word' id='word_1_97' title='bbox 267 806 387 862; x_wconf 87' lang='lat' dir='ltr'>humida</span> <span class='ocrx_word' id='word_1_98' title='bbox 408 805 498 859; x_wconf 81' lang='lat' dir='ltr'>virtus</span> <span class='ocrx_word' id='word_1_99' title='bbox 523 804 666 875; x_wconf 85' lang='lat' dir='ltr'>siguificat</span> <span class='ocrx_word' id='word_1_100' title='bbox 689 805 818 869; x_wconf 88' lang='lat' dir='ltr'>Patrem;</span> <span class='ocrx_word' id='word_1_101' title='bbox 841 802 892 874; x_wconf 89' lang='lat' dir='ltr'>qui</span> <span class='ocrx_word' id='word_1_102' title='bbox 917 817 995 856; x_wconf 89' lang='lat' dir='ltr'>unu·</span> <span class='ocrx_word' id='word_1_103' title='bbox 1048 815 1107 854; x_wconf 90' lang='lat' dir='ltr'>non</span> <span class='ocrx_word' id='word_1_104' title='bbox 1126 804 1178 866; x_wconf 87' lang='lat' dir='ltr'>est,</span> <span class='ocrx_word' id='word_1_105' title='bbox 1194 815 1246 853; x_wconf 91' lang='lat' dir='ltr'>nec</span> <span class='ocrx_word' id='word_1_106' title='bbox 1261 803 1398 869; x_wconf 86' lang='lat' dir='ltr'>oporatur</span> <span class='ocrx_word' id='word_1_107' title='bbox 1420 796 1569 868; x_wconf 89' lang='lat' dir='ltr'>splendida</span> <span class='ocrx_word' id='word_1_108' title='bbox 1590 796 1703 851; x_wconf 81' lang='lat' dir='ltr'>claritas</span> <span class='ocrx_word' id='word_1_109' title='bbox 1726 795 1788 850; x_wconf 88' lang='lat' dir='ltr'>sino</span> <span class='ocrx_word' id='word_1_110' title='bbox 1808 795 1897 851; x_wconf 89' lang='lat' dir='ltr'>insito</span> 
     </span>
     <span class='ocr_line' id='line_1_9' title="bbox 147 884 1899 969; baseline -0.007 -18"><span class='ocrx_word' id='word_1_111' title='bbox 147 912 236 969; x_wconf 89' lang='lat' dir='ltr'>qaam</span> <span class='ocrx_word' id='word_1_112' title='bbox 251 895 354 950; x_wconf 86' lang='lat' dir='ltr'>arescit</span> <span class='ocrx_word' id='word_1_113' title='bbox 367 900 418 948; x_wconf 91' lang='lat' dir='ltr'>aut</span> <span class='ocrx_word' id='word_1_114' title='bbox 439 893 541 948; x_wconf 86' lang='lat' dir='ltr'>linitur</span> <span class='ocrx_word' id='word_1_115' title='bbox 565 892 596 947; x_wconf 91' lang='lat' dir='ltr'>in</span> <span class='ocrx_word' id='word_1_116' title='bbox 615 907 667 946; x_wconf 89' lang='lat' dir='ltr'>sua</span> <span class='ocrx_word' id='word_1_117' title='bbox 690 891 806 957; x_wconf 79' lang='grc' dir='ltr'>ιιιιιιιε,</span> <span class='ocrx_word' id='word_1_118' title='bbox 819 894 849 945; x_wconf 87' lang='grc' dir='ltr'>ει</span> <span class='ocrx_word' id='word_1_119' title='bbox 862 888 996 961; x_wconf 88' lang='lat' dir='ltr'>palpebi-</span> <span class='ocrx_word' id='word_1_120' title='bbox 1049 888 1145 959; x_wconf 85' lang='lat' dir='ltr'>vigore</span> <span class='ocrx_word' id='word_1_121' title='bbox 1171 893 1201 943; x_wconf 90' lang='lat' dir='ltr'>ot</span> <span class='ocrx_word' id='word_1_122' title='bbox 1231 886 1317 958; x_wconf 86' lang='lat' dir='ltr'>igneo</span> <span class='ocrx_word' id='word_1_123' title='bbox 1351 886 1464 953; x_wconf 89' lang='lat' dir='ltr'>ardore,</span> <span class='ocrx_word' id='word_1_124' title='bbox 1500 900 1553 940; x_wconf 92' lang='lat' dir='ltr'>nec</span> <span class='ocrx_word' id='word_1_125' title='bbox 1589 884 1692 939; x_wconf 87' lang='lat' dir='ltr'>insitus</span> <span class='ocrx_word' id='word_1_126' title='bbox 1721 885 1804 956; x_wconf 85' lang='lat' dir='ltr'>rigor</span> <span class='ocrx_word' id='word_1_127' title='bbox 1834 886 1899 940; x_wconf 90' lang='lat' dir='ltr'>sine</span> 
     </span>
     <span class='ocr_line' id='line_1_10' title="bbox 148 973 1900 1054; baseline -0.007 -15"><span class='ocrx_word' id='word_1_128' title='bbox 148 985 183 1039; x_wconf 92' lang='lat' dir='ltr'>lis</span> <span class='ocrx_word' id='word_1_129' title='bbox 207 981 429 1054; x_wconf 87' lang='lat' dir='ltr'>comprehensio</span> <span class='ocrx_word' id='word_1_130' title='bbox 462 979 593 1050; x_wconf 89' lang='lat' dir='ltr'>designat</span> <span class='ocrx_word' id='word_1_131' title='bbox 616 977 735 1033; x_wconf 78' lang='lat' dir='ltr'>Filium:</span> <span class='ocrx_word' id='word_1_132' title='bbox 771 976 821 1049; x_wconf 85' lang='lat' dir='ltr'>qui</span> <span class='ocrx_word' id='word_1_133' title='bbox 852 983 937 1032; x_wconf 83' lang='lat' dir='ltr'>natus</span> <span class='ocrx_word' id='word_1_134' title='bbox 960 991 997 1030; x_wconf 81' lang='lat' dir='ltr'>ex</span> <span class='ocrx_word' id='word_1_135' title='bbox 1050 976 1199 1048; x_wconf 88' lang='lat' dir='ltr'>splendida</span> <span class='ocrx_word' id='word_1_136' title='bbox 1221 976 1360 1032; x_wconf 88' lang='lat' dir='ltr'>charitate</span> <span class='ocrx_word' id='word_1_137' title='bbox 1375 981 1404 1031; x_wconf 91' lang='lat' dir='ltr'>et</span> <span class='ocrx_word' id='word_1_138' title='bbox 1421 975 1507 1046; x_wconf 91' lang='lat' dir='ltr'>igneo</span> <span class='ocrx_word' id='word_1_139' title='bbox 1522 975 1635 1041; x_wconf 88' lang='lat' dir='ltr'>ardore,</span> <span class='ocrx_word' id='word_1_140' title='bbox 1656 989 1708 1028; x_wconf 90' lang='lat' dir='ltr'>nec</span> <span class='ocrx_word' id='word_1_141' title='bbox 1729 973 1831 1044; x_wconf 89' lang='lat' dir='ltr'>igneus</span> <span class='ocrx_word' id='word_1_142' title='bbox 1855 989 1900 1027; x_wconf 92' lang='lat' dir='ltr'>ar-</span> 
     </span>
     <span class='ocr_line' id='line_1_11' title="bbox 148 1061 1900 1143; baseline -0.005 -17"><span class='ocrx_word' id='word_1_143' title='bbox 148 1071 260 1143; x_wconf 82' lang='lat' dir='ltr'>virgine</span> <span class='ocrx_word' id='word_1_144' title='bbox 282 1069 362 1140; x_wconf 87' lang='lat' dir='ltr'>tangi</span> <span class='ocrx_word' id='word_1_145' title='bbox 396 1073 424 1123; x_wconf 89' lang='lat' dir='ltr'>et</span> <span class='ocrx_word' id='word_1_146' title='bbox 454 1066 660 1140; x_wconf 88' lang='lat' dir='ltr'>comprehendi</span> <span class='ocrx_word' id='word_1_147' title='bbox 684 1065 789 1137; x_wconf 90' lang='lat' dir='ltr'>potuit,</span> <span class='ocrx_word' id='word_1_148' title='bbox 814 1072 844 1120; x_wconf 94' lang='lat' dir='ltr'>et</span> <span class='ocrx_word' id='word_1_149' title='bbox 862 1065 905 1120; x_wconf 82' lang='lat' dir='ltr'>ris</span> <span class='ocrx_word' id='word_1_150' title='bbox 925 1064 996 1119; x_wconf 91' lang='lat' dir='ltr'>ruti-</span> <span class='ocrx_word' id='word_1_151' title='bbox 1049 1066 1102 1121; x_wconf 91' lang='lat' dir='ltr'>dor</span> <span class='ocrx_word' id='word_1_152' title='bbox 1116 1066 1177 1122; x_wconf 90' lang='lat' dir='ltr'>sine</span> <span class='ocrx_word' id='word_1_153' title='bbox 1193 1065 1342 1137; x_wconf 86' lang='lat' dir='ltr'>splendida</span> <span class='ocrx_word' id='word_1_154' title='bbox 1361 1065 1490 1120; x_wconf 85' lang='lat' dir='ltr'>claritate</span> <span class='ocrx_word' id='word_1_155' title='bbox 1503 1067 1532 1118; x_wconf 89' lang='lat' dir='ltr'>et</span> <span class='ocrx_word' id='word_1_156' title='bbox 1545 1063 1632 1119; x_wconf 87' lang='lat' dir='ltr'>insito</span> <span class='ocrx_word' id='word_1_157' title='bbox 1648 1062 1757 1134; x_wconf 85' lang='lat' dir='ltr'>vigore,</span> <span class='ocrx_word' id='word_1_158' title='bbox 1782 1068 1810 1118; x_wconf 89' lang='lat' dir='ltr'>et</span> <span class='ocrx_word' id='word_1_159' title='bbox 1824 1061 1900 1118; x_wconf 90' lang='lat' dir='ltr'>sicut</span> 
     </span>
     <span class='ocr_line' id='line_1_12' title="bbox 149 1149 1900 1231; baseline -0.005 -16"><span class='ocrx_word' id='word_1_160' title='bbox 149 1160 235 1215; x_wconf 89' lang='lat' dir='ltr'>lautis</span> <span class='ocrx_word' id='word_1_161' title='bbox 258 1159 334 1231; x_wconf 89' lang='lat' dir='ltr'>ignis</span> <span class='ocrx_word' id='word_1_162' title='bbox 369 1156 512 1229; x_wconf 86' lang='lat' dir='ltr'>siguificat</span> <span class='ocrx_word' id='word_1_163' title='bbox 541 1156 681 1227; x_wconf 91' lang='lat' dir='ltr'>Spiritum</span> <span class='ocrx_word' id='word_1_164' title='bbox 707 1159 856 1220; x_wconf 72' lang='grc' dir='ltr'>εειιειιιιιιι</span> <span class='ocrx_word' id='word_1_165' title='bbox 881 1153 933 1225; x_wconf 90' lang='lat' dir='ltr'>qai</span> <span class='ocrx_word' id='word_1_166' title='bbox 953 1157 997 1208; x_wconf 91' lang='grc' dir='ltr'>εει</span> <span class='ocrx_word' id='word_1_167' title='bbox 1049 1155 1080 1225; x_wconf 84' lang='grc' dir='ltr'>ιιι</span> <span class='ocrx_word' id='word_1_168' title='bbox 1102 1155 1187 1210; x_wconf 86' lang='lat' dir='ltr'>verbo</span> <span class='ocrx_word' id='word_1_169' title='bbox 1212 1169 1271 1210; x_wconf 91' lang='lat' dir='ltr'>nou</span> <span class='ocrx_word' id='word_1_170' title='bbox 1296 1157 1339 1208; x_wconf 91' lang='lat' dir='ltr'>est</span> <span class='ocrx_word' id='word_1_171' title='bbox 1362 1168 1415 1208; x_wconf 93' lang='lat' dir='ltr'>nec</span> <span class='ocrx_word' id='word_1_172' title='bbox 1434 1156 1572 1224; x_wconf 88' lang='lat' dir='ltr'>oporatur</span> <span class='ocrx_word' id='word_1_173' title='bbox 1602 1167 1688 1206; x_wconf 88' lang='lat' dir='ltr'>sonus</span> <span class='ocrx_word' id='word_1_174' title='bbox 1712 1149 1774 1206; x_wconf 88' lang='grc' dir='ltr'>ειιιε</span> <span class='ocrx_word' id='word_1_175' title='bbox 1793 1151 1900 1206; x_wconf 83' lang='lat' dir='ltr'>virtute</span> 
     </span>
     <span class='ocr_line' id='line_1_13' title="bbox 149 1238 1900 1310; baseline -0.006 -6"><span class='ocrx_word' id='word_1_176' title='bbox 149 1263 285 1304; x_wconf 89' lang='lat' dir='ltr'>accensor</span> <span class='ocrx_word' id='word_1_177' title='bbox 296 1252 326 1302; x_wconf 93' lang='lat' dir='ltr'>ot</span> <span class='ocrx_word' id='word_1_178' title='bbox 347 1244 525 1300; x_wconf 90' lang='lat' dir='ltr'>illuminator</span> <span class='ocrx_word' id='word_1_179' title='bbox 543 1243 673 1299; x_wconf 89' lang='lat' dir='ltr'>cordium</span> <span class='ocrx_word' id='word_1_180' title='bbox 688 1242 818 1298; x_wconf 84' lang='lat' dir='ltr'>fidolium</span> <span class='ocrx_word' id='word_1_181' title='bbox 834 1241 994 1297; x_wconf 90' lang='lat' dir='ltr'>hominum.</span> <span class='ocrx_word' id='word_1_182' title='bbox 1050 1247 1080 1298; x_wconf 90' lang='lat' dir='ltr'>et</span> <span class='ocrx_word' id='word_1_183' title='bbox 1104 1241 1183 1310; x_wconf 90' lang='lat' dir='ltr'>ssatu,</span> <span class='ocrx_word' id='word_1_184' title='bbox 1215 1258 1267 1298; x_wconf 90' lang='lat' dir='ltr'>nec</span> <span class='ocrx_word' id='word_1_185' title='bbox 1298 1241 1388 1296; x_wconf 82' lang='lat' dir='ltr'>virtus</span> <span class='ocrx_word' id='word_1_186' title='bbox 1406 1241 1467 1296; x_wconf 87' lang='lat' dir='ltr'>siue</span> <span class='ocrx_word' id='word_1_187' title='bbox 1488 1255 1559 1294; x_wconf 86' lang='lat' dir='ltr'>sono</span> <span class='ocrx_word' id='word_1_188' title='bbox 1578 1243 1607 1295; x_wconf 92' lang='lat' dir='ltr'>ot</span> <span class='ocrx_word' id='word_1_189' title='bbox 1625 1238 1704 1304; x_wconf 89' lang='lat' dir='ltr'>llatu,</span> <span class='ocrx_word' id='word_1_190' title='bbox 1732 1255 1785 1294; x_wconf 83' lang='lat' dir='ltr'>uec</span> <span class='ocrx_word' id='word_1_191' title='bbox 1813 1238 1900 1294; x_wconf 91' lang='lat' dir='ltr'>llatus</span> 
     </span>
     <span class='ocr_line' id='line_1_14' title="bbox 149 1326 1901 1404; baseline -0.005 -13"><span class='ocrx_word' id='word_1_192' title='bbox 149 1334 222 1402; x_wconf 78' lang='lat' dir='ltr'>Quid</span> <span class='ocrx_word' id='word_1_193' title='bbox 249 1333 331 1390; x_wconf 76' lang='lat' dir='ltr'>hoc?</span> <span class='ocrx_word' id='word_1_194' title='bbox 352 1334 431 1390; x_wconf 91' lang='lat' dir='ltr'>Sicut</span> <span class='ocrx_word' id='word_1_195' title='bbox 453 1332 540 1388; x_wconf 92' lang='lat' dir='ltr'>homo</span> <span class='ocrx_word' id='word_1_196' title='bbox 554 1333 605 1404; x_wconf 87' lang='lat' dir='ltr'>qui</span> <span class='ocrx_word' id='word_1_197' title='bbox 619 1348 739 1402; x_wconf 88' lang='lat' dir='ltr'>corporo</span> <span class='ocrx_word' id='word_1_198' title='bbox 764 1347 816 1386; x_wconf 88' lang='lat' dir='ltr'>suo</span> <span class='ocrx_word' id='word_1_199' title='bbox 832 1332 997 1402; x_wconf 78' lang='lat' dir='ltr'>[requenter</span> <span class='ocrx_word' id='word_1_200' title='bbox 1051 1331 1112 1387; x_wconf 89' lang='lat' dir='ltr'>sine</span> <span class='ocrx_word' id='word_1_201' title='bbox 1143 1346 1212 1385; x_wconf 89' lang='lat' dir='ltr'>sono</span> <span class='ocrx_word' id='word_1_202' title='bbox 1248 1333 1277 1385; x_wconf 89' lang='lat' dir='ltr'>et</span> <span class='ocrx_word' id='word_1_203' title='bbox 1304 1330 1419 1398; x_wconf 86' lang='lat' dir='ltr'>virtute,</span> <span class='ocrx_word' id='word_1_204' title='bbox 1450 1329 1500 1384; x_wconf 89' lang='lat' dir='ltr'>sed</span> <span class='ocrx_word' id='word_1_205' title='bbox 1523 1326 1737 1383; x_wconf 84' lang='lat' dir='ltr'>indivisibiliter</span> <span class='ocrx_word' id='word_1_206' title='bbox 1757 1327 1788 1382; x_wconf 91' lang='lat' dir='ltr'>in</span> <span class='ocrx_word' id='word_1_207' title='bbox 1811 1342 1901 1399; x_wconf 85' lang='lat' dir='ltr'>opero</span> 
     </span>
     <span class='ocr_line' id='line_1_15' title="bbox 150 1415 1901 1490; baseline -0.005 -12"><span class='ocrx_word' id='word_1_208' title='bbox 150 1421 299 1478; x_wconf 90' lang='lat' dir='ltr'>humidam</span> <span class='ocrx_word' id='word_1_209' title='bbox 323 1421 457 1474; x_wconf 90' lang='lat' dir='ltr'>virtatem</span> <span class='ocrx_word' id='word_1_210' title='bbox 476 1419 579 1490; x_wconf 89' lang='lat' dir='ltr'>lapidis</span> <span class='ocrx_word' id='word_1_211' title='bbox 597 1419 725 1488; x_wconf 89' lang='lat' dir='ltr'>attrahit,</span> <span class='ocrx_word' id='word_1_212' title='bbox 740 1418 807 1474; x_wconf 91' lang='lat' dir='ltr'>inde</span> <span class='ocrx_word' id='word_1_213' title='bbox 822 1417 996 1473; x_wconf 85' lang='lat' dir='ltr'>infirmando</span> <span class='ocrx_word' id='word_1_214' title='bbox 1051 1436 1103 1474; x_wconf 89' lang='lat' dir='ltr'>suo</span> <span class='ocrx_word' id='word_1_215' title='bbox 1125 1419 1179 1474; x_wconf 88' lang='lat' dir='ltr'>sibi</span> <span class='ocrx_word' id='word_1_216' title='bbox 1203 1419 1343 1474; x_wconf 71' lang='lat' dir='ltr'>harentia</span> <span class='ocrx_word' id='word_1_217' title='bbox 1363 1422 1444 1486; x_wconf 89' lang='lat' dir='ltr'>sunt;</span> <span class='ocrx_word' id='word_1_218' title='bbox 1470 1417 1510 1472; x_wconf 90' lang='lat' dir='ltr'>ita</span> <span class='ocrx_word' id='word_1_219' title='bbox 1529 1416 1616 1471; x_wconf 89' lang='lat' dir='ltr'>etiam</span> <span class='ocrx_word' id='word_1_220' title='bbox 1633 1415 1677 1471; x_wconf 79' lang='lat' dir='ltr'>hae</span> <span class='ocrx_word' id='word_1_221' title='bbox 1697 1421 1755 1470; x_wconf 88' lang='lat' dir='ltr'>tres</span> <span class='ocrx_word' id='word_1_222' title='bbox 1769 1431 1901 1488; x_wconf 78' lang='lat' dir='ltr'>personas</span> 
     </span>
     <span class='ocr_line' id='line_1_16' title="bbox 150 1497 1901 1579; baseline -0.003 -13"><span class='ocrx_word' id='word_1_223' title='bbox 150 1510 334 1577; x_wconf 87' lang='lat' dir='ltr'>debilitatur;</span> <span class='ocrx_word' id='word_1_224' title='bbox 354 1507 394 1562; x_wconf 88' lang='lat' dir='ltr'>sic</span> <span class='ocrx_word' id='word_1_225' title='bbox 428 1513 456 1563; x_wconf 90' lang='lat' dir='ltr'>et</span> <span class='ocrx_word' id='word_1_226' title='bbox 488 1507 575 1561; x_wconf 91' lang='lat' dir='ltr'>horno</span> <span class='ocrx_word' id='word_1_227' title='bbox 610 1507 660 1578; x_wconf 88' lang='lat' dir='ltr'>qui</span> <span class='ocrx_word' id='word_1_228' title='bbox 694 1521 747 1577; x_wconf 83' lang='lat' dir='ltr'>per</span> <span class='ocrx_word' id='word_1_229' title='bbox 780 1505 996 1560; x_wconf 87' lang='lat' dir='ltr'>instabilitatem</span> <span class='ocrx_word' id='word_1_230' title='bbox 1051 1523 1183 1579; x_wconf 79' lang='lat' dir='ltr'>supernas</span> <span class='ocrx_word' id='word_1_231' title='bbox 1196 1505 1344 1562; x_wconf 83' lang='lat' dir='ltr'>Trinitatis</span> <span class='ocrx_word' id='word_1_232' title='bbox 1357 1507 1388 1561; x_wconf 94' lang='lat' dir='ltr'>in</span> <span class='ocrx_word' id='word_1_233' title='bbox 1413 1497 1560 1577; x_wconf 82' lang='lat' dir='ltr'>majestate</span> <span class='ocrx_word' id='word_1_234' title='bbox 1580 1505 1735 1560; x_wconf 81' lang='lat' dir='ltr'>divinitatis</span> <span class='ocrx_word' id='word_1_235' title='bbox 1751 1504 1901 1576; x_wconf 87' lang='lat' dir='ltr'>insepara-</span> 
     </span>
     <span class='ocr_line' id='line_1_17' title="bbox 149 1573 1901 1671; baseline -0.003 -17"><span class='ocrx_word' id='word_1_236' title='bbox 149 1599 359 1671; x_wconf 89' lang='lat' dir='ltr'>cogitationum</span> <span class='ocrx_word' id='word_1_237' title='bbox 381 1611 499 1652; x_wconf 89' lang='lat' dir='ltr'>suarum</span> <span class='ocrx_word' id='word_1_238' title='bbox 523 1599 631 1649; x_wconf 89' lang='lat' dir='ltr'>temero</span> <span class='ocrx_word' id='word_1_239' title='bbox 659 1596 720 1649; x_wconf 83' lang='lat' dir='ltr'>vult</span> <span class='ocrx_word' id='word_1_240' title='bbox 744 1594 855 1649; x_wconf 89' lang='lat' dir='ltr'>Patrem</span> <span class='ocrx_word' id='word_1_241' title='bbox 876 1593 995 1659; x_wconf 89' lang='lat' dir='ltr'>intueri,</span> <span class='ocrx_word' id='word_1_242' title='bbox 1016 1573 1146 1653; x_wconf 80' lang='lat' dir='ltr'>Bbiliter</span> <span class='ocrx_word' id='word_1_243' title='bbox 1161 1597 1257 1668; x_wconf 86' lang='lat' dir='ltr'>vigent</span> <span class='ocrx_word' id='word_1_244' title='bbox 1268 1612 1360 1667; x_wconf 90' lang='lat' dir='ltr'>neque</span> <span class='ocrx_word' id='word_1_245' title='bbox 1373 1611 1389 1650; x_wconf 89' lang='lat' dir='ltr'>a</span> <span class='ocrx_word' id='word_1_246' title='bbox 1402 1611 1432 1649; x_wconf 91' lang='grc' dir='ltr'>εε</span> <span class='ocrx_word' id='word_1_247' title='bbox 1446 1593 1621 1649; x_wconf 80' lang='lat' dir='ltr'>dividuntur.</span> <span class='ocrx_word' id='word_1_248' title='bbox 1639 1594 1685 1650; x_wconf 91' lang='lat' dir='ltr'>Sic</span> <span class='ocrx_word' id='word_1_249' title='bbox 1699 1595 1786 1649; x_wconf 86' lang='lat' dir='ltr'>Deum</span> <span class='ocrx_word' id='word_1_250' title='bbox 1806 1610 1901 1650; x_wconf 93' lang='lat' dir='ltr'>unum</span> 
     </span>
    </p>
   </div>
   <div class='ocr_carea' id='block_1_3' title="bbox 58 1682 1901 1760">
    <p class='ocr_par' dir='ltr' id='par_1_3' title="bbox 58 1682 1901 1760">
     <span class='ocr_line' id='line_1_18' title="bbox 58 1682 1901 1760; baseline -0.003 -18"><span class='ocrx_word' id='word_1_251' title='bbox 58 1693 68 1704; x_wconf 92' lang='lat'><strong><em>‘</em></strong></span> <span class='ocrx_word' id='word_1_252' title='bbox 149 1688 225 1760; x_wconf 89' lang='lat' dir='ltr'>perit</span> <span class='ocrx_word' id='word_1_253' title='bbox 250 1688 281 1741; x_wconf 90' lang='lat' dir='ltr'>in</span> <span class='ocrx_word' id='word_1_254' title='bbox 305 1685 370 1751; x_wconf 85' lang='lat' dir='ltr'>lide,</span> <span class='ocrx_word' id='word_1_255' title='bbox 395 1691 424 1738; x_wconf 92' lang='grc' dir='ltr'>ει</span> <span class='ocrx_word' id='word_1_256' title='bbox 450 1685 482 1738; x_wconf 91' lang='lat' dir='ltr'>in</span> <span class='ocrx_word' id='word_1_257' title='bbox 509 1683 647 1754; x_wconf 88' lang='lat' dir='ltr'>palpabili</span> <span class='ocrx_word' id='word_1_258' title='bbox 675 1682 931 1754; x_wconf 87' lang='lat' dir='ltr'>comprehensione</span> <span class='ocrx_word' id='word_1_259' title='bbox 955 1682 996 1735; x_wconf 93' lang='lat' dir='ltr'>la·</span> <span class='ocrx_word' id='word_1_260' title='bbox 1050 1687 1080 1741; x_wconf 84' lang='lat' dir='ltr'>in</span> <span class='ocrx_word' id='word_1_261' title='bbox 1109 1685 1199 1740; x_wconf 89' lang='lat' dir='ltr'>tribus</span> <span class='ocrx_word' id='word_1_262' title='bbox 1223 1685 1366 1756; x_wconf 89' lang='lat' dir='ltr'>personis,</span> <span class='ocrx_word' id='word_1_263' title='bbox 1395 1700 1412 1739; x_wconf 93' lang='lat' dir='ltr'>o</span> <span class='ocrx_word' id='word_1_264' title='bbox 1439 1684 1533 1747; x_wconf 93' lang='lat' dir='ltr'>homo,</span> <span class='ocrx_word' id='word_1_265' title='bbox 1565 1683 1704 1756; x_wconf 79' lang='lat' dir='ltr'>intellige.</span> <span class='ocrx_word' id='word_1_266' title='bbox 1734 1683 1788 1739; x_wconf 90' lang='lat' dir='ltr'>Sed</span> <span class='ocrx_word' id='word_1_267' title='bbox 1814 1688 1844 1738; x_wconf 91' lang='lat' dir='ltr'>tu</span> <span class='ocrx_word' id='word_1_268' title='bbox 1869 1684 1901 1737; x_wconf 94' lang='lat' dir='ltr'>in</span> 
     </span>
    </p>
   </div>
   <div class='ocr_carea' id='block_1_4' title="bbox 95 1771 1982 5467">
    <p class='ocr_par' dir='ltr' id='par_1_4' title="bbox 95 1771 1982 5467">
     <span class='ocr_line' id='line_1_19' title="bbox 149 1771 1902 1848; baseline -0.001 -19"><span class='ocrx_word' id='word_1_269' title='bbox 149 1776 226 1848; x_wconf 82' lang='lat' dir='ltr'>pidia</span> <span class='ocrx_word' id='word_1_270' title='bbox 248 1774 357 1830; x_wconf 80' lang='lat' dir='ltr'>iaciunt</span> <span class='ocrx_word' id='word_1_271' title='bbox 385 1772 517 1828; x_wconf 88' lang='lat' dir='ltr'>homines</span> <span class='ocrx_word' id='word_1_272' title='bbox 547 1771 756 1826; x_wconf 88' lang='lat' dir='ltr'>habitationem</span> <span class='ocrx_word' id='word_1_273' title='bbox 777 1787 858 1825; x_wconf 89' lang='lat' dir='ltr'>snam</span> <span class='ocrx_word' id='word_1_274' title='bbox 886 1787 915 1824; x_wconf 86' lang='lat' dir='ltr'>se</span> <span class='ocrx_word' id='word_1_275' title='bbox 946 1786 1000 1841; x_wconf 92' lang='lat' dir='ltr'>per</span> <span class='ocrx_word' id='word_1_276' title='bbox 1051 1774 1172 1829; x_wconf 88' lang='lat' dir='ltr'>stultitia</span> <span class='ocrx_word' id='word_1_277' title='bbox 1196 1773 1301 1829; x_wconf 90' lang='lat' dir='ltr'>mentis</span> <span class='ocrx_word' id='word_1_278' title='bbox 1323 1779 1380 1828; x_wconf 86' lang='lat' dir='ltr'>luae</span> <span class='ocrx_word' id='word_1_279' title='bbox 1400 1779 1485 1844; x_wconf 86' lang='lat' dir='ltr'>putas</span> <span class='ocrx_word' id='word_1_280' title='bbox 1511 1773 1599 1827; x_wconf 87' lang='lat' dir='ltr'>Deum</span> <span class='ocrx_word' id='word_1_281' title='bbox 1628 1779 1687 1827; x_wconf 89' lang='lat' dir='ltr'>tam</span> <span class='ocrx_word' id='word_1_282' title='bbox 1709 1771 1902 1844; x_wconf 88' lang='lat' dir='ltr'>impotentem</span> 
     </span>
     <span class='ocr_line' id='line_1_20' title="bbox 150 1858 1903 1933; baseline -0.001 -14"><span class='ocrx_word' id='word_1_283' title='bbox 150 1865 265 1920; x_wconf 86' lang='lat' dir='ltr'>camah</span> <span class='ocrx_word' id='word_1_284' title='bbox 294 1863 424 1918; x_wconf 86' lang='lat' dir='ltr'>hostibus</span> <span class='ocrx_word' id='word_1_285' title='bbox 440 1860 643 1926; x_wconf 61' lang='lat' dir='ltr'>defendentem</span> <span class='ocrx_word' id='word_1_286' title='bbox 660 1860 700 1914; x_wconf 89' lang='lat' dir='ltr'>ita</span> <span class='ocrx_word' id='word_1_287' title='bbox 724 1866 752 1914; x_wconf 92' lang='lat' dir='ltr'>et</span> <span class='ocrx_word' id='word_1_288' title='bbox 776 1860 863 1915; x_wconf 82' lang='lat' dir='ltr'>Filius</span> <span class='ocrx_word' id='word_1_289' title='bbox 883 1859 933 1912; x_wconf 82' lang='lat' dir='ltr'>liei</span> <span class='ocrx_word' id='word_1_290' title='bbox 948 1858 998 1930; x_wconf 87' lang='lat' dir='ltr'>qui</span> <span class='ocrx_word' id='word_1_291' title='bbox 1052 1878 1112 1918; x_wconf 85' lang='lat' dir='ltr'>esse</span> <span class='ocrx_word' id='word_1_292' title='bbox 1136 1865 1168 1917; x_wconf 91' lang='grc' dir='ltr'>ιιι</span> <span class='ocrx_word' id='word_1_293' title='bbox 1197 1877 1255 1916; x_wconf 90' lang='lat' dir='ltr'>non</span> <span class='ocrx_word' id='word_1_294' title='bbox 1278 1862 1315 1916; x_wconf 87' lang='lat' dir='ltr'>sit</span> <span class='ocrx_word' id='word_1_295' title='bbox 1333 1861 1360 1916; x_wconf 91' lang='lat' dir='ltr'>el</span> <span class='ocrx_word' id='word_1_296' title='bbox 1386 1861 1520 1933; x_wconf 88' lang='lat' dir='ltr'>possibile</span> <span class='ocrx_word' id='word_1_297' title='bbox 1534 1861 1565 1915; x_wconf 92' lang='lat' dir='ltr'>in</span> <span class='ocrx_word' id='word_1_298' title='bbox 1577 1861 1670 1916; x_wconf 89' lang='lat' dir='ltr'>trihus</span> <span class='ocrx_word' id='word_1_299' title='bbox 1685 1860 1815 1933; x_wconf 87' lang='lat' dir='ltr'>personis</span> <span class='ocrx_word' id='word_1_300' title='bbox 1834 1877 1903 1917; x_wconf 86' lang='lat' dir='ltr'>roro</span> 
     </span>
     <span class='ocr_line' id='line_1_21' title="bbox 151 1946 1903 2022; baseline -0.002 -14"><span class='ocrx_word' id='word_1_301' title='bbox 151 1951 378 2022; x_wconf 78' lang='lat' dir='ltr'>estverustapis</span> <span class='ocrx_word' id='word_1_302' title='bbox 394 1946 866 2021; x_wconf 86' lang='lat' dir='ltr'>angularis,habitatioestlldelis</span> <span class='ocrx_word' id='word_1_303' title='bbox 883 1946 997 2019; x_wconf 93' lang='lat' dir='ltr'>populi,</span> <span class='ocrx_word' id='word_1_304' title='bbox 1051 1950 1215 2017; x_wconf 85' lang='lat' dir='ltr'>subsistere,</span> <span class='ocrx_word' id='word_1_305' title='bbox 1253 1949 1302 2005; x_wconf 88' lang='lat' dir='ltr'>sed</span> <span class='ocrx_word' id='word_1_306' title='bbox 1332 1956 1447 2005; x_wconf 89' lang='lat' dir='ltr'>tautum</span> <span class='ocrx_word' id='word_1_307' title='bbox 1475 1949 1505 2004; x_wconf 92' lang='lat' dir='ltr'>in</span> <span class='ocrx_word' id='word_1_308' title='bbox 1539 1964 1597 2004; x_wconf 90' lang='lat' dir='ltr'>nna</span> <span class='ocrx_word' id='word_1_309' title='bbox 1617 1963 1701 2021; x_wconf 85' lang='lat' dir='ltr'>posse</span> <span class='ocrx_word' id='word_1_310' title='bbox 1724 1950 1903 2004; x_wconf 86' lang='lat' dir='ltr'>consistere:</span> 
     </span>
     <span class='ocr_line' id='line_1_22' title="bbox 151 2035 1900 2112; baseline -0.001 -15"><span class='ocrx_word' id='word_1_311' title='bbox 151 2057 217 2098; x_wconf 89' lang='lat' dir='ltr'>eum</span> <span class='ocrx_word' id='word_1_312' title='bbox 242 2057 259 2094; x_wconf 92' lang='lat' dir='ltr'>a</span> <span class='ocrx_word' id='word_1_313' title='bbox 284 2039 417 2112; x_wconf 87' lang='lat' dir='ltr'>malignis</span> <span class='ocrx_word' id='word_1_314' title='bbox 447 2037 596 2108; x_wconf 89' lang='lat' dir='ltr'>spiritibus</span> <span class='ocrx_word' id='word_1_315' title='bbox 618 2043 779 2108; x_wconf 88' lang='lat' dir='ltr'>protegens.</span> <span class='ocrx_word' id='word_1_316' title='bbox 801 2036 854 2092; x_wconf 89' lang='lat' dir='ltr'>Sed</span> <span class='ocrx_word' id='word_1_317' title='bbox 878 2041 908 2090; x_wconf 89' lang='lat' dir='ltr'>et</span> <span class='ocrx_word' id='word_1_318' title='bbox 926 2035 1000 2090; x_wconf 89' lang='lat' dir='ltr'>sicut</span> <span class='ocrx_word' id='word_1_319' title='bbox 1052 2056 1116 2095; x_wconf 81' lang='lat' dir='ltr'>curn</span> <span class='ocrx_word' id='word_1_320' title='bbox 1146 2054 1239 2110; x_wconf 89' lang='lat' dir='ltr'>neque</span> <span class='ocrx_word' id='word_1_321' title='bbox 1267 2052 1365 2093; x_wconf 84' lang='lat' dir='ltr'>rocem</span> <span class='ocrx_word' id='word_1_322' title='bbox 1394 2037 1490 2092; x_wconf 86' lang='lat' dir='ltr'>videas</span> <span class='ocrx_word' id='word_1_323' title='bbox 1520 2035 1582 2092; x_wconf 91' lang='lat' dir='ltr'>sine</span> <span class='ocrx_word' id='word_1_324' title='bbox 1609 2037 1701 2092; x_wconf 88' lang='lat' dir='ltr'>trihus</span> <span class='ocrx_word' id='word_1_325' title='bbox 1730 2038 1900 2096; x_wconf 86' lang='lat' dir='ltr'>consistere.</span> 
     </span>
     <span class='ocr_line' id='line_1_23' title="bbox 151 2124 1904 2199; baseline -0.003 -14"><span class='ocrx_word' id='word_1_326' title='bbox 151 2130 272 2185; x_wconf 86' lang='lat' dir='ltr'>rutilans</span> <span class='ocrx_word' id='word_1_327' title='bbox 297 2128 372 2199; x_wconf 88' lang='lat' dir='ltr'>ignis</span> <span class='ocrx_word' id='word_1_328' title='bbox 403 2127 547 2181; x_wconf 90' lang='lat' dir='ltr'>illuminat</span> <span class='ocrx_word' id='word_1_329' title='bbox 580 2125 742 2191; x_wconf 88' lang='lat' dir='ltr'>tenebrosa,</span> <span class='ocrx_word' id='word_1_330' title='bbox 768 2125 941 2179; x_wconf 88' lang='lat' dir='ltr'>comburens</span> <span class='ocrx_word' id='word_1_331' title='bbox 966 2138 1000 2177; x_wconf 90' lang='lat' dir='ltr'>ea</span> <span class='ocrx_word' id='word_1_332' title='bbox 1052 2126 1125 2194; x_wconf 82' lang='lat' dir='ltr'>Quid</span> <span class='ocrx_word' id='word_1_333' title='bbox 1141 2125 1214 2181; x_wconf 80' lang='lat' dir='ltr'>hoc?</span> <span class='ocrx_word' id='word_1_334' title='bbox 1239 2127 1313 2180; x_wconf 86' lang='lat' dir='ltr'>Dens</span> <span class='ocrx_word' id='word_1_335' title='bbox 1342 2131 1418 2180; x_wconf 90' lang='lat' dir='ltr'>certo</span> <span class='ocrx_word' id='word_1_336' title='bbox 1446 2124 1533 2181; x_wconf 88' lang='lat' dir='ltr'>estin</span> <span class='ocrx_word' id='word_1_337' title='bbox 1557 2125 1648 2182; x_wconf 89' lang='lat' dir='ltr'>tribus</span> <span class='ocrx_word' id='word_1_338' title='bbox 1665 2127 1796 2196; x_wconf 88' lang='lat' dir='ltr'>personis</span> <span class='ocrx_word' id='word_1_339' title='bbox 1817 2142 1904 2181; x_wconf 85' lang='lat' dir='ltr'>verus</span> 
     </span>
     <span class='ocr_line' id='line_1_24' title="bbox 150 2211 1624 2289; baseline -0.006 -17"><span class='ocrx_word' id='word_1_340' title='bbox 150 2233 237 2289; x_wconf 88' lang='lat' dir='ltr'>super</span> <span class='ocrx_word' id='word_1_341' title='bbox 251 2232 316 2289; x_wconf 78' lang='lat' dir='ltr'>qum</span> <span class='ocrx_word' id='word_1_342' title='bbox 337 2214 515 2281; x_wconf 88' lang='lat' dir='ltr'>incubuerit;</span> <span class='ocrx_word' id='word_1_343' title='bbox 531 2214 571 2268; x_wconf 89' lang='lat' dir='ltr'>sic</span> <span class='ocrx_word' id='word_1_344' title='bbox 585 2218 613 2267; x_wconf 90' lang='grc' dir='ltr'>ει</span> <span class='ocrx_word' id='word_1_345' title='bbox 632 2212 754 2284; x_wconf 88' lang='lat' dir='ltr'>Spiritus</span> <span class='ocrx_word' id='word_1_346' title='bbox 780 2217 895 2267; x_wconf 87' lang='lat' dir='ltr'>sanctus</span> <span class='ocrx_word' id='word_1_347' title='bbox 919 2211 1000 2282; x_wconf 86' lang='lat' dir='ltr'>lugat</span> <span class='ocrx_word' id='word_1_348' title='bbox 1053 2219 1081 2270; x_wconf 80' lang='lat' dir='ltr'>et</span> <span class='ocrx_word' id='word_1_349' title='bbox 1096 2231 1170 2270; x_wconf 82' lang='lat' dir='ltr'>nnus</span> <span class='ocrx_word' id='word_1_350' title='bbox 1186 2215 1260 2269; x_wconf 84' lang='lat' dir='ltr'>Deus</span> <span class='ocrx_word' id='word_1_351' title='bbox 1274 2213 1386 2285; x_wconf 83' lang='lat' dir='ltr'>primus</span> <span class='ocrx_word' id='word_1_352' title='bbox 1401 2217 1428 2269; x_wconf 81' lang='grc' dir='ltr'>ει</span> <span class='ocrx_word' id='word_1_353' title='bbox 1442 2213 1624 2268; x_wconf 85' lang='lat' dir='ltr'>novissimus.</span> 
     </span>
     <span class='ocr_line' id='line_1_25' title="bbox 150 2299 1902 2371; baseline -0.001 -11"><span class='ocrx_word' id='word_1_354' title='bbox 150 2304 361 2370; x_wconf 82' lang='lat' dir='ltr'>infidelitatem,</span> <span class='ocrx_word' id='word_1_355' title='bbox 382 2302 515 2357; x_wconf 84' lang='lat' dir='ltr'>auferens</span> <span class='ocrx_word' id='word_1_356' title='bbox 539 2316 655 2356; x_wconf 87' lang='lat' dir='ltr'>omnem</span> <span class='ocrx_word' id='word_1_357' title='bbox 679 2299 841 2370; x_wconf 76' lang='lat' dir='ltr'>rubiginem</span> <span class='ocrx_word' id='word_1_358' title='bbox 861 2299 999 2370; x_wconf 91' lang='lat' dir='ltr'>iniquita·</span> <span class='ocrx_word' id='word_1_359' title='bbox 1087 2304 1141 2360; x_wconf 79' lang='lat' dir='ltr'>Sed</span> <span class='ocrx_word' id='word_1_360' title='bbox 1157 2305 1240 2360; x_wconf 82' lang='lat' dir='ltr'>Pater</span> <span class='ocrx_word' id='word_1_361' title='bbox 1256 2319 1312 2358; x_wconf 90' lang='lat' dir='ltr'>non</span> <span class='ocrx_word' id='word_1_362' title='bbox 1330 2307 1372 2357; x_wconf 89' lang='lat' dir='ltr'>est</span> <span class='ocrx_word' id='word_1_363' title='bbox 1394 2302 1456 2357; x_wconf 88' lang='lat' dir='ltr'>sine</span> <span class='ocrx_word' id='word_1_364' title='bbox 1482 2302 1565 2371; x_wconf 81' lang='lat' dir='ltr'>Filio,</span> <span class='ocrx_word' id='word_1_365' title='bbox 1587 2318 1640 2357; x_wconf 90' lang='lat' dir='ltr'>nec</span> <span class='ocrx_word' id='word_1_366' title='bbox 1656 2301 1743 2357; x_wconf 82' lang='lat' dir='ltr'>Filius</span> <span class='ocrx_word' id='word_1_367' title='bbox 1771 2302 1832 2358; x_wconf 88' lang='lat' dir='ltr'>sine</span> <span class='ocrx_word' id='word_1_368' title='bbox 1846 2304 1902 2358; x_wconf 86' lang='lat' dir='ltr'>Pn-</span> 
     </span>
     <span class='ocr_line' id='line_1_26' title="bbox 151 2388 1982 2464; baseline -0.001 -15"><span class='ocrx_word' id='word_1_369' title='bbox 151 2394 197 2449; x_wconf 90' lang='lat' dir='ltr'>tis.</span> <span class='ocrx_word' id='word_1_370' title='bbox 224 2394 257 2448; x_wconf 80' lang='lat' dir='ltr'>lit</span> <span class='ocrx_word' id='word_1_371' title='bbox 269 2408 327 2464; x_wconf 89' lang='lat' dir='ltr'>quo</span> <span class='ocrx_word' id='word_1_372' title='bbox 349 2391 434 2446; x_wconf 88' lang='lat' dir='ltr'>modo</span> <span class='ocrx_word' id='word_1_373' title='bbox 455 2391 500 2445; x_wconf 80' lang='lat' dir='ltr'>hoe</span> <span class='ocrx_word' id='word_1_374' title='bbox 516 2394 573 2444; x_wconf 82' lang='lat' dir='ltr'>tros</span> <span class='ocrx_word' id='word_1_375' title='bbox 589 2390 664 2443; x_wconf 74' lang='lat' dir='ltr'>vires</span> <span class='ocrx_word' id='word_1_376' title='bbox 678 2394 746 2445; x_wconf 75' lang='lat' dir='ltr'>sunt</span> <span class='ocrx_word' id='word_1_377' title='bbox 763 2388 794 2443; x_wconf 86' lang='lat' dir='ltr'>in</span> <span class='ocrx_word' id='word_1_378' title='bbox 815 2404 872 2443; x_wconf 86' lang='lat' dir='ltr'>uno</span> <span class='ocrx_word' id='word_1_379' title='bbox 893 2388 998 2458; x_wconf 70' lang='lat' dir='ltr'>lapide,</span> <span class='ocrx_word' id='word_1_380' title='bbox 1054 2398 1108 2460; x_wconf 92' lang='lat' dir='ltr'>tre,</span> <span class='ocrx_word' id='word_1_381' title='bbox 1136 2409 1189 2448; x_wconf 86' lang='lat' dir='ltr'>nec</span> <span class='ocrx_word' id='word_1_382' title='bbox 1211 2393 1294 2448; x_wconf 88' lang='lat' dir='ltr'>Pater</span> <span class='ocrx_word' id='word_1_383' title='bbox 1317 2407 1369 2446; x_wconf 86' lang='lat' dir='ltr'>noc</span> <span class='ocrx_word' id='word_1_384' title='bbox 1392 2389 1479 2446; x_wconf 83' lang='lat' dir='ltr'>Filius</span> <span class='ocrx_word' id='word_1_385' title='bbox 1508 2391 1568 2447; x_wconf 91' lang='lat' dir='ltr'>siue</span> <span class='ocrx_word' id='word_1_386' title='bbox 1593 2390 1702 2463; x_wconf 84' lang='lat' dir='ltr'>Spiritu</span> <span class='ocrx_word' id='word_1_387' title='bbox 1717 2396 1826 2458; x_wconf 88' lang='lat' dir='ltr'>sancto,</span> <span class='ocrx_word' id='word_1_388' title='bbox 1847 2409 1903 2448; x_wconf 87' lang='lat' dir='ltr'>nec</span> <span class='ocrx_word' id='word_1_389' title='bbox 1981 2427 1982 2432; x_wconf 23' lang='grc' dir='ltr'><strong><em>κ</em></strong></span> 
     </span>
     <span class='ocr_line' id='line_1_27' title="bbox 151 2477 1902 2553; baseline -0.002 -16"><span class='ocrx_word' id='word_1_390' title='bbox 151 2481 192 2537; x_wconf 90' lang='lat' dir='ltr'>ita</span> <span class='ocrx_word' id='word_1_391' title='bbox 204 2487 233 2535; x_wconf 92' lang='grc' dir='ltr'>ει</span> <span class='ocrx_word' id='word_1_392' title='bbox 246 2496 314 2535; x_wconf 84' lang='lat' dir='ltr'>reru</span> <span class='ocrx_word' id='word_1_393' title='bbox 327 2480 441 2534; x_wconf 88' lang='lat' dir='ltr'>trinitas</span> <span class='ocrx_word' id='word_1_394' title='bbox 454 2484 497 2533; x_wconf 90' lang='lat' dir='ltr'>est</span> <span class='ocrx_word' id='word_1_395' title='bbox 511 2479 541 2533; x_wconf 90' lang='lat' dir='ltr'>in</span> <span class='ocrx_word' id='word_1_396' title='bbox 556 2493 612 2530; x_wconf 91' lang='lat' dir='ltr'>una</span> <span class='ocrx_word' id='word_1_397' title='bbox 628 2477 743 2535; x_wconf 83' lang='lat' dir='ltr'>deitate.</span> <span class='ocrx_word' id='word_1_398' title='bbox 1053 2481 1175 2553; x_wconf 83' lang='lat' dir='ltr'>Spiritus</span> <span class='ocrx_word' id='word_1_399' title='bbox 1194 2484 1308 2534; x_wconf 87' lang='lat' dir='ltr'>sanctus</span> <span class='ocrx_word' id='word_1_400' title='bbox 1331 2478 1393 2534; x_wconf 89' lang='lat' dir='ltr'>sine</span> <span class='ocrx_word' id='word_1_401' title='bbox 1416 2479 1502 2551; x_wconf 87' lang='lat' dir='ltr'>ipsis;</span> <span class='ocrx_word' id='word_1_402' title='bbox 1526 2479 1663 2550; x_wconf 89' lang='lat' dir='ltr'>quoniam</span> <span class='ocrx_word' id='word_1_403' title='bbox 1685 2477 1729 2535; x_wconf 88' lang='lat' dir='ltr'>hae</span> <span class='ocrx_word' id='word_1_404' title='bbox 1757 2485 1814 2536; x_wconf 89' lang='lat' dir='ltr'>tres</span> <span class='ocrx_word' id='word_1_405' title='bbox 1835 2497 1902 2552; x_wconf 89' lang='lat' dir='ltr'>per·</span> 
     </span>
     <span class='ocr_line' id='line_1_28' title="bbox 188 2563 1904 2638; baseline -0.001 -13"><span class='ocrx_word' id='word_1_406' title='bbox 188 2571 260 2625; x_wconf 89' lang='lat' dir='ltr'>ltem</span> <span class='ocrx_word' id='word_1_407' title='bbox 286 2568 357 2623; x_wconf 88' lang='lat' dir='ltr'>sicut</span> <span class='ocrx_word' id='word_1_408' title='bbox 377 2566 494 2622; x_wconf 88' lang='lat' dir='ltr'>llamma</span> <span class='ocrx_word' id='word_1_409' title='bbox 524 2566 555 2621; x_wconf 91' lang='lat' dir='ltr'>in</span> <span class='ocrx_word' id='word_1_410' title='bbox 579 2581 637 2620; x_wconf 92' lang='lat' dir='ltr'>uno</span> <span class='ocrx_word' id='word_1_411' title='bbox 662 2565 728 2636; x_wconf 90' lang='lat' dir='ltr'>igno</span> <span class='ocrx_word' id='word_1_412' title='bbox 743 2563 886 2620; x_wconf 86' lang='lat' dir='ltr'>tresviros</span> <span class='ocrx_word' id='word_1_413' title='bbox 904 2564 998 2628; x_wconf 85' lang='lat' dir='ltr'>babet,</span> <span class='ocrx_word' id='word_1_414' title='bbox 1054 2584 1134 2624; x_wconf 77' lang='lat' dir='ltr'>sone</span> <span class='ocrx_word' id='word_1_415' title='bbox 1152 2567 1356 2638; x_wconf 87' lang='lat' dir='ltr'>inseparabiles</span> <span class='ocrx_word' id='word_1_416' title='bbox 1370 2567 1401 2622; x_wconf 92' lang='lat' dir='ltr'>ln</span> <span class='ocrx_word' id='word_1_417' title='bbox 1425 2567 1534 2622; x_wconf 89' lang='lat' dir='ltr'>unitate</span> <span class='ocrx_word' id='word_1_418' title='bbox 1548 2567 1706 2624; x_wconf 86' lang='lat' dir='ltr'>divinitatis</span> <span class='ocrx_word' id='word_1_419' title='bbox 1729 2575 1806 2624; x_wconf 89' lang='lat' dir='ltr'>sunt.</span> <span class='ocrx_word' id='word_1_420' title='bbox 1829 2569 1904 2634; x_wconf 83' lang='lat' dir='ltr'>Quo-</span> 
     </span>
     <span class='ocr_line' id='line_1_29' title="bbox 153 2651 1903 2726; baseline -0.001 -14"><span class='ocrx_word' id='word_1_421' title='bbox 153 2656 193 2713; x_wconf 87' lang='lat' dir='ltr'>sic</span> <span class='ocrx_word' id='word_1_422' title='bbox 215 2662 243 2712; x_wconf 90' lang='lat' dir='ltr'>ot</span> <span class='ocrx_word' id='word_1_423' title='bbox 262 2672 337 2712; x_wconf 81' lang='lat' dir='ltr'>rinus</span> <span class='ocrx_word' id='word_1_424' title='bbox 367 2657 441 2710; x_wconf 85' lang='lat' dir='ltr'>Deus</span> <span class='ocrx_word' id='word_1_425' title='bbox 457 2655 488 2709; x_wconf 91' lang='lat' dir='ltr'>iu</span> <span class='ocrx_word' id='word_1_426' title='bbox 501 2653 592 2708; x_wconf 89' lang='lat' dir='ltr'>tribus</span> <span class='ocrx_word' id='word_1_427' title='bbox 615 2653 746 2726; x_wconf 90' lang='lat' dir='ltr'>personis</span> <span class='ocrx_word' id='word_1_428' title='bbox 763 2658 813 2708; x_wconf 90' lang='lat' dir='ltr'>est.</span> <span class='ocrx_word' id='word_1_429' title='bbox 836 2651 1001 2718; x_wconf 72' lang='lat' dir='ltr'>Quomodo?</span> <span class='ocrx_word' id='word_1_430' title='bbox 1055 2657 1141 2713; x_wconf 91' lang='lat' dir='ltr'>modo</span> <span class='ocrx_word' id='word_1_431' title='bbox 1160 2657 1279 2712; x_wconf 86' lang='lat' dir='ltr'>verbnm</span> <span class='ocrx_word' id='word_1_432' title='bbox 1303 2660 1418 2711; x_wconf 89' lang='lat' dir='ltr'>resonat</span> <span class='ocrx_word' id='word_1_433' title='bbox 1440 2672 1475 2711; x_wconf 87' lang='lat' dir='ltr'>ox</span> <span class='ocrx_word' id='word_1_434' title='bbox 1489 2671 1539 2710; x_wconf 90' lang='lat' dir='ltr'>ore</span> <span class='ocrx_word' id='word_1_435' title='bbox 1559 2655 1703 2725; x_wconf 87' lang='lat' dir='ltr'>homiuis;</span> <span class='ocrx_word' id='word_1_436' title='bbox 1726 2656 1776 2711; x_wconf 90' lang='lat' dir='ltr'>sed</span> <span class='ocrx_word' id='word_1_437' title='bbox 1795 2673 1853 2712; x_wconf 92' lang='lat' dir='ltr'>non</span> <span class='ocrx_word' id='word_1_438' title='bbox 1869 2673 1903 2712; x_wconf 90' lang='lat' dir='ltr'>os</span> 
     </span>
     <span class='ocr_line' id='line_1_30' title="bbox 154 2740 1905 2814; baseline -0.001 -12"><span class='ocrx_word' id='word_1_439' title='bbox 154 2747 313 2803; x_wconf 81' lang='lat' dir='ltr'>Flammam</span> <span class='ocrx_word' id='word_1_440' title='bbox 328 2744 406 2800; x_wconf 87' lang='lat' dir='ltr'>onim</span> <span class='ocrx_word' id='word_1_441' title='bbox 432 2743 635 2814; x_wconf 84' lang='lat' dir='ltr'>insplendide</span> <span class='ocrx_word' id='word_1_442' title='bbox 659 2742 786 2797; x_wconf 89' lang='lat' dir='ltr'>claritate</span> <span class='ocrx_word' id='word_1_443' title='bbox 808 2747 837 2796; x_wconf 91' lang='lat' dir='ltr'>et</span> <span class='ocrx_word' id='word_1_444' title='bbox 857 2740 1001 2796; x_wconf 86' lang='lat' dir='ltr'>insitovi-</span> <span class='ocrx_word' id='word_1_445' title='bbox 1055 2745 1116 2800; x_wconf 89' lang='lat' dir='ltr'>sine</span> <span class='ocrx_word' id='word_1_446' title='bbox 1135 2743 1232 2813; x_wconf 85' lang='lat' dir='ltr'>verbo,</span> <span class='ocrx_word' id='word_1_447' title='bbox 1260 2759 1313 2798; x_wconf 91' lang='lat' dir='ltr'>noc</span> <span class='ocrx_word' id='word_1_448' title='bbox 1342 2742 1463 2798; x_wconf 84' lang='lat' dir='ltr'>verbum</span> <span class='ocrx_word' id='word_1_449' title='bbox 1496 2743 1558 2796; x_wconf 89' lang='lat' dir='ltr'>sina</span> <span class='ocrx_word' id='word_1_450' title='bbox 1580 2741 1645 2798; x_wconf 88' lang='lat' dir='ltr'>rita.</span> <span class='ocrx_word' id='word_1_451' title='bbox 1672 2743 1706 2797; x_wconf 88' lang='lat' dir='ltr'>Et</span> <span class='ocrx_word' id='word_1_452' title='bbox 1725 2743 1775 2798; x_wconf 91' lang='lat' dir='ltr'>uhi</span> <span class='ocrx_word' id='word_1_453' title='bbox 1804 2749 1905 2800; x_wconf 85' lang='lat' dir='ltr'>manet</span> 
     </span>
     <span class='ocr_line' id='line_1_31' title="bbox 153 2829 1903 2922; baseline -0.003 -33"><span class='ocrx_word' id='word_1_454' title='bbox 153 2851 222 2907; x_wconf 87' lang='lat' dir='ltr'>garo</span> <span class='ocrx_word' id='word_1_455' title='bbox 252 2849 285 2888; x_wconf 90' lang='lat' dir='ltr'>ac</span> <span class='ocrx_word' id='word_1_456' title='bbox 319 2833 405 2903; x_wconf 88' lang='lat' dir='ltr'>igneo</span> <span class='ocrx_word' id='word_1_457' title='bbox 437 2832 537 2887; x_wconf 90' lang='lat' dir='ltr'>ardore</span> <span class='ocrx_word' id='word_1_458' title='bbox 565 2831 704 2897; x_wconf 87' lang='lat' dir='ltr'>consistit,</span> <span class='ocrx_word' id='word_1_459' title='bbox 743 2830 792 2885; x_wconf 90' lang='lat' dir='ltr'>sed</span> <span class='ocrx_word' id='word_1_460' title='bbox 821 2829 1002 2900; x_wconf 88' lang='lat' dir='ltr'>splendidam</span> <span class='ocrx_word' id='word_1_461' title='bbox 1021 2829 1390 2922; x_wconf 79' lang='lat' dir='ltr'>Cverbumtlnhoniine.</span> <span class='ocrx_word' id='word_1_462' title='bbox 1407 2829 1580 2884; x_wconf 80' lang='lat' dir='ltr'>Undeoxit?</span> <span class='ocrx_word' id='word_1_463' title='bbox 1605 2830 1643 2884; x_wconf 86' lang='lat' dir='ltr'>lle</span> <span class='ocrx_word' id='word_1_464' title='bbox 1670 2829 1799 2884; x_wconf 90' lang='lat' dir='ltr'>homine.</span> <span class='ocrx_word' id='word_1_465' title='bbox 1824 2830 1903 2894; x_wconf 84' lang='lat' dir='ltr'>Qun-</span> 
     </span>
     <span class='ocr_line' id='line_1_32' title="bbox 152 2917 1904 2992; baseline -0.003 -13"><span class='ocrx_word' id='word_1_466' title='bbox 152 2922 323 2979; x_wconf 89' lang='lat' dir='ltr'>charitatem</span> <span class='ocrx_word' id='word_1_467' title='bbox 354 2921 440 2976; x_wconf 88' lang='lat' dir='ltr'>habel</span> <span class='ocrx_word' id='word_1_468' title='bbox 468 2925 501 2975; x_wconf 90' lang='lat' dir='ltr'>nt</span> <span class='ocrx_word' id='word_1_469' title='bbox 527 2921 628 2987; x_wconf 86' lang='lat' dir='ltr'>luceat,</span> <span class='ocrx_word' id='word_1_470' title='bbox 645 2925 674 2974; x_wconf 92' lang='lat' dir='ltr'>ot</span> <span class='ocrx_word' id='word_1_471' title='bbox 692 2918 811 2973; x_wconf 87' lang='lat' dir='ltr'>insitam</span> <span class='ocrx_word' id='word_1_472' title='bbox 826 2917 952 2989; x_wconf 84' lang='lat' dir='ltr'>vigorem</span> <span class='ocrx_word' id='word_1_473' title='bbox 970 2921 1001 2971; x_wconf 90' lang='lat' dir='ltr'>ut</span> <span class='ocrx_word' id='word_1_474' title='bbox 1055 2920 1162 2976; x_wconf 80' lang='lat' dir='ltr'>modo?</span> <span class='ocrx_word' id='word_1_475' title='bbox 1176 2919 1292 2975; x_wconf 81' lang='lat' dir='ltr'>virente</span> <span class='ocrx_word' id='word_1_476' title='bbox 1308 2919 1434 2975; x_wconf 91' lang='lat' dir='ltr'>homine.</span> <span class='ocrx_word' id='word_1_477' title='bbox 1453 2918 1498 2974; x_wconf 91' lang='lat' dir='ltr'>Sic</span> <span class='ocrx_word' id='word_1_478' title='bbox 1512 2923 1556 2973; x_wconf 88' lang='grc' dir='ltr'>εει</span> <span class='ocrx_word' id='word_1_479' title='bbox 1571 2919 1659 2974; x_wconf 86' lang='lat' dir='ltr'>Filius</span> <span class='ocrx_word' id='word_1_480' title='bbox 1674 2919 1705 2974; x_wconf 94' lang='grc' dir='ltr'>ιιι</span> <span class='ocrx_word' id='word_1_481' title='bbox 1720 2921 1803 2976; x_wconf 84' lang='grc' dir='ltr'>Ρειιε</span> <span class='ocrx_word' id='word_1_482' title='bbox 1814 2935 1904 2992; x_wconf 87' lang='lat' dir='ltr'>quam</span> 
     </span>
     <span class='ocr_line' id='line_1_33' title="bbox 152 3004 1903 3084; baseline -0.002 -16"><span class='ocrx_word' id='word_1_483' title='bbox 152 3012 258 3084; x_wconf 86' lang='lat' dir='ltr'>rigeat,</span> <span class='ocrx_word' id='word_1_484' title='bbox 274 3016 360 3082; x_wconf 90' lang='lat' dir='ltr'>atquo</span> <span class='ocrx_word' id='word_1_485' title='bbox 384 3009 503 3080; x_wconf 90' lang='lat' dir='ltr'>igneum</span> <span class='ocrx_word' id='word_1_486' title='bbox 531 3007 662 3062; x_wconf 91' lang='lat' dir='ltr'>ardorem</span> <span class='ocrx_word' id='word_1_487' title='bbox 686 3011 718 3060; x_wconf 91' lang='lat' dir='ltr'>ut</span> <span class='ocrx_word' id='word_1_488' title='bbox 740 3005 900 3061; x_wconf 88' lang='lat' dir='ltr'>comburet.</span> <span class='ocrx_word' id='word_1_489' title='bbox 922 3004 1001 3061; x_wconf 89' lang='lat' dir='ltr'>Unde</span> <span class='ocrx_word' id='word_1_490' title='bbox 1056 3009 1203 3080; x_wconf 81' lang='lat' dir='ltr'>Paterpro</span> <span class='ocrx_word' id='word_1_491' title='bbox 1222 3008 1313 3062; x_wconf 89' lang='lat' dir='ltr'>saluta</span> <span class='ocrx_word' id='word_1_492' title='bbox 1330 3005 1483 3062; x_wconf 85' lang='lat' dir='ltr'>homiuum</span> <span class='ocrx_word' id='word_1_493' title='bbox 1507 3005 1537 3060; x_wconf 92' lang='lat' dir='ltr'>in</span> <span class='ocrx_word' id='word_1_494' title='bbox 1560 3011 1666 3063; x_wconf 88' lang='lat' dir='ltr'>terram</span> <span class='ocrx_word' id='word_1_495' title='bbox 1688 3008 1849 3064; x_wconf 89' lang='lat' dir='ltr'>sedentium</span> <span class='ocrx_word' id='word_1_496' title='bbox 1871 3009 1903 3065; x_wconf 93' lang='lat' dir='ltr'>iu</span> 
     </span>
     <span class='ocr_line' id='line_1_34' title="bbox 153 3093 1904 3171; baseline -0.002 -15"><span class='ocrx_word' id='word_1_497' title='bbox 153 3100 350 3171; x_wconf 82' lang='lat' dir='ltr'>insplendide</span> <span class='ocrx_word' id='word_1_498' title='bbox 375 3098 503 3152; x_wconf 87' lang='lat' dir='ltr'>claritate</span> <span class='ocrx_word' id='word_1_499' title='bbox 526 3098 637 3151; x_wconf 87' lang='lat' dir='ltr'>Patrem</span> <span class='ocrx_word' id='word_1_500' title='bbox 653 3093 802 3150; x_wconf 89' lang='lat' dir='ltr'>considera</span> <span class='ocrx_word' id='word_1_501' title='bbox 817 3094 866 3166; x_wconf 90' lang='lat' dir='ltr'>qni</span> <span class='ocrx_word' id='word_1_502' title='bbox 881 3100 1002 3167; x_wconf 87' lang='lat' dir='ltr'>paterna</span> <span class='ocrx_word' id='word_1_503' title='bbox 1055 3098 1180 3154; x_wconf 87' lang='lat' dir='ltr'>tenebris</span> <span class='ocrx_word' id='word_1_504' title='bbox 1196 3095 1284 3163; x_wconf 89' lang='lat' dir='ltr'>misit,</span> <span class='ocrx_word' id='word_1_505' title='bbox 1309 3096 1344 3150; x_wconf 92' lang='lat' dir='ltr'>de</span> <span class='ocrx_word' id='word_1_506' title='bbox 1363 3095 1472 3167; x_wconf 87' lang='lat' dir='ltr'>Spiritu</span> <span class='ocrx_word' id='word_1_507' title='bbox 1500 3101 1597 3152; x_wconf 88' lang='lat' dir='ltr'>sancto</span> <span class='ocrx_word' id='word_1_508' title='bbox 1614 3097 1644 3151; x_wconf 93' lang='lat' dir='ltr'>in</span> <span class='ocrx_word' id='word_1_509' title='bbox 1671 3098 1784 3168; x_wconf 80' lang='lat' dir='ltr'>Virgine</span> <span class='ocrx_word' id='word_1_510' title='bbox 1804 3112 1904 3153; x_wconf 88' lang='lat' dir='ltr'>conce·</span> 
     </span>
     <span class='ocr_line' id='line_1_35' title="bbox 154 3181 1904 3261; baseline -0.003 -17"><span class='ocrx_word' id='word_1_511' title='bbox 154 3189 260 3261; x_wconf 90' lang='lat' dir='ltr'>pietate</span> <span class='ocrx_word' id='word_1_512' title='bbox 281 3186 439 3242; x_wconf 88' lang='lat' dir='ltr'>claritatem</span> <span class='ocrx_word' id='word_1_513' title='bbox 464 3199 546 3239; x_wconf 84' lang='lat' dir='ltr'>suam</span> <span class='ocrx_word' id='word_1_514' title='bbox 574 3182 709 3237; x_wconf 88' lang='lat' dir='ltr'>fidelibus</span> <span class='ocrx_word' id='word_1_515' title='bbox 730 3182 789 3237; x_wconf 89' lang='lat' dir='ltr'>suis</span> <span class='ocrx_word' id='word_1_516' title='bbox 811 3181 957 3252; x_wconf 83' lang='lat' dir='ltr'>expandit,</span> <span class='ocrx_word' id='word_1_517' title='bbox 973 3186 1003 3236; x_wconf 85' lang='lat' dir='ltr'>et</span> <span class='ocrx_word' id='word_1_518' title='bbox 1056 3191 1147 3259; x_wconf 90' lang='lat' dir='ltr'>ptum.</span> <span class='ocrx_word' id='word_1_519' title='bbox 1168 3185 1223 3250; x_wconf 83' lang='lat' dir='ltr'>Qui</span> <span class='ocrx_word' id='word_1_520' title='bbox 1246 3183 1334 3238; x_wconf 87' lang='lat' dir='ltr'>Filius</span> <span class='ocrx_word' id='word_1_521' title='bbox 1350 3189 1382 3238; x_wconf 91' lang='lat' dir='ltr'>nt</span> <span class='ocrx_word' id='word_1_522' title='bbox 1398 3189 1441 3238; x_wconf 91' lang='lat' dir='ltr'>est</span> <span class='ocrx_word' id='word_1_523' title='bbox 1461 3183 1627 3256; x_wconf 78' lang='lat' dir='ltr'>unigenitus</span> <span class='ocrx_word' id='word_1_524' title='bbox 1642 3184 1672 3240; x_wconf 93' lang='lat' dir='ltr'>in</span> <span class='ocrx_word' id='word_1_525' title='bbox 1687 3183 1845 3246; x_wconf 83' lang='lat' dir='ltr'>divinitate,</span> <span class='ocrx_word' id='word_1_526' title='bbox 1861 3183 1904 3239; x_wconf 91' lang='lat' dir='ltr'>ita</span> 
     </span>
     <span class='ocr_line' id='line_1_36' title="bbox 152 3270 1904 3345; baseline -0.003 -13"><span class='ocrx_word' id='word_1_527' title='bbox 152 3276 184 3332; x_wconf 93' lang='lat' dir='ltr'>in</span> <span class='ocrx_word' id='word_1_528' title='bbox 207 3275 293 3331; x_wconf 90' lang='lat' dir='ltr'>insite</span> <span class='ocrx_word' id='word_1_529' title='bbox 319 3275 413 3345; x_wconf 85' lang='lat' dir='ltr'>rigore</span> <span class='ocrx_word' id='word_1_530' title='bbox 434 3272 484 3345; x_wconf 89' lang='lat' dir='ltr'>qui</span> <span class='ocrx_word' id='word_1_531' title='bbox 502 3270 801 3342; x_wconf 78' lang='lat' dir='ltr'>splendidoellarnmae</span> <span class='ocrx_word' id='word_1_532' title='bbox 822 3271 925 3342; x_wconf 89' lang='lat' dir='ltr'>inqua</span> <span class='ocrx_word' id='word_1_533' title='bbox 947 3270 1003 3325; x_wconf 87' lang='lat' dir='ltr'>ista</span> <span class='ocrx_word' id='word_1_534' title='bbox 1056 3279 1099 3330; x_wconf 88' lang='lat' dir='ltr'>est</span> <span class='ocrx_word' id='word_1_535' title='bbox 1113 3273 1278 3345; x_wconf 87' lang='lat' dir='ltr'>unigenitus</span> <span class='ocrx_word' id='word_1_536' title='bbox 1292 3272 1323 3327; x_wconf 91' lang='lat' dir='ltr'>in</span> <span class='ocrx_word' id='word_1_537' title='bbox 1343 3271 1518 3342; x_wconf 81' lang='lat' dir='ltr'>virginitate,</span> <span class='ocrx_word' id='word_1_538' title='bbox 1538 3271 1652 3326; x_wconf 86' lang='lat' dir='ltr'>eteicut</span> <span class='ocrx_word' id='word_1_539' title='bbox 1666 3276 1708 3327; x_wconf 89' lang='lat' dir='ltr'>est</span> <span class='ocrx_word' id='word_1_540' title='bbox 1728 3273 1828 3328; x_wconf 86' lang='lat' dir='ltr'>unicus</span> <span class='ocrx_word' id='word_1_541' title='bbox 1848 3273 1904 3327; x_wconf 88' lang='lat' dir='ltr'>Pa·</span> 
     </span>
     <span class='ocr_line' id='line_1_37' title="bbox 95 3350 1904 3430; baseline -0.002 -11"><span class='ocrx_word' id='word_1_542' title='bbox 95 3350 99 3356; x_wconf 47' lang='lat'><strong>⁴</strong></span> <span class='ocrx_word' id='word_1_543' title='bbox 153 3365 270 3419; x_wconf 91' lang='lat' dir='ltr'>llamma</span> <span class='ocrx_word' id='word_1_544' title='bbox 292 3362 429 3416; x_wconf 81' lang='lat' dir='ltr'>virtutem</span> <span class='ocrx_word' id='word_1_545' title='bbox 452 3375 534 3415; x_wconf 88' lang='lat' dir='ltr'>suam</span> <span class='ocrx_word' id='word_1_546' title='bbox 561 3359 699 3427; x_wconf 89' lang='lat' dir='ltr'>ostendit,</span> <span class='ocrx_word' id='word_1_547' title='bbox 727 3358 831 3414; x_wconf 80' lang='lat' dir='ltr'>Filium</span> <span class='ocrx_word' id='word_1_548' title='bbox 852 3359 1000 3429; x_wconf 90' lang='lat' dir='ltr'>intellige;</span> <span class='ocrx_word' id='word_1_549' title='bbox 1056 3361 1118 3429; x_wconf 91' lang='lat' dir='ltr'>tris,</span> <span class='ocrx_word' id='word_1_550' title='bbox 1142 3360 1182 3415; x_wconf 88' lang='lat' dir='ltr'>ita</span> <span class='ocrx_word' id='word_1_551' title='bbox 1204 3365 1247 3415; x_wconf 91' lang='lat' dir='ltr'>est</span> <span class='ocrx_word' id='word_1_552' title='bbox 1266 3361 1294 3414; x_wconf 91' lang='lat' dir='ltr'>et</span> <span class='ocrx_word' id='word_1_553' title='bbox 1316 3359 1417 3414; x_wconf 90' lang='lat' dir='ltr'>unicus</span> <span class='ocrx_word' id='word_1_554' title='bbox 1435 3358 1546 3426; x_wconf 89' lang='lat' dir='ltr'>matris,</span> <span class='ocrx_word' id='word_1_555' title='bbox 1568 3359 1636 3430; x_wconf 90' lang='lat' dir='ltr'>qnia</span> <span class='ocrx_word' id='word_1_556' title='bbox 1660 3365 1692 3414; x_wconf 91' lang='lat' dir='ltr'>ut</span> <span class='ocrx_word' id='word_1_557' title='bbox 1714 3361 1797 3416; x_wconf 85' lang='lat' dir='ltr'>Pater</span> <span class='ocrx_word' id='word_1_558' title='bbox 1819 3361 1904 3416; x_wconf 89' lang='lat' dir='ltr'>illum</span> 
     </span>
     <span class='ocr_line' id='line_1_38' title="bbox 154 3444 1905 3524; baseline -0.002 -18"><span class='ocrx_word' id='word_1_559' title='bbox 154 3452 205 3524; x_wconf 92' lang='lat' dir='ltr'>qui</span> <span class='ocrx_word' id='word_1_560' title='bbox 222 3467 255 3507; x_wconf 89' lang='lat' dir='ltr'>ex</span> <span class='ocrx_word' id='word_1_561' title='bbox 279 3450 391 3522; x_wconf 80' lang='lat' dir='ltr'>virgine</span> <span class='ocrx_word' id='word_1_562' title='bbox 413 3464 516 3520; x_wconf 86' lang='lat' dir='ltr'>corpus</span> <span class='ocrx_word' id='word_1_563' title='bbox 538 3447 701 3519; x_wconf 88' lang='lat' dir='ltr'>assumpsit,</span> <span class='ocrx_word' id='word_1_564' title='bbox 725 3447 756 3502; x_wconf 93' lang='lat' dir='ltr'>in</span> <span class='ocrx_word' id='word_1_565' title='bbox 784 3464 843 3520; x_wconf 87' lang='lat' dir='ltr'>qno</span> <span class='ocrx_word' id='word_1_566' title='bbox 864 3448 1002 3504; x_wconf 84' lang='lat' dir='ltr'>Divinitas</span> <span class='ocrx_word' id='word_1_567' title='bbox 1056 3465 1146 3504; x_wconf 88' lang='lat' dir='ltr'>unum</span> <span class='ocrx_word' id='word_1_568' title='bbox 1167 3453 1234 3503; x_wconf 88' lang='lat' dir='ltr'>ante</span> <span class='ocrx_word' id='word_1_569' title='bbox 1248 3452 1377 3520; x_wconf 90' lang='lat' dir='ltr'>tempora</span> <span class='ocrx_word' id='word_1_570' title='bbox 1399 3445 1509 3517; x_wconf 90' lang='lat' dir='ltr'>genuit,</span> <span class='ocrx_word' id='word_1_571' title='bbox 1525 3444 1565 3501; x_wconf 89' lang='lat' dir='ltr'>sio</span> <span class='ocrx_word' id='word_1_572' title='bbox 1580 3445 1700 3520; x_wconf 82' lang='lat' dir='ltr'>atrirgo</span> <span class='ocrx_word' id='word_1_573' title='bbox 1715 3452 1807 3504; x_wconf 90' lang='lat' dir='ltr'>mater</span> <span class='ocrx_word' id='word_1_574' title='bbox 1820 3449 1905 3503; x_wconf 91' lang='lat' dir='ltr'>illum</span> 
     </span>
     <span class='ocr_line' id='line_1_39' title="bbox 154 3533 1905 3608; baseline -0.002 -13"><span class='ocrx_word' id='word_1_575' title='bbox 154 3539 298 3595; x_wconf 91' lang='lat' dir='ltr'>mirabilia</span> <span class='ocrx_word' id='word_1_576' title='bbox 327 3554 380 3593; x_wconf 88' lang='lat' dir='ltr'>sua</span> <span class='ocrx_word' id='word_1_577' title='bbox 403 3537 565 3605; x_wconf 82' lang='lat' dir='ltr'>declaravit,</span> <span class='ocrx_word' id='word_1_578' title='bbox 582 3535 660 3591; x_wconf 88' lang='lat' dir='ltr'>acin</span> <span class='ocrx_word' id='word_1_579' title='bbox 679 3533 765 3607; x_wconf 88' lang='lat' dir='ltr'>igneo</span> <span class='ocrx_word' id='word_1_580' title='bbox 789 3535 892 3592; x_wconf 87' lang='lat' dir='ltr'>ardore</span> <span class='ocrx_word' id='word_1_581' title='bbox 916 3536 1004 3608; x_wconf 92' lang='lat' dir='ltr'>Spiri-</span> <span class='ocrx_word' id='word_1_582' title='bbox 1057 3552 1147 3590; x_wconf 90' lang='lat' dir='ltr'>nuum</span> <span class='ocrx_word' id='word_1_583' title='bbox 1170 3535 1263 3590; x_wconf 87' lang='lat' dir='ltr'>solum</span> <span class='ocrx_word' id='word_1_584' title='bbox 1298 3534 1398 3606; x_wconf 90' lang='lat' dir='ltr'>gennit</span> <span class='ocrx_word' id='word_1_585' title='bbox 1421 3534 1454 3588; x_wconf 93' lang='lat' dir='ltr'>in</span> <span class='ocrx_word' id='word_1_586' title='bbox 1474 3537 1615 3606; x_wconf 86' lang='lat' dir='ltr'>temporo,</span> <span class='ocrx_word' id='word_1_587' title='bbox 1657 3537 1795 3607; x_wconf 89' lang='lat' dir='ltr'>qnoniam</span> <span class='ocrx_word' id='word_1_588' title='bbox 1823 3537 1905 3608; x_wconf 81' lang='lat' dir='ltr'>virgo</span> 
     </span>
     <span class='ocr_line' id='line_1_40' title="bbox 153 3622 1906 3699; baseline -0.002 -14"><span class='ocrx_word' id='word_1_589' title='bbox 153 3632 216 3685; x_wconf 87' lang='lat' dir='ltr'>lum</span> <span class='ocrx_word' id='word_1_590' title='bbox 237 3632 367 3683; x_wconf 84' lang='lat' dir='ltr'>sanctum</span> <span class='ocrx_word' id='word_1_591' title='bbox 389 3627 529 3699; x_wconf 84' lang='lat' dir='ltr'>perspice,</span> <span class='ocrx_word' id='word_1_592' title='bbox 543 3624 593 3698; x_wconf 87' lang='lat' dir='ltr'>qui</span> <span class='ocrx_word' id='word_1_593' title='bbox 611 3630 723 3680; x_wconf 90' lang='lat' dir='ltr'>mentes</span> <span class='ocrx_word' id='word_1_594' title='bbox 744 3625 921 3681; x_wconf 90' lang='lat' dir='ltr'>credentium</span> <span class='ocrx_word' id='word_1_595' title='bbox 941 3642 1005 3680; x_wconf 92' lang='lat' dir='ltr'>sua·</span> <span class='ocrx_word' id='word_1_596' title='bbox 1057 3625 1162 3679; x_wconf 86' lang='lat' dir='ltr'>mansit</span> <span class='ocrx_word' id='word_1_597' title='bbox 1183 3629 1249 3696; x_wconf 90' lang='lat' dir='ltr'>post</span> <span class='ocrx_word' id='word_1_598' title='bbox 1270 3628 1393 3695; x_wconf 89' lang='lat' dir='ltr'>partum.</span> <span class='ocrx_word' id='word_1_599' title='bbox 1416 3622 1506 3691; x_wconf 91' lang='lat' dir='ltr'>Unde,</span> <span class='ocrx_word' id='word_1_600' title='bbox 1524 3622 1654 3694; x_wconf 85' lang='lat' dir='ltr'>chamo,</span> <span class='ocrx_word' id='word_1_601' title='bbox 1670 3623 1906 3697; x_wconf 88' lang='lat' dir='ltr'>intelligainhis</span> 
     </span>
     <span class='ocr_line' id='line_1_41' title="bbox 154 3711 1907 3785; baseline -0.001 -13"><span class='ocrx_word' id='word_1_602' title='bbox 154 3717 228 3773; x_wconf 83' lang='lat' dir='ltr'>riter</span> <span class='ocrx_word' id='word_1_603' title='bbox 244 3716 310 3772; x_wconf 90' lang='lat' dir='ltr'>urit.</span> <span class='ocrx_word' id='word_1_604' title='bbox 334 3715 387 3772; x_wconf 90' lang='lat' dir='ltr'>Sed</span> <span class='ocrx_word' id='word_1_605' title='bbox 411 3715 459 3770; x_wconf 93' lang='lat' dir='ltr'>uhi</span> <span class='ocrx_word' id='word_1_606' title='bbox 481 3731 534 3770; x_wconf 91' lang='lat' dir='ltr'>noc</span> <span class='ocrx_word' id='word_1_607' title='bbox 553 3713 705 3785; x_wconf 89' lang='lat' dir='ltr'>splendida</span> <span class='ocrx_word' id='word_1_608' title='bbox 718 3713 843 3782; x_wconf 85' lang='lat' dir='ltr'>claritas,</span> <span class='ocrx_word' id='word_1_609' title='bbox 870 3731 922 3770; x_wconf 91' lang='lat' dir='ltr'>nec</span> <span class='ocrx_word' id='word_1_610' title='bbox 936 3714 1004 3770; x_wconf 89' lang='lat' dir='ltr'>insi·</span> <span class='ocrx_word' id='word_1_611' title='bbox 1057 3713 1148 3769; x_wconf 90' lang='lat' dir='ltr'>tribus</span> <span class='ocrx_word' id='word_1_612' title='bbox 1172 3711 1304 3784; x_wconf 90' lang='lat' dir='ltr'>personis</span> <span class='ocrx_word' id='word_1_613' title='bbox 1329 3711 1419 3766; x_wconf 84' lang='lat' dir='ltr'>Deum</span> <span class='ocrx_word' id='word_1_614' title='bbox 1444 3717 1524 3766; x_wconf 93' lang='lat' dir='ltr'>tuum</span> <span class='ocrx_word' id='word_1_615' title='bbox 1551 3713 1643 3783; x_wconf 92' lang='lat' dir='ltr'>quite</span> <span class='ocrx_word' id='word_1_616' title='bbox 1663 3715 1907 3770; x_wconf 83' lang='lat' dir='ltr'>creavitiulorti·</span> 
     </span>
     <span class='ocr_line' id='line_1_42' title="bbox 153 3800 1908 3877; baseline -0.002 -15"><span class='ocrx_word' id='word_1_617' title='bbox 153 3810 201 3863; x_wconf 90' lang='lat' dir='ltr'>tus</span> <span class='ocrx_word' id='word_1_618' title='bbox 220 3805 312 3877; x_wconf 82' lang='lat' dir='ltr'>rigor,</span> <span class='ocrx_word' id='word_1_619' title='bbox 341 3819 392 3858; x_wconf 91' lang='lat' dir='ltr'>uec</span> <span class='ocrx_word' id='word_1_620' title='bbox 424 3803 526 3874; x_wconf 90' lang='lat' dir='ltr'>ignens</span> <span class='ocrx_word' id='word_1_621' title='bbox 550 3802 636 3857; x_wconf 89' lang='lat' dir='ltr'>ardor</span> <span class='ocrx_word' id='word_1_622' title='bbox 655 3807 705 3866; x_wconf 89' lang='lat' dir='ltr'>est,</span> <span class='ocrx_word' id='word_1_623' title='bbox 734 3801 776 3858; x_wconf 89' lang='lat' dir='ltr'>ibi</span> <span class='ocrx_word' id='word_1_624' title='bbox 807 3819 859 3857; x_wconf 88' lang='lat' dir='ltr'>nec</span> <span class='ocrx_word' id='word_1_625' title='bbox 885 3803 1004 3859; x_wconf 86' lang='lat' dir='ltr'>flamma</span> <span class='ocrx_word' id='word_1_626' title='bbox 1056 3801 1157 3858; x_wconf 92' lang='lat' dir='ltr'>tudine</span> <span class='ocrx_word' id='word_1_627' title='bbox 1178 3800 1334 3856; x_wconf 81' lang='lat' dir='ltr'>divinitatis</span> <span class='ocrx_word' id='word_1_628' title='bbox 1359 3817 1430 3869; x_wconf 75' lang='lat' dir='ltr'>sue,</span> <span class='ocrx_word' id='word_1_629' title='bbox 1452 3805 1481 3854; x_wconf 92' lang='lat' dir='ltr'>et</span> <span class='ocrx_word' id='word_1_630' title='bbox 1508 3801 1557 3872; x_wconf 86' lang='lat' dir='ltr'>qui</span> <span class='ocrx_word' id='word_1_631' title='bbox 1585 3805 1612 3856; x_wconf 92' lang='lat' dir='ltr'>te</span> <span class='ocrx_word' id='word_1_632' title='bbox 1639 3802 1788 3858; x_wconf 85' lang='lat' dir='ltr'>redemite</span> <span class='ocrx_word' id='word_1_633' title='bbox 1811 3805 1908 3874; x_wconf 90' lang='lat' dir='ltr'>pordi-</span> 
     </span>
     <span class='ocr_line' id='line_1_43' title="bbox 154 3887 1907 3962; baseline -0.002 -12"><span class='ocrx_word' id='word_1_634' title='bbox 154 3894 297 3960; x_wconf 84' lang='lat' dir='ltr'>cornitur;</span> <span class='ocrx_word' id='word_1_635' title='bbox 319 3892 359 3946; x_wconf 89' lang='lat' dir='ltr'>sic</span> <span class='ocrx_word' id='word_1_636' title='bbox 378 3891 438 3957; x_wconf 90' lang='lat' dir='ltr'>uhi,</span> <span class='ocrx_word' id='word_1_637' title='bbox 455 3905 506 3945; x_wconf 91' lang='lat' dir='ltr'>nec</span> <span class='ocrx_word' id='word_1_638' title='bbox 519 3890 604 3945; x_wconf 89' lang='lat' dir='ltr'>Pater</span> <span class='ocrx_word' id='word_1_639' title='bbox 623 3905 675 3944; x_wconf 90' lang='lat' dir='ltr'>noc</span> <span class='ocrx_word' id='word_1_640' title='bbox 697 3889 795 3959; x_wconf 81' lang='lat' dir='ltr'>Filius,</span> <span class='ocrx_word' id='word_1_641' title='bbox 811 3906 864 3946; x_wconf 87' lang='lat' dir='ltr'>uec</span> <span class='ocrx_word' id='word_1_642' title='bbox 880 3890 1003 3962; x_wconf 90' lang='lat' dir='ltr'>Spiritus</span> <span class='ocrx_word' id='word_1_643' title='bbox 1057 3890 1145 3946; x_wconf 85' lang='grc' dir='ltr'>ιιοιιε.</span> <span class='ocrx_word' id='word_1_644' title='bbox 1163 3889 1226 3944; x_wconf 82' lang='lat' dir='ltr'>Noli</span> <span class='ocrx_word' id='word_1_645' title='bbox 1241 3905 1309 3959; x_wconf 91' lang='lat' dir='ltr'>ergo</span> <span class='ocrx_word' id='word_1_646' title='bbox 1331 3887 1458 3944; x_wconf 81' lang='lat' dir='ltr'>oblivisci</span> <span class='ocrx_word' id='word_1_647' title='bbox 1482 3889 1622 3944; x_wconf 79' lang='lat' dir='ltr'>creatoris</span> <span class='ocrx_word' id='word_1_648' title='bbox 1649 3889 1703 3958; x_wconf 91' lang='lat' dir='ltr'>tui,</span> <span class='ocrx_word' id='word_1_649' title='bbox 1719 3891 1792 3946; x_wconf 88' lang='lat' dir='ltr'>sicut</span> <span class='ocrx_word' id='word_1_650' title='bbox 1810 3897 1840 3946; x_wconf 88' lang='lat' dir='ltr'>ct</span> <span class='ocrx_word' id='word_1_651' title='bbox 1857 3891 1907 3947; x_wconf 88' lang='lat' dir='ltr'>Sa-</span> 
     </span>
     <span class='ocr_line' id='line_1_44' title="bbox 154 3976 1908 4050; baseline -0.002 -12"><span class='ocrx_word' id='word_1_652' title='bbox 154 3987 270 4039; x_wconf 88' lang='lat' dir='ltr'>sauctns</span> <span class='ocrx_word' id='word_1_653' title='bbox 284 3981 397 4045; x_wconf 92' lang='lat' dir='ltr'>colitur,</span> <span class='ocrx_word' id='word_1_654' title='bbox 423 3979 465 4034; x_wconf 93' lang='lat' dir='ltr'>ibi</span> <span class='ocrx_word' id='word_1_655' title='bbox 488 3994 541 4033; x_wconf 85' lang='lat' dir='ltr'>noc</span> <span class='ocrx_word' id='word_1_656' title='bbox 560 3977 647 4048; x_wconf 90' lang='lat' dir='ltr'>digno</span> <span class='ocrx_word' id='word_1_657' title='bbox 661 3981 824 4033; x_wconf 81' lang='lat' dir='ltr'>veneratur.</span> <span class='ocrx_word' id='word_1_658' title='bbox 840 3979 915 4050; x_wconf 87' lang='lat' dir='ltr'>Ergo</span> <span class='ocrx_word' id='word_1_659' title='bbox 930 3978 1005 4033; x_wconf 90' lang='lat' dir='ltr'>sicut</span> <span class='ocrx_word' id='word_1_660' title='bbox 1057 3979 1157 4034; x_wconf 92' lang='lat' dir='ltr'>lomon</span> <span class='ocrx_word' id='word_1_661' title='bbox 1171 3976 1225 4032; x_wconf 90' lang='lat' dir='ltr'>tibi</span> <span class='ocrx_word' id='word_1_662' title='bbox 1253 3977 1364 4044; x_wconf 85' lang='lat' dir='ltr'>suadet,</span> <span class='ocrx_word' id='word_1_663' title='bbox 1393 3992 1458 4031; x_wconf 90' lang='lat' dir='ltr'>cum</span> <span class='ocrx_word' id='word_1_664' title='bbox 1484 3976 1576 4032; x_wconf 87' lang='lat' dir='ltr'>dicit:</span> <span class='ocrx_word' id='word_1_665' title='bbox 1593 3978 1737 4035; x_wconf 75' lang='lat' dir='ltr'>Memorato</span> <span class='ocrx_word' id='word_1_666' title='bbox 1758 3979 1908 4036; x_wconf 70' lang='lat' dir='ltr'>creatoris</span> 
     </span>
     <span class='ocr_line' id='line_1_45' title="bbox 154 4064 1908 4138; baseline -0.002 -11"><span class='ocrx_word' id='word_1_667' title='bbox 154 4072 186 4127; x_wconf 91' lang='lat' dir='ltr'>in</span> <span class='ocrx_word' id='word_1_668' title='bbox 200 4086 259 4125; x_wconf 90' lang='lat' dir='ltr'>una</span> <span class='ocrx_word' id='word_1_669' title='bbox 280 4069 397 4124; x_wconf 86' lang='lat' dir='ltr'>llamma</span> <span class='ocrx_word' id='word_1_670' title='bbox 419 4067 464 4122; x_wconf 81' lang='grc' dir='ltr'>ιιιε</span> <span class='ocrx_word' id='word_1_671' title='bbox 486 4071 544 4120; x_wconf 85' lang='grc' dir='ltr'>ιιεε</span> <span class='ocrx_word' id='word_1_672' title='bbox 566 4065 639 4120; x_wconf 82' lang='lat' dir='ltr'>vires</span> <span class='ocrx_word' id='word_1_673' title='bbox 656 4071 823 4132; x_wconf 89' lang='lat' dir='ltr'>cernuntur,</span> <span class='ocrx_word' id='word_1_674' title='bbox 838 4066 879 4120; x_wconf 90' lang='lat' dir='ltr'>sic</span> <span class='ocrx_word' id='word_1_675' title='bbox 891 4065 924 4120; x_wconf 89' lang='lat' dir='ltr'>in</span> <span class='ocrx_word' id='word_1_676' title='bbox 938 4065 1004 4120; x_wconf 90' lang='lat' dir='ltr'>nui·</span> <span class='ocrx_word' id='word_1_677' title='bbox 1058 4067 1101 4122; x_wconf 85' lang='lat' dir='ltr'>tui</span> <span class='ocrx_word' id='word_1_678' title='bbox 1111 4065 1143 4122; x_wconf 87' lang='lat' dir='ltr'>in</span> <span class='ocrx_word' id='word_1_679' title='bbox 1156 4064 1255 4121; x_wconf 79' lang='grc' dir='ltr'>ιιὶειιιιε</span> <span class='ocrx_word' id='word_1_680' title='bbox 1264 4065 1424 4137; x_wconf 77' lang='lat' dir='ltr'>juventulis</span> <span class='ocrx_word' id='word_1_681' title='bbox 1440 4068 1493 4120; x_wconf 79' lang='lat' dir='ltr'>tuae</span> <span class='ocrx_word' id='word_1_682' title='bbox 1508 4067 1664 4138; x_wconf 80' lang='lat' dir='ltr'>anteqrrom</span> <span class='ocrx_word' id='word_1_683' title='bbox 1679 4065 1777 4122; x_wconf 82' lang='lat' dir='ltr'>ueniat</span> <span class='ocrx_word' id='word_1_684' title='bbox 1795 4069 1908 4138; x_wconf 77' lang='lat' dir='ltr'>tempus</span> 
     </span>
     <span class='ocr_line' id='line_1_46' title="bbox 154 4153 1908 4228; baseline -0.002 -14"><span class='ocrx_word' id='word_1_685' title='bbox 154 4162 214 4214; x_wconf 84' lang='lat' dir='ltr'>tate</span> <span class='ocrx_word' id='word_1_686' title='bbox 232 4156 388 4214; x_wconf 86' lang='lat' dir='ltr'>divinitatis</span> <span class='ocrx_word' id='word_1_687' title='bbox 410 4160 467 4209; x_wconf 91' lang='lat' dir='ltr'>tres</span> <span class='ocrx_word' id='word_1_688' title='bbox 482 4170 613 4226; x_wconf 82' lang='lat' dir='ltr'>personae</span> <span class='ocrx_word' id='word_1_689' title='bbox 628 4153 836 4226; x_wconf 84' lang='lat' dir='ltr'>intelligantur.</span> <span class='ocrx_word' id='word_1_690' title='bbox 858 4153 901 4209; x_wconf 86' lang='lat' dir='ltr'>lta</span> <span class='ocrx_word' id='word_1_691' title='bbox 915 4153 1003 4208; x_wconf 90' lang='lat' dir='ltr'>otiam</span> <span class='ocrx_word' id='word_1_692' title='bbox 1022 4154 1230 4228; x_wconf 78' lang='lat' dir='ltr'>pufflietr&#39;onie</span> <span class='ocrx_word' id='word_1_693' title='bbox 1255 4157 1318 4222; x_wconf 78' lang='lat' dir='ltr'>tue,</span> <span class='ocrx_word' id='word_1_694' title='bbox 1332 4157 1361 4210; x_wconf 87' lang='lat' dir='ltr'>et</span> <span class='ocrx_word' id='word_1_695' title='bbox 1382 4153 1614 4227; x_wconf 82' lang='lat' dir='ltr'>appropinquent</span> <span class='ocrx_word' id='word_1_696' title='bbox 1637 4155 1718 4225; x_wconf 83' lang='lat' dir='ltr'>anni,</span> <span class='ocrx_word' id='word_1_697' title='bbox 1742 4155 1778 4210; x_wconf 88' lang='lat' dir='ltr'>de</span> <span class='ocrx_word' id='word_1_698' title='bbox 1805 4154 1908 4228; x_wconf 81' lang='lat' dir='ltr'>quibua</span> 
     </span>
     <span class='ocr_line' id='line_1_47' title="bbox 155 4241 1907 4316; baseline -0.002 -13"><span class='ocrx_word' id='word_1_699' title='bbox 155 4251 189 4303; x_wconf 89' lang='lat' dir='ltr'>ut</span> <span class='ocrx_word' id='word_1_700' title='bbox 201 4251 260 4302; x_wconf 91' lang='lat' dir='ltr'>tros</span> <span class='ocrx_word' id='word_1_701' title='bbox 274 4245 349 4299; x_wconf 84' lang='lat' dir='ltr'>viros</span> <span class='ocrx_word' id='word_1_702' title='bbox 370 4243 401 4298; x_wconf 95' lang='lat' dir='ltr'>in</span> <span class='ocrx_word' id='word_1_703' title='bbox 419 4243 506 4298; x_wconf 81' lang='lat' dir='ltr'>verbo</span> <span class='ocrx_word' id='word_1_704' title='bbox 524 4242 657 4298; x_wconf 81' lang='lat' dir='ltr'>notandae</span> <span class='ocrx_word' id='word_1_705' title='bbox 678 4246 760 4310; x_wconf 87' lang='lat' dir='ltr'>sunt;</span> <span class='ocrx_word' id='word_1_706' title='bbox 780 4242 820 4297; x_wconf 91' lang='lat' dir='ltr'>sic</span> <span class='ocrx_word' id='word_1_707' title='bbox 838 4246 866 4296; x_wconf 93' lang='lat' dir='ltr'>et</span> <span class='ocrx_word' id='word_1_708' title='bbox 890 4241 1005 4296; x_wconf 90' lang='lat' dir='ltr'>trinitas</span> <span class='ocrx_word' id='word_1_709' title='bbox 1058 4243 1138 4300; x_wconf 84' lang='lat' dir='ltr'>dicas</span> <span class='ocrx_word' id='word_1_710' title='bbox 1151 4262 1160 4299; x_wconf 92' lang='grc'>.·</span> <span class='ocrx_word' id='word_1_711' title='bbox 1175 4245 1244 4300; x_wconf 87' lang='lat' dir='ltr'>Non</span> <span class='ocrx_word' id='word_1_712' title='bbox 1258 4241 1331 4300; x_wconf 79' lang='lat' dir='ltr'>miti</span> <span class='ocrx_word' id='word_1_713' title='bbox 1345 4243 1462 4316; x_wconf 84' lang='lat' dir='ltr'>placent</span> <span class='ocrx_word' id='word_1_714' title='bbox 1480 4243 1589 4312; x_wconf 82' lang='lat' dir='ltr'>(Eccle.</span> <span class='ocrx_word' id='word_1_715' title='bbox 1604 4243 1664 4316; x_wconf 70' lang='grc' dir='ltr'>ιιι).</span> <span class='ocrx_word' id='word_1_716' title='bbox 1680 4243 1754 4310; x_wconf 86' lang='lat' dir='ltr'>Quid</span> <span class='ocrx_word' id='word_1_717' title='bbox 1767 4243 1840 4300; x_wconf 85' lang='lat' dir='ltr'>hoc?</span> <span class='ocrx_word' id='word_1_718' title='bbox 1859 4245 1907 4299; x_wconf 93' lang='lat' dir='ltr'>ln-</span> 
     </span>
     <span class='ocr_line' id='line_1_48' title="bbox 156 4330 1909 4404; baseline -0.002 -13"><span class='ocrx_word' id='word_1_719' title='bbox 156 4334 187 4391; x_wconf 90' lang='lat' dir='ltr'>in</span> <span class='ocrx_word' id='word_1_720' title='bbox 209 4334 318 4389; x_wconf 90' lang='lat' dir='ltr'>unitate</span> <span class='ocrx_word' id='word_1_721' title='bbox 346 4331 504 4387; x_wconf 88' lang='lat' dir='ltr'>divinitatis</span> <span class='ocrx_word' id='word_1_722' title='bbox 526 4331 736 4387; x_wconf 88' lang='lat' dir='ltr'>consideranda</span> <span class='ocrx_word' id='word_1_723' title='bbox 758 4335 809 4386; x_wconf 90' lang='lat' dir='ltr'>est.</span> <span class='ocrx_word' id='word_1_724' title='bbox 832 4331 1005 4396; x_wconf 79' lang='lat' dir='ltr'>Quomodo?</span> <span class='ocrx_word' id='word_1_725' title='bbox 1059 4331 1215 4387; x_wconf 90' lang='lat' dir='ltr'>tellectuali</span> <span class='ocrx_word' id='word_1_726' title='bbox 1234 4347 1319 4386; x_wconf 87' lang='lat' dir='ltr'>seusu</span> <span class='ocrx_word' id='word_1_727' title='bbox 1344 4339 1395 4387; x_wconf 92' lang='lat' dir='ltr'>tuo</span> <span class='ocrx_word' id='word_1_728' title='bbox 1415 4330 1566 4386; x_wconf 88' lang='lat' dir='ltr'>recordare</span> <span class='ocrx_word' id='word_1_729' title='bbox 1580 4331 1657 4387; x_wconf 88' lang='lat' dir='ltr'>illius</span> <span class='ocrx_word' id='word_1_730' title='bbox 1670 4332 1720 4404; x_wconf 83' lang='lat' dir='ltr'>qrai</span> <span class='ocrx_word' id='word_1_731' title='bbox 1735 4339 1762 4388; x_wconf 90' lang='lat' dir='ltr'>te</span> <span class='ocrx_word' id='word_1_732' title='bbox 1778 4332 1909 4388; x_wconf 89' lang='lat' dir='ltr'>condidit</span> 
     </span>
     <span class='ocr_line' id='line_1_49' title="bbox 156 4419 1908 4492; baseline -0.001 -15"><span class='ocrx_word' id='word_1_733' title='bbox 156 4423 188 4478; x_wconf 92' lang='lat' dir='ltr'>ln</span> <span class='ocrx_word' id='word_1_734' title='bbox 209 4421 316 4477; x_wconf 80' lang='lat' dir='ltr'>verbo:</span> <span class='ocrx_word' id='word_1_735' title='bbox 337 4435 436 4487; x_wconf 87' lang='lat' dir='ltr'>sonus,</span> <span class='ocrx_word' id='word_1_736' title='bbox 462 4420 552 4474; x_wconf 82' lang='lat' dir='ltr'>virtus</span> <span class='ocrx_word' id='word_1_737' title='bbox 574 4425 603 4475; x_wconf 91' lang='lat' dir='ltr'>et</span> <span class='ocrx_word' id='word_1_738' title='bbox 626 4421 712 4476; x_wconf 89' lang='lat' dir='ltr'>llatus</span> <span class='ocrx_word' id='word_1_739' title='bbox 744 4424 797 4475; x_wconf 89' lang='lat' dir='ltr'>est.</span> <span class='ocrx_word' id='word_1_740' title='bbox 818 4419 871 4475; x_wconf 91' lang='lat' dir='ltr'>Sed</span> <span class='ocrx_word' id='word_1_741' title='bbox 900 4435 1005 4475; x_wconf 87' lang='lat' dir='ltr'>sonum</span> <span class='ocrx_word' id='word_1_742' title='bbox 1059 4419 1138 4474; x_wconf 83' lang='lat' dir='ltr'>velut</span> <span class='ocrx_word' id='word_1_743' title='bbox 1163 4435 1230 4475; x_wconf 91' lang='lat' dir='ltr'>cum</span> <span class='ocrx_word' id='word_1_744' title='bbox 1257 4420 1289 4476; x_wconf 92' lang='grc' dir='ltr'>ιιι</span> <span class='ocrx_word' id='word_1_745' title='bbox 1316 4419 1416 4474; x_wconf 84' lang='grc' dir='ltr'>ιιιειιιιε</span> <span class='ocrx_word' id='word_1_746' title='bbox 1439 4419 1531 4474; x_wconf 71' lang='lat' dir='ltr'>stulte</span> <span class='ocrx_word' id='word_1_747' title='bbox 1547 4419 1729 4474; x_wconf 84' lang='lat' dir='ltr'>confidentiae</span> <span class='ocrx_word' id='word_1_748' title='bbox 1750 4426 1908 4492; x_wconf 80' lang='lat' dir='ltr'>tuaepulus</span> 
     </span>
     <span class='ocr_line' id='line_1_50' title="bbox 156 4499 1908 4580; baseline 0 -14"><span class='ocrx_word' id='word_1_749' title='bbox 156 4510 246 4566; x_wconf 90' lang='lat' dir='ltr'>habet</span> <span class='ocrx_word' id='word_1_750' title='bbox 264 4514 296 4565; x_wconf 90' lang='lat' dir='ltr'>nt</span> <span class='ocrx_word' id='word_1_751' title='bbox 322 4509 466 4575; x_wconf 86' lang='lat' dir='ltr'>audiatur,</span> <span class='ocrx_word' id='word_1_752' title='bbox 491 4507 627 4563; x_wconf 80' lang='lat' dir='ltr'>virtutem</span> <span class='ocrx_word' id='word_1_753' title='bbox 654 4506 1005 4579; x_wconf 86' lang='lat' dir='ltr'>utintelligatnr,llatum</span> <span class='ocrx_word' id='word_1_754' title='bbox 1060 4508 1113 4564; x_wconf 90' lang='lat' dir='ltr'>tibi</span> <span class='ocrx_word' id='word_1_755' title='bbox 1132 4508 1267 4580; x_wconf 89' lang='lat' dir='ltr'>possibile</span> <span class='ocrx_word' id='word_1_756' title='bbox 1296 4523 1357 4563; x_wconf 90' lang='lat' dir='ltr'>esse</span> <span class='ocrx_word' id='word_1_757' title='bbox 1381 4511 1413 4563; x_wconf 91' lang='lat' dir='ltr'>ut</span> <span class='ocrx_word' id='word_1_758' title='bbox 1437 4507 1594 4563; x_wconf 87' lang='lat' dir='ltr'>secundum</span> <span class='ocrx_word' id='word_1_759' title='bbox 1620 4499 1795 4565; x_wconf 68' lang='lat' dir='ltr'>desiderium</span> <span class='ocrx_word' id='word_1_760' title='bbox 1824 4513 1908 4566; x_wconf 90' lang='lat' dir='ltr'>tuum</span> 
     </span>
     <span class='ocr_line' id='line_1_51' title="bbox 156 4596 1910 4671; baseline -0.001 -15"><span class='ocrx_word' id='word_1_761' title='bbox 156 4604 191 4656; x_wconf 90' lang='lat' dir='ltr'>ut</span> <span class='ocrx_word' id='word_1_762' title='bbox 203 4599 391 4671; x_wconf 89' lang='lat' dir='ltr'>compleatur.</span> <span class='ocrx_word' id='word_1_763' title='bbox 414 4598 447 4651; x_wconf 94' lang='lat' dir='ltr'>ln</span> <span class='ocrx_word' id='word_1_764' title='bbox 469 4613 539 4652; x_wconf 91' lang='lat' dir='ltr'>sono</span> <span class='ocrx_word' id='word_1_765' title='bbox 560 4601 656 4652; x_wconf 87' lang='lat' dir='ltr'>autem</span> <span class='ocrx_word' id='word_1_766' title='bbox 672 4601 740 4652; x_wconf 89' lang='lat' dir='ltr'>nota</span> <span class='ocrx_word' id='word_1_767' title='bbox 755 4596 880 4663; x_wconf 88' lang='lat' dir='ltr'>Patrem,</span> <span class='ocrx_word' id='word_1_768' title='bbox 894 4596 945 4668; x_wconf 91' lang='lat' dir='ltr'>qui</span> <span class='ocrx_word' id='word_1_769' title='bbox 964 4597 1006 4651; x_wconf 93' lang='lat' dir='ltr'>in·</span> <span class='ocrx_word' id='word_1_770' title='bbox 1060 4598 1196 4653; x_wconf 89' lang='lat' dir='ltr'>ascendas</span> <span class='ocrx_word' id='word_1_771' title='bbox 1215 4597 1244 4652; x_wconf 92' lang='lat' dir='ltr'>iu</span> <span class='ocrx_word' id='word_1_772' title='bbox 1262 4596 1363 4666; x_wconf 91' lang='lat' dir='ltr'>altum,</span> <span class='ocrx_word' id='word_1_773' title='bbox 1379 4601 1406 4652; x_wconf 90' lang='lat' dir='ltr'>te</span> <span class='ocrx_word' id='word_1_774' title='bbox 1426 4596 1609 4668; x_wconf 80' lang='lat' dir='ltr'>praecipitans</span> <span class='ocrx_word' id='word_1_775' title='bbox 1629 4597 1660 4652; x_wconf 95' lang='lat' dir='ltr'>in</span> <span class='ocrx_word' id='word_1_776' title='bbox 1674 4597 1861 4668; x_wconf 84' lang='lat' dir='ltr'>profundum,</span> <span class='ocrx_word' id='word_1_777' title='bbox 1877 4605 1910 4655; x_wconf 89' lang='lat' dir='ltr'>at</span> 
     </span>
     <span class='ocr_line' id='line_1_52' title="bbox 157 4684 1906 4759; baseline -0.001 -15"><span class='ocrx_word' id='word_1_778' title='bbox 157 4687 312 4744; x_wconf 87' lang='lat' dir='ltr'>enarrabili</span> <span class='ocrx_word' id='word_1_779' title='bbox 326 4690 467 4759; x_wconf 85' lang='lat' dir='ltr'>potestate</span> <span class='ocrx_word' id='word_1_780' title='bbox 489 4686 587 4740; x_wconf 89' lang='lat' dir='ltr'>omnia</span> <span class='ocrx_word' id='word_1_781' title='bbox 610 4685 750 4757; x_wconf 91' lang='lat' dir='ltr'>propalat.</span> <span class='ocrx_word' id='word_1_782' title='bbox 773 4685 807 4740; x_wconf 92' lang='lat' dir='ltr'>ln</span> <span class='ocrx_word' id='word_1_783' title='bbox 827 4684 941 4751; x_wconf 82' lang='lat' dir='ltr'>virtute,</span> <span class='ocrx_word' id='word_1_784' title='bbox 958 4684 1006 4740; x_wconf 85' lang='lat' dir='ltr'>Fi·</span> <span class='ocrx_word' id='word_1_785' title='bbox 1060 4687 1091 4740; x_wconf 92' lang='lat' dir='ltr'>in</span> <span class='ocrx_word' id='word_1_786' title='bbox 1104 4685 1293 4758; x_wconf 89' lang='lat' dir='ltr'>prosperitate</span> <span class='ocrx_word' id='word_1_787' title='bbox 1319 4691 1397 4741; x_wconf 89' lang='lat' dir='ltr'>stans</span> <span class='ocrx_word' id='word_1_788' title='bbox 1413 4685 1444 4740; x_wconf 92' lang='lat' dir='ltr'>iu</span> <span class='ocrx_word' id='word_1_789' title='bbox 1468 4690 1610 4741; x_wconf 84' lang='lat' dir='ltr'>extremas</span> <span class='ocrx_word' id='word_1_790' title='bbox 1629 4701 1774 4743; x_wconf 83' lang='lat' dir='ltr'>aerumnas</span> <span class='ocrx_word' id='word_1_791' title='bbox 1789 4688 1906 4744; x_wconf 89' lang='lat' dir='ltr'>cadens.</span> 
     </span>
     <span class='ocr_line' id='line_1_53' title="bbox 158 4773 1910 4848; baseline 0 -16"><span class='ocrx_word' id='word_1_792' title='bbox 158 4777 241 4844; x_wconf 92' lang='lat' dir='ltr'>lium,</span> <span class='ocrx_word' id='word_1_793' title='bbox 257 4774 306 4848; x_wconf 88' lang='lat' dir='ltr'>qui</span> <span class='ocrx_word' id='word_1_794' title='bbox 329 4774 500 4830; x_wconf 88' lang='lat' dir='ltr'>mirabiliter</span> <span class='ocrx_word' id='word_1_795' title='bbox 515 4790 550 4829; x_wconf 86' lang='lat' dir='ltr'>ex</span> <span class='ocrx_word' id='word_1_796' title='bbox 572 4775 656 4829; x_wconf 85' lang='lat' dir='ltr'>Patre</span> <span class='ocrx_word' id='word_1_797' title='bbox 676 4773 794 4845; x_wconf 88' lang='lat' dir='ltr'>genitus</span> <span class='ocrx_word' id='word_1_798' title='bbox 820 4778 873 4842; x_wconf 88' lang='lat' dir='ltr'>est,</span> <span class='ocrx_word' id='word_1_799' title='bbox 889 4775 920 4828; x_wconf 92' lang='grc' dir='ltr'>ιιι</span> <span class='ocrx_word' id='word_1_800' title='bbox 934 4773 1006 4829; x_wconf 90' lang='lat' dir='ltr'>llatu</span> <span class='ocrx_word' id='word_1_801' title='bbox 1061 4776 1132 4830; x_wconf 90' lang='lat' dir='ltr'>Nam</span> <span class='ocrx_word' id='word_1_802' title='bbox 1147 4775 1204 4829; x_wconf 85' lang='lat' dir='ltr'>rita</span> <span class='ocrx_word' id='word_1_803' title='bbox 1220 4791 1285 4847; x_wconf 86' lang='lat' dir='ltr'>quae</span> <span class='ocrx_word' id='word_1_804' title='bbox 1296 4774 1328 4828; x_wconf 92' lang='lat' dir='ltr'>in</span> <span class='ocrx_word' id='word_1_805' title='bbox 1345 4779 1374 4829; x_wconf 93' lang='lat' dir='ltr'>te</span> <span class='ocrx_word' id='word_1_806' title='bbox 1389 4779 1432 4830; x_wconf 90' lang='lat' dir='ltr'>ost</span> <span class='ocrx_word' id='word_1_807' title='bbox 1445 4790 1559 4846; x_wconf 89' lang='lat' dir='ltr'>semper</span> <span class='ocrx_word' id='word_1_808' title='bbox 1578 4775 1680 4830; x_wconf 90' lang='lat' dir='ltr'>nititur</span> <span class='ocrx_word' id='word_1_809' title='bbox 1698 4780 1729 4830; x_wconf 93' lang='grc' dir='ltr'>ιιι</span> <span class='ocrx_word' id='word_1_810' title='bbox 1742 4775 1910 4848; x_wconf 84' lang='lat' dir='ltr'>perficiatur</span> 
     </span>
     <span class='ocr_line' id='line_1_54' title="bbox 158 4861 1911 4937; baseline -0.001 -16"><span class='ocrx_word' id='word_1_811' title='bbox 158 4881 236 4932; x_wconf 70' lang='lat' dir='ltr'>uero,</span> <span class='ocrx_word' id='word_1_812' title='bbox 252 4863 391 4937; x_wconf 87' lang='lat' dir='ltr'>Spiritum</span> <span class='ocrx_word' id='word_1_813' title='bbox 406 4869 549 4930; x_wconf 90' lang='lat' dir='ltr'>sanctum,</span> <span class='ocrx_word' id='word_1_814' title='bbox 572 4862 623 4934; x_wconf 87' lang='lat' dir='ltr'>qui</span> <span class='ocrx_word' id='word_1_815' title='bbox 639 4861 688 4917; x_wconf 90' lang='lat' dir='ltr'>ubi</span> <span class='ocrx_word' id='word_1_816' title='bbox 702 4863 763 4918; x_wconf 86' lang='lat' dir='ltr'>vult</span> <span class='ocrx_word' id='word_1_817' title='bbox 786 4862 886 4933; x_wconf 85' lang='lat' dir='ltr'>spirat,</span> <span class='ocrx_word' id='word_1_818' title='bbox 901 4866 930 4916; x_wconf 90' lang='lat' dir='ltr'>et</span> <span class='ocrx_word' id='word_1_819' title='bbox 944 4877 1006 4917; x_wconf 88' lang='lat' dir='ltr'>om·</span> <span class='ocrx_word' id='word_1_820' title='bbox 1063 4880 1152 4935; x_wconf 88' lang='lat' dir='ltr'>nsque</span> <span class='ocrx_word' id='word_1_821' title='bbox 1167 4863 1201 4918; x_wconf 89' lang='lat' dir='ltr'>ad</span> <span class='ocrx_word' id='word_1_822' title='bbox 1217 4869 1331 4934; x_wconf 87' lang='lat' dir='ltr'>tempus</span> <span class='ocrx_word' id='word_1_823' title='bbox 1357 4861 1428 4918; x_wconf 91' lang='lat' dir='ltr'>illud</span> <span class='ocrx_word' id='word_1_824' title='bbox 1444 4862 1514 4919; x_wconf 91' lang='lat' dir='ltr'>dum</span> <span class='ocrx_word' id='word_1_825' title='bbox 1534 4863 1658 4935; x_wconf 87' lang='lat' dir='ltr'>perlecta</span> <span class='ocrx_word' id='word_1_826' title='bbox 1673 4871 1819 4937; x_wconf 88' lang='lat' dir='ltr'>appareat.</span> <span class='ocrx_word' id='word_1_827' title='bbox 1835 4868 1911 4928; x_wconf 83' lang='lat' dir='ltr'>Ono·</span> 
     </span>
     <span class='ocr_line' id='line_1_55' title="bbox 157 4949 1909 5025; baseline 0 -16"><span class='ocrx_word' id='word_1_828' title='bbox 157 4955 207 5010; x_wconf 90' lang='lat' dir='ltr'>uia</span> <span class='ocrx_word' id='word_1_829' title='bbox 229 4957 447 5008; x_wconf 88' lang='lat' dir='ltr'>consumantur.</span> <span class='ocrx_word' id='word_1_830' title='bbox 474 4951 528 5007; x_wconf 87' lang='lat' dir='ltr'>Ubi</span> <span class='ocrx_word' id='word_1_831' title='bbox 541 4966 608 5006; x_wconf 85' lang='lat' dir='ltr'>rere</span> <span class='ocrx_word' id='word_1_832' title='bbox 635 4966 724 5005; x_wconf 89' lang='lat' dir='ltr'>sonas</span> <span class='ocrx_word' id='word_1_833' title='bbox 741 4967 800 5006; x_wconf 90' lang='lat' dir='ltr'>nou</span> <span class='ocrx_word' id='word_1_834' title='bbox 825 4951 951 5019; x_wconf 90' lang='lat' dir='ltr'>auditur,</span> <span class='ocrx_word' id='word_1_835' title='bbox 965 4949 1007 5005; x_wconf 90' lang='lat' dir='ltr'>ihi</span> <span class='ocrx_word' id='word_1_836' title='bbox 1062 4951 1171 5009; x_wconf 78' lang='lat' dir='ltr'>modo?</span> <span class='ocrx_word' id='word_1_837' title='bbox 1187 4951 1282 5007; x_wconf 85' lang='lat' dir='ltr'>lnlans</span> <span class='ocrx_word' id='word_1_838' title='bbox 1299 4951 1421 5023; x_wconf 84' lang='lat' dir='ltr'>aprime</span> <span class='ocrx_word' id='word_1_839' title='bbox 1440 4956 1506 5007; x_wconf 89' lang='lat' dir='ltr'>ortu</span> <span class='ocrx_word' id='word_1_840' title='bbox 1520 4968 1572 5008; x_wconf 88' lang='lat' dir='ltr'>suo</span> <span class='ocrx_word' id='word_1_841' title='bbox 1596 4968 1686 5025; x_wconf 81' lang='lat' dir='ltr'>neque</span> <span class='ocrx_word' id='word_1_842' title='bbox 1700 4953 1736 5008; x_wconf 89' lang='lat' dir='ltr'>ad</span> <span class='ocrx_word' id='word_1_843' title='bbox 1750 4953 1909 5023; x_wconf 84' lang='lat' dir='ltr'>perlectam</span> 
     </span>
     <span class='ocr_line' id='line_1_56' title="bbox 159 5039 1910 5112; baseline 0 -14"><span class='ocrx_word' id='word_1_844' title='bbox 159 5058 212 5098; x_wconf 88' lang='lat' dir='ltr'>uec</span> <span class='ocrx_word' id='word_1_845' title='bbox 232 5040 321 5097; x_wconf 85' lang='lat' dir='ltr'>virtus</span> <span class='ocrx_word' id='word_1_846' title='bbox 344 5046 482 5112; x_wconf 91' lang='lat' dir='ltr'>operatur</span> <span class='ocrx_word' id='word_1_847' title='bbox 506 5055 559 5094; x_wconf 91' lang='lat' dir='ltr'>nec</span> <span class='ocrx_word' id='word_1_848' title='bbox 583 5039 669 5094; x_wconf 87' lang='lat' dir='ltr'>llatus</span> <span class='ocrx_word' id='word_1_849' title='bbox 689 5041 833 5108; x_wconf 77' lang='lat' dir='ltr'>elevatur3</span> <span class='ocrx_word' id='word_1_850' title='bbox 857 5039 934 5095; x_wconf 90' lang='lat' dir='ltr'>unde</span> <span class='ocrx_word' id='word_1_851' title='bbox 954 5055 1008 5094; x_wconf 88' lang='lat' dir='ltr'>nec</span> <span class='ocrx_word' id='word_1_852' title='bbox 1062 5047 1201 5098; x_wconf 88' lang='lat' dir='ltr'>staturam</span> <span class='ocrx_word' id='word_1_853' title='bbox 1221 5039 1359 5107; x_wconf 88' lang='lat' dir='ltr'>escendit,</span> <span class='ocrx_word' id='word_1_854' title='bbox 1379 5045 1408 5095; x_wconf 90' lang='lat' dir='ltr'>at</span> <span class='ocrx_word' id='word_1_855' title='bbox 1432 5039 1536 5097; x_wconf 89' lang='lat' dir='ltr'>deinde</span> <span class='ocrx_word' id='word_1_856' title='bbox 1549 5039 1579 5096; x_wconf 92' lang='lat' dir='ltr'>in</span> <span class='ocrx_word' id='word_1_857' title='bbox 1604 5041 1730 5112; x_wconf 88' lang='lat' dir='ltr'>perlecta</span> <span class='ocrx_word' id='word_1_858' title='bbox 1745 5047 1829 5098; x_wconf 82' lang='lat' dir='ltr'>rotate</span> <span class='ocrx_word' id='word_1_859' title='bbox 1849 5059 1910 5098; x_wconf 88' lang='lat' dir='ltr'>me·</span> 
     </span>
     <span class='ocr_line' id='line_1_57' title="bbox 158 5127 1911 5202; baseline 0.002 -18"><span class='ocrx_word' id='word_1_860' title='bbox 158 5130 201 5187; x_wconf 86' lang='lat' dir='ltr'>ibi</span> <span class='ocrx_word' id='word_1_861' title='bbox 224 5130 349 5186; x_wconf 83' lang='lat' dir='ltr'>Verbum</span> <span class='ocrx_word' id='word_1_862' title='bbox 377 5128 561 5200; x_wconf 86' lang='lat' dir='ltr'>intelligitur,</span> <span class='ocrx_word' id='word_1_863' title='bbox 586 5127 626 5183; x_wconf 87' lang='lat' dir='ltr'>sic</span> <span class='ocrx_word' id='word_1_864' title='bbox 649 5127 736 5183; x_wconf 88' lang='lat' dir='ltr'>eliam</span> <span class='ocrx_word' id='word_1_865' title='bbox 753 5129 845 5194; x_wconf 84' lang='lat' dir='ltr'>Pater,</span> <span class='ocrx_word' id='word_1_866' title='bbox 869 5127 958 5184; x_wconf 81' lang='lat' dir='ltr'>Filius</span> <span class='ocrx_word' id='word_1_867' title='bbox 979 5132 1009 5184; x_wconf 88' lang='grc' dir='ltr'>ει</span> <span class='ocrx_word' id='word_1_868' title='bbox 1062 5137 1121 5202; x_wconf 87' lang='lat' dir='ltr'>net,</span> <span class='ocrx_word' id='word_1_869' title='bbox 1140 5129 1503 5202; x_wconf 89' lang='lat' dir='ltr'>relinquauspetolautiam</span> <span class='ocrx_word' id='word_1_870' title='bbox 1513 5145 1627 5184; x_wconf 90' lang='lat' dir='ltr'>morum</span> <span class='ocrx_word' id='word_1_871' title='bbox 1640 5129 1734 5186; x_wconf 73' lang='lat' dir='ltr'>stultas</span> <span class='ocrx_word' id='word_1_872' title='bbox 1747 5131 1911 5188; x_wconf 86' lang='lat' dir='ltr'>adolescen-</span> 
     </span>
     <span class='ocr_line' id='line_1_58' title="bbox 160 5214 1910 5292; baseline 0 -15"><span class='ocrx_word' id='word_1_873' title='bbox 160 5219 283 5292; x_wconf 89' lang='lat' dir='ltr'>Spiritus</span> <span class='ocrx_word' id='word_1_874' title='bbox 306 5223 420 5274; x_wconf 89' lang='lat' dir='ltr'>sauctus</span> <span class='ocrx_word' id='word_1_875' title='bbox 448 5233 507 5273; x_wconf 89' lang='lat' dir='ltr'>uon</span> <span class='ocrx_word' id='word_1_876' title='bbox 535 5221 603 5272; x_wconf 89' lang='lat' dir='ltr'>snut</span> <span class='ocrx_word' id='word_1_877' title='bbox 624 5232 641 5270; x_wconf 90' lang='lat' dir='ltr'>a</span> <span class='ocrx_word' id='word_1_878' title='bbox 662 5231 693 5270; x_wconf 87' lang='lat' dir='ltr'>se</span> <span class='ocrx_word' id='word_1_879' title='bbox 723 5214 821 5284; x_wconf 79' lang='lat' dir='ltr'>dirisi3</span> <span class='ocrx_word' id='word_1_880' title='bbox 851 5214 1008 5271; x_wconf 80' lang='lat' dir='ltr'>aedanum</span> <span class='ocrx_word' id='word_1_881' title='bbox 1062 5216 1111 5272; x_wconf 80' lang='lat' dir='ltr'>ties</span> <span class='ocrx_word' id='word_1_882' title='bbox 1138 5221 1251 5271; x_wconf 89' lang='lat' dir='ltr'>tanturn</span> <span class='ocrx_word' id='word_1_883' title='bbox 1271 5233 1337 5272; x_wconf 95' lang='lat' dir='ltr'>cnm</span> <span class='ocrx_word' id='word_1_884' title='bbox 1365 5216 1477 5290; x_wconf 89' lang='lat' dir='ltr'>magnis</span> <span class='ocrx_word' id='word_1_885' title='bbox 1504 5218 1579 5274; x_wconf 90' lang='lat' dir='ltr'>curis</span> <span class='ocrx_word' id='word_1_886' title='bbox 1607 5219 1728 5275; x_wconf 88' lang='lat' dir='ltr'>sollicite</span> <span class='ocrx_word' id='word_1_887' title='bbox 1756 5221 1910 5291; x_wconf 80' lang='lat' dir='ltr'>presidens</span> 
     </span>
     <span class='ocr_line' id='line_1_59' title="bbox 161 5303 1911 5382; baseline 0.002 -18"><span class='ocrx_word' id='word_1_888' title='bbox 161 5325 235 5382; x_wconf 89' lang='lat' dir='ltr'>opus</span> <span class='ocrx_word' id='word_1_889' title='bbox 248 5307 425 5364; x_wconf 87' lang='lat' dir='ltr'>unanimiter</span> <span class='ocrx_word' id='word_1_890' title='bbox 447 5311 612 5380; x_wconf 87' lang='lat' dir='ltr'>operantur.</span> <span class='ocrx_word' id='word_1_891' title='bbox 635 5305 715 5362; x_wconf 87' lang='lat' dir='ltr'>Unde</span> <span class='ocrx_word' id='word_1_892' title='bbox 731 5303 805 5360; x_wconf 87' lang='lat' dir='ltr'>sient</span> <span class='ocrx_word' id='word_1_893' title='bbox 825 5304 869 5360; x_wconf 79' lang='lat' dir='ltr'>hro</span> <span class='ocrx_word' id='word_1_894' title='bbox 890 5309 948 5360; x_wconf 89' lang='lat' dir='ltr'>tres</span> <span class='ocrx_word' id='word_1_895' title='bbox 962 5321 1008 5362; x_wconf 92' lang='lat' dir='ltr'>res</span> <span class='ocrx_word' id='word_1_896' title='bbox 1063 5306 1133 5377; x_wconf 90' lang='lat' dir='ltr'>quid</span> <span class='ocrx_word' id='word_1_897' title='bbox 1146 5305 1201 5361; x_wconf 89' lang='lat' dir='ltr'>sihi</span> <span class='ocrx_word' id='word_1_898' title='bbox 1215 5305 1247 5362; x_wconf 93' lang='lat' dir='ltr'>iu</span> <span class='ocrx_word' id='word_1_899' title='bbox 1268 5307 1354 5362; x_wconf 90' lang='lat' dir='ltr'>robus</span> <span class='ocrx_word' id='word_1_900' title='bbox 1372 5306 1431 5362; x_wconf 89' lang='lat' dir='ltr'>suis</span> <span class='ocrx_word' id='word_1_901' title='bbox 1446 5308 1590 5377; x_wconf 86' lang='lat' dir='ltr'>agendum</span> <span class='ocrx_word' id='word_1_902' title='bbox 1606 5307 1651 5378; x_wconf 89' lang='lat' dir='ltr'>sit,</span> <span class='ocrx_word' id='word_1_903' title='bbox 1668 5309 1746 5381; x_wconf 84' lang='lat' dir='ltr'>quod</span> <span class='ocrx_word' id='word_1_904' title='bbox 1774 5315 1842 5366; x_wconf 89' lang='lat' dir='ltr'>tunc</span> <span class='ocrx_word' id='word_1_905' title='bbox 1858 5327 1911 5368; x_wconf 90' lang='lat' dir='ltr'>ne·</span> 
     </span>
     <span class='ocr_line' id='line_1_60' title="bbox 160 5392 1912 5467; baseline 0.003 -14"><span class='ocrx_word' id='word_1_906' title='bbox 160 5397 191 5453; x_wconf 90' lang='lat' dir='ltr'>&#39;m</span> <span class='ocrx_word' id='word_1_907' title='bbox 215 5396 302 5453; x_wconf 80' lang='lat' dir='ltr'>sorbo</span> <span class='ocrx_word' id='word_1_908' title='bbox 324 5412 385 5454; x_wconf 90' lang='lat' dir='ltr'>uuo</span> <span class='ocrx_word' id='word_1_909' title='bbox 408 5399 486 5465; x_wconf 89' lang='lat' dir='ltr'>snat,</span> <span class='ocrx_word' id='word_1_910' title='bbox 511 5395 554 5452; x_wconf 87' lang='lat' dir='ltr'>ita</span> <span class='ocrx_word' id='word_1_911' title='bbox 575 5393 662 5452; x_wconf 87' lang='lat' dir='ltr'>etiam</span> <span class='ocrx_word' id='word_1_912' title='bbox 690 5408 816 5466; x_wconf 87' lang='lat' dir='ltr'>superna</span> <span class='ocrx_word' id='word_1_913' title='bbox 832 5392 955 5450; x_wconf 86' lang='lat' dir='ltr'>Trinitas</span> <span class='ocrx_word' id='word_1_914' title='bbox 975 5393 1009 5449; x_wconf 93' lang='lat' dir='ltr'>in</span> <span class='ocrx_word' id='word_1_915' title='bbox 1063 5407 1209 5467; x_wconf 88' lang='lat' dir='ltr'>quaquam</span> <span class='ocrx_word' id='word_1_916' title='bbox 1224 5393 1292 5452; x_wconf 86' lang='lat' dir='ltr'>lecit</span> <span class='ocrx_word' id='word_1_917' title='bbox 1319 5410 1386 5451; x_wconf 92' lang='lat' dir='ltr'>cum</span> <span class='ocrx_word' id='word_1_918' title='bbox 1408 5396 1495 5454; x_wconf 88' lang='lat' dir='ltr'>stulta</span> <span class='ocrx_word' id='word_1_919' title='bbox 1510 5396 1702 5456; x_wconf 82' lang='lat' dir='ltr'>adolescentia</span> <span class='ocrx_word' id='word_1_920' title='bbox 1718 5397 1912 5458; x_wconf 82' lang='lat' dir='ltr'>inconstantia</span> 
     </span>
    </p>
   </div>
   <div class='ocr_carea' id='block_1_5' title="bbox 0 0 2014 6034">
    <p class='ocr_par' dir='ltr' id='par_1_5' title="bbox 0 0 2014 6034">
     <span class='ocr_line' id='line_1_61' title="bbox 0 0 2014 6034; baseline 0 0"><span class='ocrx_word' id='word_1_921' title='bbox 0 0 2014 6034; x_wconf 95' lang='lat' dir='ltr'> </span> 
     </span>
    </p>
   </div>
  </div>
 </body>
</html>
