3984 6034
159 168 213 223 ote
883 166 914 221 S.
932 164 1170 223 ultunctnuts
1855 166 1908 223 idi

158 312 271 355 merum
295 299 464 352 cunctorum
487 294 634 352 fructuum
665 294 770 369 quiin
793 299 869 353 tarra
892 295 1000 369 germi-
1019 299 1145 355 Aetium
1167 296 1265 354 anima
1283 314 1313 354 se
1336 315 1353 353 a
1375 299 1434 355 Deo
1459 302 1584 354 creatam
1612 298 1791 379 recordetur,
1818 302 1850 355 et
1878 298 1910 352 in

157 389 276 453 uantur,
301 389 390 457 atque
420 399 508 455 super
530 399 684 440 numerum
707 400 845 441 sonorum
868 386 919 457 qui
951 401 1005 457 per
1057 384 1115 441 lida
1130 386 1167 441 ad
1181 385 1263 442 illum
1288 384 1416 456 respicit,
1437 385 1511 441 sicut
1533 390 1562 441 et
1583 386 1673 443 bomo
1696 386 1801 443 faciem
1825 402 1911 441 suam
1984 372 1985 381 ¹

158 472 256 528 omnia
269 472 407 528 animalia
424 471 621 542 proferuntur,
637 475 666 527 et
679 488 767 543 super
778 488 895 528 omnem
912 473 1005 545 fulgo-
1057 473 1089 528 in
1103 474 1219 545 speculo
1233 474 1407 543 considerat,
1433 474 1577 546 quomodo
1602 473 1726 531 lormata
1741 475 1787 531 sit.
1802 474 1911 531 Omni-

95 563 98 567 '
157 577 220 617 rem
236 560 286 633 qni
302 576 354 633 par
369 560 459 616 solem
475 564 504 615 et
523 560 624 615 lunam
646 565 676 616 et
691 561 830 616 stellasin
852 561 1004 634 aqnisful-
1058 565 1161 633 potens
1175 562 1254 617 enim
1269 564 1344 625 Deus
1365 577 1437 634 opus
1461 578 1546 618 suum
1561 563 1616 618 hor.
1637 564 1723 619 modo
1746 563 1911 632 constituit,

158 653 215 722 get,
240 653 270 705 et
292 663 380 719 super
401 663 502 703 omnes
526 664 611 703 sonos
634 649 749 704 retheris
773 650 824 722 qui
847 651 1004 722 perflatus
1059 656 1092 706 ut
1111 666 1177 706 cum
1200 651 1334 707 laudibus
1360 651 1398 707 ad
1423 650 1518 722 ipsum
1545 652 1689 723 respiciat,
1715 652 1856 725 quoniam
1880 652 1910 706 in
1984 702 1985 727 ,

157 742 321 805 ventorum,
338 736 389 810 qni
413 746 539 807 quatuor
560 737 703 791 elementa
726 738 840 793 elevent
865 744 894 795 et
919 739 1004 795 susti-
1059 755 1164 811 magno
1178 740 1287 796 honore
1302 739 1374 796 illud
1395 740 1516 813 perlicit,
1541 740 1698 811 disponens
1718 740 1806 797 etiam
1828 740 1908 812 quod

157 829 238 892 nent,
265 825 350 880 liunt.
377 823 434 880 Sed
463 824 496 878 iu
518 824 653 879 omnihus
676 825 721 879 bis
744 826 862 881 vocibus
885 826 1005 882 laudum
1058 826 1135 883 baeti
1149 827 1266 898 spiritus
1280 842 1354 883 rerae
1377 827 1549 883 beatitudini
1571 827 1732 883 contrarios
1746 826 1908 897 abjicerent

124 922 128 929 '
158 929 275 969 suarum
289 913 367 969 beati
387 912 505 984 spiritus
520 912 702 967 divinitatem
723 914 803 969 nullo
825 914 883 969 dne
903 930 1005 985 capere
1059 915 1185 971 dicentes
1208 932 1243 972 τι
1267 917 1339 972 latos
1366 932 1383 971 a
1408 915 1492 971 nobis
1523 915 1702 988 abjiciamus,
1725 915 1776 988 qui
1804 916 1909 969 volunt

157 1007 289 1075 possunt.
318 1001 499 1072 Quapropter
521 1000 628 1070 stipsi
648 1000 677 1055 in
699 1000 815 1056 vocibus
840 1001 900 1056 suis
924 1002 1004 1057 nori·
1057 1006 1239 1059 tartarones.
1263 1024 1274 1053 ι
1307 1004 1386 1060 Unde
1399 1004 1430 1059 in
1453 1005 1599 1059 voluntate
1614 1003 1666 1061 llei
1680 1004 1817 1075 scriptum
1833 1006 1907 1058 est:

158 1094 248 1147 utem
271 1105 386 1160 semper
410 1090 529 1145 iaciunt.
552 1088 690 1144 arctatus
719 1104 835 1162 quoque
863 1090 940 1145 zelus
964 1091 1005 1147 sic

158 1179 239 1235 illam
273 1181 453 1234 corruentem
486 1178 522 1232 ab
555 1182 652 1232 austro
692 1183 770 1233 retro
809 1179 1005 1250 supradictum
1063 1162 1159 1219 ''⁶7⁶‘'
1173 1160 1335 1217 Pifllmfflae
1347 1177 1383 1217 0²
1396 1161 1576 1243 Pissim⁰¹9¹¹
1592 1159 1719 1242 “aldim
1732 1156 1909 1233 ‘immitia’

158 1272 287 1323 montem
303 1267 337 1322 ad
354 1265 520 1338 aquilonem
544 1264 575 1320 in
599 1263 756 1337 quamdam
778 1265 923 1322 infinitam
937 1282 1005 1339 pro·
1235 1235 1264 1287 εἰ
1278 1248 1333 1305 ΨΟ
1346 1249 1433 1288 “m
1447 1231 1639 1305 mteu‘fflda
1651 1234 1722 1287 Μ’·

158 1356 330 1412 summm
345 1354 475 1428 P¹⁰j⁰⁰it2
492 1352 580 1409 Μυῒ
603 1370 632 1407 ⁵⁰
653 1353 788 1426 d⁶i¹¹⁰⁰p⁸
815 1355 927 1453 ⁰⁶ng
946 1371 1006 1411 ⁰⁰¹²
1095 1385 1139 1439 Vl.
1160 1404 1174 1435 s
1199 1384 1387 1439 Elevaverunt
1409 1384 1540 1448 llumina,
1563 1382 1695 1450 Domine,
1721 1382 1907 1437 elevaverunt

157 1443 260 1511 '⁸⁰⁸¹’
284 1447 392 1514 prm
415 1440 491 1539 9¹¹‚0d
513 1439 649 1496 n⁸b¹¹¹⁸m
673 1441 829 1539 quamfiffl
849 1444 1005 1541 ⁸¹¹q¹¹³f¹d⁰
1059 1470 1180 1526 flumine
1204 1485 1301 1525 vocam
1330 1486 1420 1526 suam.
1445 1470 1635 1525 blevereruut
1658 1468 1779 1524 llumina
1804 1468 1911 1523 lluctns

158 1545 246 1602 ΜΨ
257 1534 364 1628 ‚mmm
380 1533 491 1627 ‘mnmss
512 1528 545 1627 ¹¹¹,
564 1544 622 1599 ‘¹¹¹⁰
649 1530 822 1629 mendam,
836 1529 915 1631 qum,
942 1546 1005 1602 ¹9³⁰
1026 1576 1127 1649 Bonos
1153 1576 1168 1614 a
1191 1559 1306 1615 vocibus
1331 1574 1471 1630 aquarum
1493 1558 1652 1614 multarum
1676 1556 1769 1629 (Prot.
1785 1558 1869 1628 xcu).
1893 1577 1908 1607 a

157 1633 225 1718 W,
238 1621 375 1674 'mmm
402 1619 561 1716 ⁸ffff⁰²¹¹⁰¹¹⁸
581 1618 776 1717 ,⁸⁰3⁰¹⁰¹¹‚¹¹¹¹‘
814 1622 1005 1675 ¹¹¹t⁸¹²²¹⁰¹¹⁰m
1060 1647 1150 1719 liujus
1177 1646 1326 1702 sententie
1347 1645 1509 1702 intellectus
1539 1646 1594 1702 boc
1617 1644 1704 1701 modo
1726 1644 1908 1716 accipiendus

157 1706 353 1779 mmmmm
390 1710 546 1778 ’pmtuum
576 1720 637 1776 ³⁸³¹
670 1706 864 1775 'mmmm’
898 1723 916 1763 ⁸
944 1708 1005 1764 ¹⁰⁰⁰
1060 1739 1103 1791 est
1118 1752 1124 1791 :
1140 1736 1171 1790 ln
1185 1734 1246 1790 zelo
1260 1739 1311 1790 tno
1326 1733 1414 1791 erecti
1432 1738 1500 1790 sunt
1521 1733 1644 1807 angelici
1665 1732 1800 1806 Spiritus,
1813 1750 1831 1787 o
1855 1734 1909 1788 Do-

156 1793 344 1893 Mfffitudiffl
367 1798 445 1894 ΨΟ
465 1796 583 1893 ΨΜ
606 1808 722 1893 {mm
735 1794 856 1892 'imm
872 1794 909 1850 “d
931 1796 1005 1893 ,Μ’
1059 1824 1138 1881 mine
1165 1823 1297 1879 omnium
1331 1828 1537 1891 creaturarum,
1576 1824 1796 1894 extuleruntque
1825 1820 1907 1893 quasi

157 1882 296 1939 limem
327 1882 508 1955 mmm
544 1884 573 1936 ⁰¹
608 1880 799 1937 ¹⁰d⁰fl⁰¹⁰¹¹t¹⁸
836 1882 1006 1941 ⁰⁸¹⁸¹¹¹¹¹³²i⁸
1059 1913 1162 1968 lluctus
1178 1912 1252 1966 vires
1273 1926 1338 1966 suas
1360 1910 1391 1966 in
1410 1910 1611 1967 submersione
1630 1911 1755 1967 hostium
1777 1913 1906 1977 tuorum,

157 1971 273 2043 τομὴ
297 1986 363 2027 “⁰¹¹¹
385 1971 452 2027 ³⁰0³
472 1970 508 2025 ’ἃ
527 1973 637 2024 “mm
657 1970 863 2026 ⁰⁰¹¹²¹iti⁰¹¹⁸¹¹¹
881 1969 1005 2041 'eduin‘
1059 2017 1091 2056 ac
1106 2000 1211 2055 iterum
1225 2000 1256 2055 iu
1268 2000 1358 2055 altum
1372 1999 1556 2055 tetenderunt
1569 1999 1711 2055 exercitus
1731 1998 1905 2055 eorumdum

157 2062 192 2115 nt
216 2060 352 2131 deinceps
379 2058 518 2115 rebellare
546 2060 603 2114 lieo
634 2074 694 2113 non
718 2058 841 2130 possint,
875 2058 1006 2131 quemvis

157 2147 290 2219 pessimis
304 2145 538 2219 suggestionibus
552 2144 611 2200 suis
630 2144 763 2201 homines
782 2150 925 2218 attentare
947 2162 1006 2203 nun

158 2236 317 2307 negligant,
342 2232 349 2245 ⁴

1060 2088 1214 2161 spirituum
1227 2086 1427 2143 fortitudinem
1443 2102 1524 2143 suam
1545 2103 1628 2143 rocca
1643 2102 1781 2142 sonorum
1804 2102 1907 2159 quam·

1061 2177 1249 2251 plurimarum
1276 2175 1391 2231 laudum
1412 2176 1470 2232 Deo
1498 2176 1660 2241 offerentes,
1685 2174 1755 2247 qnia
1777 2175 1909 2245 angelice

1060 2265 1176 2337 agmina
1193 2263 1275 2337 quasi
1291 2263 1414 2319 llumina
1432 2279 1516 2336 aqnae
1529 2264 1600 2319 rivae
1625 2268 1702 2332 sunt,
1726 2279 1792 2337 ques
1806 2268 1908 2318 ventus

1059 2354 1182 2427 Spiritus
1207 2352 1268 2421 uei,
1298 2352 1335 2408 ad
1361 2352 1483 2423 gloriam
1508 2352 1602 2408 laudis
1622 2367 1681 2407 sua
1706 2356 1811 2419 morat,
1842 2366 1909 2406 cum

157 2454 236 2523 Quod
254 2452 357 2525 utiquo
382 2468 454 2525 pers
485 2452 636 2508 dederam
662 2450 818 2523 spirituum
841 2468 952 2510 areana
973 2451 1007 2509 in
1060 2442 1168 2499 eedem
1181 2457 1264 2497 voces
1278 2441 1677 2512 contranigrum'draconem
1692 2440 1907 2512 praeliarentur.
1984 2478 1985 2485 κ

192 2525 260 2581 coe1⁰
272 2540 403 2589 mam,
428 2522 627 2579 est-erateisui
640 2523 785 2581 Gresslorst
802 2540 916 2596 comper
928 2522 1006 2580 ⁰⁸⁸5·
1061 2533 1132 2588 Nam
1157 2528 1273 2587 Michael
1304 2530 1334 2584 in
1363 2529 1480 2585 vocibus
1499 2528 1650 2585 turbarum
1675 2528 1778 2585 occulti
1804 2528 1908 2600 judicii

191 2598 280 2657 ‘lm‘
294 2593 569 2651 mmmmm
583 2594 728 2659 mmmm·
743 2594 849 2679 “uiua
865 2611 1006 2667 ”mm
1060 2620 1113 2675 liei
1139 2618 1273 2673 eumdem
1297 2621 1462 2687 serpentem
1490 2616 1640 2688 percussit,
1676 2617 1813 2690 quonism
1854 2618 1910 2671 ele-

191 2665 504 2809 ᾙΨΜἝἙ
519 2664 889 2804 sszssr’ugdhossmg
908 2665 1007 2809 22⁸5?
1059 2706 1173 2763 ritatem
1197 2704 1358 2760 uicinitatis
1383 2720 1553 2777 cognoscere
1579 2705 1681 2774 voluit,
1704 2720 1829 2777 eumque
1857 2722 1911 2777 per

192 2815 278 2875 rect;
292 2810 319 2865 et
330 2806 407 2879 quod
420 2805 680 2864 omnisrau'onats’s
691 2809 827 2863 meacm
837 2823 894 2862 mm
907 2823 1005 2874 meg,
1061 2795 1196 2851 virtutem
1211 2794 1262 2849 lici
1274 2792 1303 2848 in
1320 2796 1440 2865 puteum
1457 2794 1561 2849 inferni
1581 2793 1711 2865 projecit,
1726 2794 1775 2865 qni
1799 2794 1909 2865 absque

191 2878 241 2935 aad
255 2878 401 2935 creatoris
412 2877 536 2951 glorium
546 2893 661 2949 semper
673 2877 775 2933 dabam
788 2893 922 2950 quarere.
1024 2882 1206 2945 cobstaculo
1231 2881 1313 2937 fundi
1334 2887 1388 2951 est,
1412 2882 1461 2938 ubi
1485 2887 1514 2938 et
1535 2898 1671 2954 sequaces
1689 2882 1754 2952 ejus
1778 2881 1828 2954 qui
1851 2882 1911 2953 ipsi

1060 2974 1272 3025 consenserunt
1297 2984 1364 3025 enm
1383 2968 1463 3025 velut
1484 2970 1655 3042 magistrum
1677 2968 1825 3039 hebentes,
1841 2984 1909 3025 eum

193 3063 225 3120 V.
239 3065 287 3120 list
301 3063 390 3119 etism
411 3062 567 3119 multitudo
589 3061 723 3135 quaedam
744 3063 916 3134 angelornm
938 3078 1005 3119 cum
1059 3057 1122 3129 ipso
1135 3056 1309 3113 ceciderunt.
1325 3056 1382 3113 Sed
1395 3062 1493 3113 tamen
1507 3057 1584 3114 idam
1606 3058 1740 3114 omnibus
1761 3057 1818 3113 illie
1842 3060 1910 3129 plus

158 3154 217 3208 lieo
244 3165 350 3206 arcana
369 3150 400 3204 in
430 3150 512 3216 cralo,
536 3165 624 3220 qnam
646 3149 786 3205 liirinites
812 3149 921 3205 lumine
952 3166 1006 3206 suo
1059 3161 1211 3218 poenarum
1228 3144 1347 3217 recepit,
1372 3145 1440 3217 quis
1462 3146 1493 3201 in
1519 3146 1610 3201 ultum
1636 3146 1725 3201 elium
1760 3162 1849 3218 quam
1878 3147 1909 3200 in

157 3238 296 3310 perfudit,
336 3241 366 3293 et
392 3253 458 3308 quae
480 3236 615 3293 bumana
644 3241 783 3292 creature
809 3236 932 3293 obscura
951 3242 1005 3305 ast,
1060 3234 1188 3305 seipsum
1203 3234 1330 3306 aspicere
1344 3233 1444 3299 voluit,
1461 3248 1528 3289 cum
1551 3234 1598 3290 isti
1620 3233 1651 3289 in
1673 3234 1757 3289 illum
1780 3234 1909 3306 respice-

158 3329 264 3397 prester
295 3322 371 3395 qnod
399 3324 449 3378 illa
471 3341 524 3397 per
547 3325 644 3381 lucida
659 3326 741 3398 sigua
761 3327 952 3398 cognoscitur.
973 3328 1006 3383 lit
1059 3328 1133 3379 rent.
1151 3324 1215 3378 Post
1232 3322 1348 3378 ruinam
1371 3328 1469 3378 autem
1492 3321 1580 3395 hujus
1598 3321 1710 3394 antiqui
1733 3320 1834 3389 hostis,
1855 3338 1909 3376 cse-

158 3413 315 3471 multitudo
330 3412 383 3467 ista
404 3428 470 3469 cum
489 3414 548 3470 Deo
576 3414 669 3487 magis
695 3431 782 3488 quam
798 3432 864 3472 cum
888 3417 1006 3473 homine
1057 3410 1236 3467 lestescbori
1251 3411 1339 3466 Deum
1354 3409 1519 3477 laudabant,
1542 3411 1619 3481 quod
1645 3414 1792 3466 accusator
1805 3426 1908 3465 eornm

158 3498 308 3555 rationalis
330 3504 384 3567 est,
402 3515 526 3573 raroque
544 3501 712 3559 hominibus
724 3510 853 3576 apparet,
873 3521 939 3561 cum
953 3522 1005 3562 en·
1058 3499 1215 3568 cecidisset,
1232 3504 1260 3555 et
1273 3499 1351 3571 quod
1373 3500 1453 3555 locus
1468 3498 1531 3570 eJus
1552 3498 1583 3553 in
1607 3500 1678 3555 coelo
1700 3498 1824 3571 amplius
1846 3513 1908 3553 non

158 3589 217 3662 geli
242 3591 291 3662 qui
320 3605 386 3644 cum
409 3590 575 3648 hominibus
603 3592 740 3649 officiales
776 3599 852 3657 sunt,
888 3595 1004 3667 quando
1059 3589 1289 3644 essetinventus.
1314 3588 1348 3642 Et
1366 3590 1435 3643 tnnc
1453 3588 1542 3645 etiam
1567 3587 1670 3658 majori
1684 3587 1797 3660 fulgore
1821 3586 1908 3641 mira·

158 3678 217 3734 ileo
242 3678 385 3750 placuerit
402 3677 461 3734 illis
483 3680 658 3752 quibusdam
674 3681 764 3753 signis
787 3698 817 3737 se
838 3683 1004 3753 ostendunt,
1057 3675 1127 3733 bilia
1159 3675 1211 3731 llei
1236 3674 1452 3747 cognoscebant,
1482 3690 1569 3747 qnam
1593 3691 1628 3730 ea
1650 3676 1732 3747 prius
1754 3674 1906 3739 vidissent,

158 3764 296 3837 quoniam
311 3766 387 3820 lleus
400 3766 540 3838 quosdam
554 3768 590 3822 ed
606 3768 719 3824 diversa
734 3768 830 3824 cilicia
845 3769 1003 3839 constituit,
1057 3764 1251 3836 intelligentes
1278 3779 1394 3835 quoque
1424 3764 1503 3836 quod
1531 3763 1562 3818 in
1587 3766 1658 3819 coelo
1687 3764 1743 3820 tale
1769 3764 1906 3835 praelium

158 3858 264 3910 etcum
284 3853 423 3909 creaturis
439 3870 489 3910 eos
501 3855 637 3911 officiales
652 3872 713 3912 essa
726 3856 803 3911 lecit.
828 3857 882 3922 Qui
905 3861 1004 3913 umen
1057 3852 1162 3908 amodo
1178 3866 1237 3907 nou
1252 3851 1346 3920 fleret,
1370 3855 1399 3907 et
1423 3851 1502 3922 quud
1518 3852 1614 3907 nullus
1636 3852 1671 3907 de
1696 3851 1766 3907 coelo
1782 3852 1908 3907 ulterius

157 3940 288 4012 quamvis
302 3939 413 3996 diram
432 3940 526 3997 officia
544 3942 678 4009 habeant,
691 3959 793 3999 omnes
808 3959 898 3999 unum
913 3944 1003 3999 ileum
1058 3941 1181 3997 caderet.
1211 3939 1267 3996 Sed
1295 3944 1324 3994 et
1354 3939 1385 3995 in
1423 3956 1497 4012 pura
1519 3939 1668 3996 divinitate
1693 3940 1910 4012 cognoscebant

157 4028 278 4084 colendo
294 4032 324 4083 et
337 4029 452 4085 sciendo
468 4036 652 4086 venerantur.
673 4031 753 4097 Quod
767 4031 791 4087 si
805 4031 923 4087 scientie
937 4046 1004 4087 cum
1060 4044 1215 4085 numerum
1231 4028 1395 4084 cadentium
1416 4028 1570 4101 spirituum
1593 4028 1729 4085 fictilibus
1750 4028 1824 4084 rasis
1848 4028 1908 4084 im-

156 4132 227 4171 sono
246 4116 341 4171 laudis
356 4117 392 4172 ad
413 4118 497 4174 illum
516 4118 625 4191 dequo
642 4124 685 4174 est
705 4135 765 4175 uon
786 4120 905 4187 volaret,
923 4121 971 4176 sed
987 4137 1004 4175 a
1059 4116 1143 4190 pleri.
1163 4116 1242 4173 Unde
1262 4123 1291 4171 et
1309 4132 1361 4187 pro
1381 4116 1488 4188 gaudio
1509 4116 1563 4171 isto
1584 4115 1662 4188 quod
1676 4132 1831 4173 numerum
1846 4116 1909 4171 illo-

157 4219 187 4258 se
201 4203 264 4275 ipse
277 4219 339 4259 esse
357 4204 450 4269 vellet,
475 4207 619 4277 quomodo
642 4213 717 4262 stere
730 4213 837 4279 posset,
862 4225 929 4265 cum
953 4226 1005 4281 per
1023 4180 1045 4237 Ι)
1060 4222 1124 4262 rum
1144 4206 1194 4277 qui
1218 4206 1379 4263 ceciderant
1400 4206 1457 4261 hoc
1480 4206 1565 4289 modo
1591 4205 1745 4260 restaurari
1764 4204 1908 4275 sciebant,

155 4291 293 4363 seipsam
308 4307 367 4347 non
389 4291 445 4347 siu
469 4294 658 4351 Rationalitas
682 4296 760 4352 enim
781 4313 886 4353 sonum
909 4298 1004 4354 laudis
1058 4294 1193 4352 eumdem
1208 4311 1305 4351 casum
1320 4295 1351 4351 in
1367 4294 1535 4367 hujusmodi
1559 4295 1733 4351 oblivionem
1752 4294 1907 4360 ducebant,

154 4379 186 4435 iu
216 4380 306 4436 alium
334 4395 448 4452 semper
475 4384 638 4455 praetendit,
668 4383 794 4456 indeque
816 4386 1003 4457 jucundatur,
1058 4384 1141 4457 quasi
1163 4400 1222 4439 non
1243 4383 1354 4440 fuisset.
1380 4383 1568 4455 Omnipotens
1592 4384 1699 4456 quippe
1722 4384 1799 4438 Dens
1824 4382 1909 4437 cuelc-

156 4468 294 4541 quoniam
310 4468 333 4523 si
354 4484 417 4524 ase
437 4470 500 4541 ipsa
520 4487 623 4528 sonare
645 4474 740 4542 rellet,
766 4475 921 4546 glorificari
945 4490 1004 4530 non
1058 4478 1131 4528 sum
1153 4472 1285 4527 militiam
1310 4471 1342 4526 iu
1365 4471 1492 4529 diversos
1510 4470 1627 4527 ordines
1650 4471 1809 4540 constituit,
1833 4471 1909 4525 sicut

156 4561 269 4629 posset3
286 4556 365 4629 quod
381 4558 468 4615 Satan
490 4559 568 4628 fecit,
588 4577 654 4617 cum
679 4562 774 4619 virere
790 4564 907 4636 incepit,
934 4563 1005 4637 quia
1058 4576 1125 4639 eum
1147 4560 1252 4628 decuit,
1275 4560 1315 4615 ite
1339 4564 1371 4615 ut
1393 4560 1500 4633 singuli
1526 4560 1642 4615 ordines
1669 4560 1764 4616 oltlcia
1789 4574 1843 4616 sua
1865 4565 1909 4616 te·

156 4660 222 4701 cum
249 4646 334 4701 landa
356 4646 392 4702 ad
414 4647 579 4704 Creatorem
602 4665 688 4705 suum
709 4667 768 4707 non
791 4654 924 4723 respexit,
952 4653 1005 4709 sed
1058 4654 1156 4717 neam,
1181 4654 1210 4704 et
1230 4649 1352 4722 quisque
1373 4648 1444 4705 ordo
1467 4648 1673 4721 speculativum
1699 4647 1827 4721 sigillum
1855 4648 1905 4703 elii

156 4748 209 4805 per
233 4734 360 4806 seipsum
386 4750 447 4790 esse
472 4737 570 4793 rolens
594 4740 712 4807 corruit,
741 4756 758 4795 a
783 4740 933 4796 divinitate
956 4742 1005 4797 ab·
1058 4738 1153 4795 ordini
1168 4738 1213 4807 sit,
1227 4744 1257 4793 et
1271 4739 1301 4793 in
1318 4753 1494 4809 unoquoque
1517 4738 1633 4809 speculo
1650 4738 1746 4795 diviua
1768 4738 1906 4809 mysteria

156 4822 261 4908 scissus
293 4826 322 4877 et
346 4823 536 4889 conculcatus,
568 4827 811 4897 quemadmodum
850 4828 954 4901 stipula
987 4845 1005 4885 a
1058 4832 1125 4883 sunt
1153 4842 1216 4899 quaa
1238 4826 1315 4882 idem
1339 4826 1454 4883 ordines
1482 4841 1535 4882 nec
1556 4826 1682 4899 pleniter
1710 4826 1817 4891 ridere,
1852 4842 1905 4881 neo

159 4926 251 4985 grano
283 4909 407 4966 abscissa
441 4912 633 4969 conculcatur.
664 4915 845 4988 Quapropter
867 4916 1005 4988 quaelibet
1058 4916 1141 4984 scire,
1169 4931 1223 4972 nec
1253 4930 1365 4987 sapere,
1395 4931 1448 4972 nec
1476 4914 1560 4971 linire
1580 4919 1710 4987 possunt.
1727 4914 1907 4987 Quapropter

155 5003 287 5055 creatura
312 5014 377 5071 qua
402 4999 481 5071 risit,
505 5000 542 5057 ad
563 5004 725 5060 mentorem
749 5020 833 5059 suum
859 5003 1004 5077 respiciat,
1058 5004 1235 5061 admirantes
1258 5004 1293 5059 de
1322 5003 1406 5060 laude
1431 5004 1463 5059 in
1486 5003 1610 5072 laudem,
1635 5006 1671 5059 de
1685 5000 1778 5075 gloria
1800 5003 1832 5057 in
1845 5003 1907 5074 glo·

158 5104 211 5144 nac
226 5088 350 5160 gloriam
367 5105 384 5143 a
399 5104 430 5144 se
445 5088 508 5162 ipsa
529 5091 636 5147 habere
649 5098 769 5165 quaeret.
785 5094 907 5149 Plenum
920 5109 1005 5149 nem·
1058 5093 1131 5148 riam
1146 5092 1314 5157 ascendunt,
1338 5099 1368 5148 et
1391 5092 1433 5148 sic
1456 5092 1521 5147 nori
1543 5107 1657 5165 semper
1671 5095 1748 5158 snut,
1768 5090 1908 5161 quoniam

158 5176 367 5249 quegandinm
382 5178 515 5234 utilitatis
529 5196 563 5235 ex
583 5196 614 5237 se
628 5180 692 5253 ipso
715 5180 801 5237 bomo
824 5182 930 5238 habere
944 5198 1005 5239 non
1060 5180 1158 5237 omnia
1184 5183 1245 5238 bac
1268 5182 1305 5238 ad
1330 5180 1420 5237 finem
1444 5181 1602 5254 perducere
1625 5196 1686 5236 nou
1718 5179 1823 5235 valent.
1849 5180 1907 5250 lpsi

156 5270 260 5337 potest,
285 5266 342 5321 nisi
376 5266 448 5323 illud
472 5268 509 5325 ab
542 5268 598 5325 alio
629 5270 787 5342 percipiat;
807 5274 837 5325 et
862 5287 929 5326 cum
954 5287 1006 5342 per
1058 5284 1175 5342 quoque
1194 5271 1284 5327 alteo
1300 5269 1417 5342 spiritus
1441 5273 1470 5326 st
1489 5271 1549 5325 rita
1572 5272 1648 5325 sunt.
1666 5268 1746 5324 tlude
1766 5266 1853 5323 etiem
1880 5267 1908 5322 in

158 5353 248 5409 abum
282 5355 413 5411 utilitatis
446 5357 585 5427 gaudium
618 5358 801 5425 intellexerit,
837 5360 1004 5416 exsultatio·
1059 5358 1164 5414 divinis
1177 5358 1311 5414 leudibus
1325 5374 1476 5430 uunquam
1491 5356 1639 5427 deliciunt,
1654 5356 1831 5429 igneamque
1852 5357 1910 5412 cle-

154 5457 223 5498 nem
250 5458 386 5515 magnam
409 5445 440 5501 in
467 5446 553 5503 corde
579 5463 632 5504 suo
653 5448 757 5505 exinde
777 5447 905 5505 babebit.
934 5448 1007 5505 ilinc
1066 5446 1181 5505 ritatem
1206 5447 1258 5505 [lai
1277 5463 1392 5519 semper
1412 5447 1578 5520 inspiciunt,
1608 5450 1695 5518 atqua
1722 5462 1758 5503 ax
1780 5444 1909 5503 claritate
