3984 6034
154 250 204 304 tlt
889 253 918 307 S.
939 249 1177 310 llttneoauuts
1851 257 1905 311 ‘tlt

154 377 186 434 in
216 377 381 452 magisterio
405 383 459 448 est,
479 385 556 436 recte
580 382 730 453 provideat
754 384 900 455 quomodo
923 384 1000 454 seip-
1018 383 1129 439 Acirco
1144 385 1219 439 Deua
1234 384 1289 439 hoc
1305 387 1485 456 praeceptum
1501 383 1527 440 ei
1555 384 1715 462 constituit,
1734 401 1769 440 ne
1788 385 1904 442 diaholo

154 483 219 522 snm
243 468 387 540 deponat,
414 473 443 523 et
474 471 619 542 quomodo
651 487 703 542 per
735 471 806 526 alios
838 472 998 544 dejiciatur.
1056 473 1126 544 quid
1138 471 1231 528 simite
1246 473 1362 540 iaceret,
1376 474 1483 528 scilicet
1503 473 1580 545 qnod
1602 475 1664 529 sine
1686 479 1830 547 precepto
1846 490 1905 528 non

152 557 233 622 Nam,
250 558 326 612 sicut
345 563 458 613 montes
473 559 607 629 plurimis
630 560 666 615 ad
682 559 886 628 defensionem,
903 562 1000 616 mino·
1055 568 1138 629 esset,
1175 561 1248 616 sicut
1279 563 1327 617 itte
1356 579 1417 618 esse
1445 563 1549 630 voluit3
1583 564 1657 618 unde
1689 565 1785 620 nullus
1817 564 1905 618 bomo

152 661 219 702 rum
247 663 365 702 suorum
394 654 471 707 sunt,
502 647 543 702 sic
569 648 655 703 etiam
688 648 738 721 qui
771 651 803 705 iu
832 647 1001 722 magisterio
1054 656 1171 722 propter
1195 650 1319 722 primam
1345 651 1560 722 suggestionem
1578 651 1696 720 diaboli,
1712 668 1799 723 quam
1814 652 1905 707 Adam

153 740 242 803 stant,
267 751 319 806 per
342 735 504 791 doctrinam
531 742 560 792 et
585 738 792 808 obedientiam,
814 755 880 812 quea
903 741 944 794 eis
970 741 1000 795 in
1054 739 1189 810 suscepit,
1214 740 1245 796 in
1268 741 1320 795 hac
1346 742 1399 794 vita
1420 757 1536 796 securus
1566 757 1626 795 esse
1646 746 1751 812 potest.
1775 741 1865 808 Unde,
1888 759 1905 796 o

153 825 213 879 Deo
238 823 400 890 exhibetur,
423 823 551 880 detonsio
571 826 728 882 multorum
748 826 784 882 ah
807 827 919 883 insidiis
940 828 1000 884 ini·
1054 833 1095 893 tu,
1119 827 1180 884 tilia
1205 829 1254 884 liei
1277 827 1433 884 fortissima
1456 834 1600 884 armatura
1627 835 1736 899 septem
1760 830 1905 885 donorum

152 912 294 967 micorum
317 928 436 968 suorum
455 917 507 968 est.
535 914 613 968 tlnde
635 915 833 986 unusquisque
852 917 999 988 magister,
1054 915 1176 989 Spiritus
1205 917 1295 972 sancti
1322 922 1351 973 te
1383 917 1585 988 circumcinge,
1621 934 1686 972 cum
1715 918 1819 990 quibus
1842 919 1906 973 haec

152 1000 283 1074 quandiu
311 1002 396 1056 verba
429 1001 567 1057 doctrinm
595 1003 724 1075 prolerre
753 1008 857 1074 potest,
888 1006 1000 1076 virgam
1053 1009 1162 1076 septem
1194 1005 1262 1060 vitia
1289 1006 1341 1061 tihi
1373 1006 1517 1076 subjicias,
1542 1022 1578 1061 ne
1607 1006 1642 1061 de
1662 1005 1731 1078 ipsis
1761 1008 1902 1078 plangens

152 1089 350 1158 correctionis,
371 1107 458 1162 quam
481 1091 515 1146 dc
536 1107 623 1148 manu
642 1092 690 1146 Dei
711 1092 828 1165 accepit,
845 1109 901 1148 non
924 1094 1001 1166 ahji-
1054 1094 1224 1160 vulnereris,
1240 1099 1270 1150 et
1289 1101 1322 1150 ut
1346 1095 1452 1166 probus
1476 1095 1558 1150 miles
1582 1111 1634 1166 per
1656 1095 1811 1151 fortissima
1829 1097 1906 1154 bella

153 1181 224 1247 ciat;
248 1180 318 1251 quia
342 1196 419 1252 saepe
441 1181 533 1234 lutum
563 1181 623 1234 luto
646 1181 789 1252 abjicitur,
813 1182 885 1237 sicut
909 1183 1001 1254 magi·
1055 1199 1088 1237 aa
1111 1181 1275 1255 superando
1297 1200 1392 1254 surge,
1424 1189 1566 1254 quatenus
1596 1184 1626 1238 in
1651 1189 1792 1240 aeternum
1816 1185 1904 1240 vivas.
1977 1227 1978 1242 ι

153 1273 213 1324 ster
244 1284 297 1339 per
330 1267 495 1339 discipulos,
530 1273 559 1322 et
595 1269 727 1340 discipuli
755 1286 807 1342 per
829 1273 1000 1341 magistrum
1056 1270 1130 1328 Deus
1144 1271 1174 1327 in
1188 1272 1303 1343 speculo
1319 1273 1482 1328 salvationis
1496 1271 1652 1340 leutitia,
1667 1273 1771 1328 videat.

152 1359 321 1413 abluuntur.
355 1358 475 1428 Propter
503 1361 612 1412 metum
640 1359 718 1413 enim
741 1358 946 1430 discipulorum
970 1375 1000 1414 se
1340 1360 1503 1417 EPlSTOLA
1522 1361 1614 1419 XLlll.
1977 1389 1978 1394 ¹

153 1447 273 1519 alssiget,
297 1452 325 1502 et
345 1463 362 1500 a
386 1446 543 1500 tortoribus
567 1447 761 1519 inquietorum
794 1448 1001 1520 discipulorum
1188 1463 1347 1504 meaaooris
1366 1447 1556 1504 curnsosu'an
1575 1465 1776 1506 nrunaaseoau.

153 1536 284 1608 punitur,
300 1539 332 1589 ut
345 1551 490 1590 summum
513 1535 692 1607 magistrum.
708 1537 759 1608 qui
783 1553 849 1592 eum
872 1537 912 1591 sic
926 1553 999 1610 prae-
1126 1541 1165 1594 lle
1178 1554 1296 1611 corpore
1310 1537 1490 1610 elranpuine
1504 1536 1610 1595 Christi
1624 1536 1736 1593 edoceri
1749 1536 1830 1609 petit.

153 1624 245 1687 cessit,
264 1623 404 1679 imitetur.
427 1624 462 1679 lit
477 1623 554 1679 dicet
568 1641 575 1679 ε
591 1627 738 1698 Praecpta
761 1627 812 1680 tuo
829 1625 872 1680 eis
888 1624 1042 1723 ostendiB
1094 1628 1262 1683 fliuuaosanr
1285 1631 1370 1682 castae
1390 1625 1530 1682 columbae
1553 1627 1583 1680 iu
1604 1625 1795 1681 foraminibus
1815 1631 1906 1696 petrae
1977 1647 1978 1680 ι

154 1711 589 1784 (arod.xv111)‚ste.nrcuam
614 1713 710 1769 dicet:
736 1713 790 1784 pei
811 1713 894 1770 trabat
916 1731 1003 1770 aures
1057 1713 1181 1770 latitanti
1205 1714 1302 1785 (Garri.
1332 1714 1373 1786 u),
1398 1715 1428 1770 C.
1449 1730 1481 1769 ex
1505 1715 1620 1770 lamulis
1640 1713 1744 1770 Christi
1766 1713 1907 1768 minimus

152 1800 300 1869 cudendi,
312 1799 417 1858 aeaut
430 1801 546 1873 (Muttlt.
562 1802 635 1874 rm).
658 1804 689 1858 lu
708 1802 754 1857 his
768 1801 846 1857 enirn
861 1803 948 1869 disco,
966 1819 1002 1858 ne
1056 1802 1197 1870 sacerdos,
1216 1801 1325 1857 intimas
1340 1801 1480 1857 orationis
1494 1801 1689 1870 devotionem,
1710 1805 1739 1855 et
1760 1800 1904 1873 quidquid

154 1893 274 1961 propter
300 1887 436 1942 nebulam
469 1888 672 1944 vicissitudinis
698 1889 905 1961 discipulorum
936 1896 1002 1946 tno·
1057 1895 1167 1962 spectat
1182 1890 1217 1945 ad
1232 1895 1369 1946 aeternam
1386 1891 1517 1947 salutem.

155 1993 250 2033 rum:
278 1992 331 2031 nec
358 1976 446 2032 etiam
476 1983 593 2049 propter·
619 1979 738 2033 taedium
766 1978 871 2033 laboris
897 1979 1001 2050 fugias.
1092 1979 1163 2045 Quia
1197 1979 1248 2035 liei
1282 1979 1374 2052 gratia
1405 1981 1455 2036 lux
1485 1986 1578 2034 vestra
1611 1995 1708 2035 coram
1740 1982 1906 2037 hominibus

157 2065 229 2120 Nam
264 2065 349 2120 multi
380 2064 444 2136 plus
476 2071 593 2137 propter
622 2067 741 2122 retium
774 2068 889 2135 laboris,
915 2084 1003 2141 quam
1057 2068 1210 2124 salubriter
1243 2069 1319 2124 lucet
1345 2069 1463 2140 (Metili.
1498 2072 1535 2136 v),
1565 2069 1676 2124 Patrem
1701 2074 1825 2126 vestrum
1855 2071 1907 2142 qui

154 2157 274 2225 propter
306 2154 504 2210 necessitatem
529 2155 620 2223 illam,
650 2156 726 2227 quod
757 2154 912 2228 discipulos
935 2172 1003 2211 suos
1057 2173 1106 2212 ros
1136 2157 1285 2212 ardentem
1314 2157 1461 2216 lucernam
1486 2157 1520 2212 ad
1545 2157 1788 2212 illuminationem
1811 2159 1906 2214 Eccle-

154 2241 268 2296 vincere
303 2256 363 2296 non
390 2246 519 2313 possunt,
548 2242 675 2314 lugiunt.
706 2244 790 2299 Clara
808 2249 906 2299 autem
929 2244 1001 2312 dies,
1057 2243 1107 2299 siae
1141 2245 1302 2316 supposuit,
1330 2243 1483 2315 glorifico:
1518 2250 1547 2298 et
1580 2243 1711 2315 quamvis
1736 2243 1848 2315 fragilis
1877 2250 1908 2299 et

156 2345 242 2401 ιχιιιιιιι
270 2334 425 2401 tempestas
453 2346 513 2386 non
534 2331 695 2401 obnubilat,
719 2332 856 2404 gandium
880 2332 1004 2405 pleniter
1057 2336 1206 2405 peccator,
1236 2333 1380 2388 sanctitati
1418 2337 1515 2387 tumen
1558 2337 1657 2388 vestrae
1691 2349 1748 2404 qua
1784 2333 1908 2388 caelestis

155 2418 250 2474 habet.
265 2418 347 2474 lllam
367 2419 458 2475 Adam
482 2425 548 2476 ante
566 2436 664 2476 eastun
687 2421 797 2477 habuit.
821 2421 877 2477 Sed
892 2421 1004 2492 primus
1058 2421 1154 2491 sponsi
1190 2420 1367 2492 amplexibus
1402 2421 1543 2491 singulari
1568 2420 1719 2492 privilegio
1748 2419 1907 2488 inheretis,

155 2507 241 2562 fallax
266 2507 399 2580 deceptor
426 2508 518 2581 ipsam
545 2508 633 2578 diem,
657 2514 688 2565 et
710 2527 763 2582 per
789 2511 1003 2582 suggestionem
1057 2509 1220 2565 cordialiter
1250 2509 1428 2580 congaudeo.
1458 2509 1632 2565 charitatem
1663 2508 1750 2562 etiem
1784 2515 1908 2565 vestram

156 2611 239 2651 suam
253 2597 441 2666 obnubilavit,
465 2598 497 2653 in
522 2614 579 2670 qua
601 2605 711 2671 septem
727 2599 820 2671 plage
838 2604 914 2669 sunt,
937 2615 1003 2671 quae
1057 2597 1192 2668 ignorare
1215 2597 1293 2666 nolo,
1318 2597 1394 2668 qnod
1421 2597 1466 2652 die
1492 2603 1636 2668 noctuque
1661 2596 1731 2652 iacie
1755 2602 1838 2652 tenus
1862 2597 1908 2650 vi-

156 2685 282 2740 animam
297 2685 458 2742 vulnerant.
1057 2687 1125 2742 dere
1155 2685 1298 2754 desidero,
1324 2691 1353 2742 et
1374 2686 1488 2741 assidue
1517 2685 1603 2740 vestri
1627 2685 1768 2741 memoria
1793 2686 1821 2740 in
1846 2703 1908 2740 ora·

193 2773 287 2828 Prima
313 2774 411 2846 plaga,
434 2791 508 2830 rana
533 2776 625 2848 gloria
653 2782 706 2845 est,
736 2793 801 2849 quie
825 2777 880 2832 hoc
907 2777 944 2832 ad
972 2792 1003 2831 se
1056 2774 1136 2830 hone
1168 2790 1233 2829 mea
1265 2775 1382 2841 iaciens,
1413 2791 1463 2828 vos
1494 2775 1642 2830 absentem
1675 2790 1795 2846 corpore
1824 2775 1908 2846 quasi
1978 2795 1979 2830 3

156 2860 276 2932 colligit,
291 2862 367 2933 qnod
383 2878 435 2917 nec
451 2865 582 2932 messuit,
607 2880 660 2919 nec
681 2864 848 2932 seminavit;
874 2870 904 2918 et
926 2865 1003 2936 quod
1057 2867 1230 2934 presentem
1254 2862 1401 2918 interdum
1425 2862 1583 2934 amplector
1606 2869 1710 2918 ruente.
1738 2865 1810 2934 Ergo
1840 2880 1906 2934 per·

156 2948 184 3004 ei
213 2950 352 3007 donatum
381 2967 397 3004 a
428 2952 487 3006 Deo
519 2968 576 3006 non
603 2960 656 3021 est,
681 2953 736 3008 sihi
763 2953 918 3009 constituit.
945 2954 1004 3008 lloe
1023 2951 1211 3019 eiectionem
1235 2955 1358 3006 vestram
1377 2951 1540 3007 humillime
1565 2953 1712 3023 deprecor,
1740 2957 1770 3006 ut
1802 2969 1907 3024 sponso

156 3036 268 3108 primus
293 3038 429 3111 deceptor
456 3039 570 3109 docuit;
592 3042 660 3112 quia
684 3042 745 3112 ipse
777 3041 854 3096 idem
885 3042 1001 3111 iecerat,
1057 3045 1162 3108 restro,
1195 3039 1248 3096 suh
1282 3041 1365 3111 ciijus
1393 3041 1498 3096 umbre
1530 3041 1720 3113 requiescitis,
1754 3057 1799 3096 me
1826 3042 1909 3113 juxta

157 3137 187 3181 ct
209 3125 274 3181 ideo
299 3142 371 3182 vana
399 3128 491 3198 gloria
523 3130 613 3184 Deum
644 3145 704 3185 non
725 3130 838 3201 querit.
862 3129 1003 3199 Secunda,
1057 3129 1136 3184 viam
1151 3129 1341 3185 mendicantis
1356 3129 1461 3201 (Mora,
1471 3129 1500 3202 ιι)
1510 3129 1731 3198 commendetis,
1747 3145 1782 3185 ne
1793 3134 1909 3201 praeter-

157 3214 235 3284 quod
265 3215 352 3270 homo
377 3217 474 3284 sentit,
508 3216 576 3288 quia
606 3234 725 3288 peccare
747 3223 856 3290 potest3
880 3223 909 3273 et
936 3219 1004 3274 inde
1057 3217 1119 3272 iens
1140 3218 1226 3273 turba
1248 3219 1404 3273 clamorem
1436 3235 1534 3273 meum
1562 3223 1738 3290 compescen
1763 3218 1811 3274 sed
1843 3235 1909 3274 ora·

157 3302 377 3359 delectationem
393 3305 487 3360 carnis
507 3306 562 3361 sihi
586 3307 775 3375 thesaurizat,
802 3313 830 3363 et
856 3308 891 3363 de
918 3314 1006 3379 gustu
1057 3304 1184 3360 tionibus
1218 3306 1319 3360 vestris
1351 3305 1385 3360 ad
1420 3306 1577 3361 Dominum
1607 3307 1764 3374 adductus,
1795 3321 1909 3362 merear

156 3391 250 3461 ipsam
269 3392 709 3466 delectationem'amplectendo
732 3398 886 3452 osculatur.
911 3397 1006 3452 Tertia
1058 3393 1227 3462 illuminari,
1256 3399 1286 3448 et
1310 3411 1328 3450 a
1350 3395 1476 3450 coecitate
1497 3395 1590 3451 cordis
1608 3395 1713 3450 sanari.
1731 3396 1770 3452 De
1784 3411 1907 3466 corpore

158 3479 272 3535 ruinam
294 3496 360 3536 cum
379 3482 493 3553 magnis
506 3483 653 3540 doloribus
667 3483 699 3539 in
721 3484 860 3556 squalidis
876 3484 1005 3540 moribus
1059 3488 1088 3537 et
1115 3483 1254 3554 sanguine
1280 3483 1395 3552 Christi,
1420 3484 1449 3537 in
1474 3483 1580 3555 quihus
1604 3489 1664 3538 tota
1686 3500 1751 3554 spes
1778 3482 1909 3539 fidelium

157 3567 290 3635 aedificat,
322 3570 361 3625 ita
384 3571 463 3644 quod
483 3571 572 3627 homo
592 3574 662 3628 vivit
684 3574 767 3645 quasi
793 3575 850 3628 lieo
874 3578 1006 3629 mortuus
1059 3576 1112 3638 est,
1144 3571 1231 3626 etiam
1256 3571 1355 3627 docete
1381 3588 1438 3639 me,
1464 3577 1493 3626 et
1524 3571 1647 3643 qualiter
1672 3572 1703 3626 in
1722 3572 1824 3644 spiritu
1850 3579 1909 3628 tam

157 3656 203 3724 sit,
219 3661 247 3711 et
261 3657 338 3728 quod
357 3657 403 3712 rix
417 3658 504 3713 etiam
523 3664 620 3732 sperat
641 3660 719 3732 quod
736 3662 812 3716 Deus
833 3676 899 3716 eum
924 3662 1004 3729 sciat,
1059 3659 1251 3714 incorrectum
1272 3674 1361 3731 quam
1385 3664 1556 3726 correctum,
1584 3658 1620 3713 ad
1643 3659 1721 3714 idem
1745 3675 1910 3714 sacramen-

158 3744 212 3800 Sed
226 3751 327 3816 quarta
340 3746 453 3802 fallacia
476 3753 530 3816 est,
546 3764 598 3820 per
620 3765 708 3820 quam
730 3751 818 3805 homo
840 3750 877 3804 de
899 3749 1005 3820 praedi·
1059 3752 1121 3802 tum
1157 3748 1332 3802 sacerdotem
1375 3747 1559 3802 accedentem
1600 3747 1729 3813 videatis,
1769 3747 1839 3803 mibi
1878 3747 1909 3802 in
1979 3807 1980 3810 Ἴ

157 3833 209 3888 ctis
237 3834 360 3905 peccatis
390 3852 420 3890 se
444 3843 559 3892 excusat
588 3844 618 3892 et
651 3838 793 3906 delendit;
824 3839 865 3893 ita
897 3838 1007 3893 scilicet
1062 3835 1183 3892 Domino
1204 3835 1388 3892 manifestare
1412 3835 1528 3892 curetis.
1557 3835 1695 3891 [lominus
1718 3835 1819 3907 quiin
1843 3853 1908 3891 om·
1979 3811 1980 3880 i

158 3922 235 3993 quod
252 3923 415 3994 periculosa
429 3940 489 3979 non
505 3929 572 3979 sunt
593 3930 625 3980 ut
647 3926 674 3980 ei
697 3925 896 3992 ostendantur,
919 3931 1006 3998 atque
1060 3925 1154 3992 nibus,
1171 3929 1199 3979 et
1213 3940 1300 3994 snper
1316 3925 1414 3978 omnin
1439 3929 1491 3992 est,
1515 3923 1595 3979 vobis
1618 3923 1752 3980 infundet
1774 3941 1818 3988 eo,
1843 3941 1909 3996 quae

158 4009 407 4066 ideoitaodiosus
425 4012 611 4068 adhomines
629 4013 765 4086 tit,quod
781 4015 890 4069 nemini
912 4015 1006 4070 conti-
1062 4012 1191 4068 Ecclesiae
1227 4019 1333 4068 senctae
1380 4028 1453 4068 sure,
1477 4012 1513 4068 ad
1549 4012 1671 4084 gloriam
1723 4012 1907 4068 conveniunt.

159 4096 210 4153 dit.
236 4096 353 4166 Quinta,
385 4098 520 4170 superbia
544 4105 597 4167 est,
624 4115 689 4171 quie
717 4101 798 4161 dicit:
823 4101 893 4172 quia
917 4102 1006 4156 homo
1060 4101 1165 4156 Valete.

158 4191 277 4257 propter
303 4201 418 4242 carnem
451 4187 638 4242 humanitatis
669 4205 735 4256 sure,
761 4189 797 4244 de
825 4189 948 4261 peccatis
974 4205 1005 4244 se
1245 4189 1454 4246 RESPONSUM
1474 4189 1718 4246 lllhllEGAllttlS.

158 4273 301 4330 abstinere
326 4290 387 4330 nou
413 4275 512 4347 possit,
545 4282 573 4331 et
597 4277 663 4332 ideo
685 4278 890 4333 inconveniens
918 4264 1047 4345 esset,D
1248 4276 1604 4350 Decorporeetruapur'ue
1618 4276 1735 4334 Gir-isli.

158 4362 268 4434 quoda
287 4363 451 4419 carnalibus
472 4364 621 4421 desideriis
634 4366 789 4422 secederet.
809 4368 886 4422 Hanc
908 4366 1002 4438 legem
1094 4365 1239 4437 [huense]
1259 4367 1289 4420 ln
1314 4381 1380 4420 vera
1402 4365 1511 4421 visione
1533 4365 1720 4437 vigilantibus
1747 4365 1846 4428 ocutis.
1874 4366 1910 4420 de

158 4451 291 4523 superbia
306 4451 336 4507 in
357 4453 520 4509 temeritate
543 4454 597 4510 sibi
621 4455 714 4526 ponit,
741 4456 817 4512 unde
839 4461 868 4510 et
890 4456 1003 4510 nullum
1058 4458 1238 4510 sacramento
1254 4453 1398 4510 llominici
1420 4453 1549 4525 corporis
1571 4455 1633 4509 brec
1655 4453 1743 4508 verba
1765 4453 1862 4508 audivi
1882 4459 1910 4508 et

158 4545 321 4610 respectum
335 4540 372 4596 ad
387 4542 477 4597 licum
490 4542 586 4598 habet.
613 4546 645 4599 nt
660 4550 739 4600 sexta
754 4545 839 4617 plaga
858 4549 911 4612 est,
928 4543 1005 4616 quod
1057 4541 1136 4597 vidi:
1157 4543 1232 4596 [teus
1249 4541 1279 4598 id
1305 4541 1382 4614 quod
1403 4542 1467 4610 luit,
1492 4542 1665 4614 permensit;
1688 4545 1717 4596 et
1744 4540 1823 4613 quod
1850 4557 1909 4596 non

157 4627 244 4682 bomo
265 4629 387 4684 salutem
410 4645 529 4685 snama
558 4637 688 4687 rreatura
718 4631 830 4704 querit,
861 4637 889 4686 et
913 4632 948 4687 ab
968 4648 1004 4688 ea
1057 4635 1130 4698 erat,
1144 4629 1308 4700 assumpsit.
1325 4630 1405 4696 Quod
1422 4634 1491 4685 est:
1519 4629 1656 4686 Divinitas
1676 4635 1708 4684 ut
1729 4635 1795 4686 ante
1815 4646 1909 4686 evum

157 4715 292 4787 postulat,
315 4721 349 4771 ut
376 4718 433 4788 ipsi
456 4733 693 4792 unamquamque
717 4737 778 4775 rem
807 4720 948 4787 ostendat,
974 4725 1004 4775 et
1059 4718 1125 4786 luit,
1149 4719 1189 4773 ita
1211 4717 1240 4773 in
1262 4724 1402 4774 aetornum
1436 4718 1606 4790 permansit,
1634 4719 1712 4773 vetut
1735 4723 1796 4774 tota
1818 4718 1910 4773 divisa

157 4803 198 4859 ita
212 4805 376 4860 Creatorem
394 4822 480 4862 suam
504 4808 534 4863 in
557 4809 689 4865 irrisione
713 4808 809 4876 habet,
828 4813 857 4865 ct
871 4808 943 4863 nihil
966 4807 1004 4864 uh
1058 4823 1116 4862 non
1144 4811 1195 4862 est.
1225 4806 1281 4862 Sed
1313 4807 1473 4862 incarnatio
1504 4807 1568 4863 Filii
1605 4806 1734 4862 nondum
1778 4821 1843 4862 caro
1880 4811 1910 4862 et

157 4908 191 4947 eo
206 4893 312 4964 querit
326 4894 405 4950 velut
418 4893 515 4966 ipsum
529 4897 664 4969 adiuvare
679 4913 736 4953 non
751 4897 851 4969 possit.
874 4897 1005 4969 Septima
1057 4895 1175 4966 sanguis
1200 4896 1344 4968 apparuit,
1373 4908 1438 4968 quae
1462 4901 1527 4952 aute
1548 4912 1641 4952 evum
1667 4897 1697 4950 in
1714 4895 1798 4952 eorde
1818 4897 1909 4953 Patris

156 4995 223 5035 vero
246 4981 346 5053 plaga,
370 4988 414 5038 est
433 4982 603 5040 idololatriae
627 4984 747 5041 servitus
769 5001 835 5058 qne
856 4985 1003 5041 diabolum
1055 4985 1257 5058 praedestinata
1279 4985 1373 5042 latuit.
1400 4986 1539 5056 Tempora
1571 4989 1636 5041 aute
1659 4985 1721 5050 illo,
1747 4999 1806 5056 quo
1830 5001 1906 5057 prae·

156 5068 259 5123 adorat
288 5075 318 5125 et
346 5073 437 5126 mum
465 5073 632 5128 contemnit.
661 5074 694 5128 nt
716 5073 770 5128 ista
789 5077 899 5146 septem
922 5075 1001 5143 vitio,
1056 5075 1230 5131 deshnatum
1258 5073 1322 5142 ruit,
1348 5073 1437 5128 Filius
1467 5089 1582 5130 carnem
1613 5073 1717 5136 induit.
1745 5077 1774 5127 et
1793 5073 1820 5128 vi
1845 5073 1908 5128 lor-

156 5158 239 5229 quasi
252 5158 385 5214 militiam
401 5159 455 5216 sibi
479 5160 621 5218 subditam
641 5161 671 5217 in
693 5162 815 5234 negotiis
838 5163 898 5218 suis
915 5179 1003 5234 super
1056 5161 1191 5219 titudinis
1219 5177 1279 5218 suae
1308 5178 1339 5216 se
1374 5161 1534 5233 precinxit,
1562 5161 1804 5234 quemadmodum
1837 5166 1908 5216 scri·

156 5260 311 5302 numerans
334 5263 482 5305 ramorum
504 5250 639 5306 arborum
662 5251 783 5320 habeut3
809 5251 878 5324 quia
904 5250 1003 5307 omnia
1056 5254 1137 5322 ptum
1167 5255 1234 5305 est:
1259 5248 1381 5306 lndutm
1403 5251 1446 5304 est
1472 5249 1611 5306 Dominus
1635 5248 1849 5316 fortitudinem,
1877 5253 1908 5306 et

154 5334 261 5389 hucin
275 5336 501 5408 transgressione
515 5339 712 5406 comestionis,
728 5339 806 5412 quod
820 5338 910 5395 Adam
927 5356 1002 5396 eom·
1053 5335 1203 5410 praebuit
1232 5353 1264 5392 re
1295 5336 1382 5408 (Prot.
1406 5339 1481 5409 rcu).
1509 5339 1542 5394 lit
1563 5339 1625 5410 ipsa
1649 5337 1818 5394 indumenta
1844 5355 1907 5394 san-

155 5422 224 5490 edit,
249 5421 413 5494 latuerunt;
437 5425 560 5498 ideoque
589 5428 665 5484 lieris
699 5430 734 5484 ad
765 5428 860 5499 ipsum
894 5428 998 5484 dixit:
1056 5433 1108 5482 otte
1148 5425 1355 5484 iucarnationis
1401 5427 1522 5499 angelus
1561 5426 1738 5498 simplicitati
1782 5427 1905 5498 Virginis

154 5511 193 5564 In
205 5525 264 5583 qun
276 5511 526 5584 turucomedertr,
540 5520 632 5572 morte
648 5516 779 5574 morieris
793 5517 867 5590 (Gen
885 5517 938 5588 ur).
955 5518 1000 5574 ld·
1056 5514 1200 5574 nuntiavit
1211 5514 1293 5584 (latu
1314 5512 1345 5585 ι),
1361 5512 1392 5569 in
1415 5531 1472 5587 qua
1487 5514 1706 5570 tundamentum
1731 5514 1903 5572 humilitatis
