3984 6034
92 200 142 260 ιιι
350 175 368 214 ⁰
739 195 926 258 autarcen.
940 196 1089 256 -ιιιιτ,
1108 195 1180 254 xiv.
1791 201 1842 256 ιιι

87 339 160 394 ritas
174 342 229 408 ext,
244 344 272 395 et
287 339 336 394 illa
351 336 466 394 claritas
490 335 673 408 splendorem
688 335 785 406 habet,
800 340 830 391 et
843 337 939 408 splen·
958 339 981 392 Α
997 335 1135 391 lllaenim
1150 334 1249 407 opinio
1262 341 1307 390 est
1319 350 1385 406 quae
1409 334 1441 391 in
1470 351 1501 390 se
1527 336 1655 408 respicit,
1679 341 1709 393 et
1730 351 1795 408 quae
1812 338 1845 392 in

86 427 141 482 dor
157 426 208 482 ille
220 426 330 498 ignem,
347 429 376 481 el
390 439 481 479 unum
497 428 574 478 sunt.
599 422 734 494 Quisquis
756 423 810 478 huc
832 423 938 479 iulide
993 422 1106 479 nullum
1138 422 1268 480 contidit.
1300 424 1373 478 Nam
1402 422 1464 494 ipsa
1492 424 1563 494 anit,
1591 425 1670 496 quod
1695 425 1845 481 benenon

86 529 147 568 non
170 514 376 582 babetlieum
392 528 449 568 uun
464 512 636 584 videt,quia
660 511 695 567 ab
716 527 750 566 eo
771 510 938 567 abscindere
993 512 1070 579 rult3
1086 517 1116 567 et
1138 527 1252 583 semper
1280 512 1335 568 hoc
1362 517 1519 583 computat,
1543 514 1621 585 quod
1650 513 1712 585 ipsa
1738 514 1844 570 eonsti-

85 602 149 656 rutt
174 601 253 674 quod
278 606 329 668 est,
351 599 489 672 quoniam
513 600 589 656 Deus
612 599 785 656 dividendus
811 615 870 655 nun
884 604 936 654 est.
991 601 1068 669 tuir3
1093 607 1123 656 et
1153 602 1308 658 tenebrosa
1339 607 1393 670 est,
1414 601 1484 672 qnia
1510 601 1608 657 lumen
1635 603 1766 658 raritatis
1793 603 1843 660 de·

86 689 183 760 Opera
198 689 285 748 etiam
303 704 369 760 qum
392 690 468 745 Deus
482 688 621 753 condidit,
645 688 786 760 integram
805 687 938 759 proprie·
993 689 1095 760 spexit,
1111 693 1140 746 et
1153 688 1363 762 incoepitquud
1396 689 1537 760 perticere
1558 705 1617 745 non
1641 691 1752 762 potnitt
1765 690 1844 748 unde

85 781 175 832 tatem
190 777 345 834 nominum
359 791 480 832 suorum
494 791 555 830 nun
577 775 693 841 hahent,
718 776 835 848 qnando
850 775 938 832 borno
992 778 1065 834 nihil
1093 782 1145 846 est,
1175 778 1244 851 quia
1270 795 1287 834 a
1320 780 1379 835 ileu
1403 793 1457 834 nee
1479 779 1566 848 facta,
1596 795 1650 835 nec
1671 784 1768 836 creata
1787 783 1842 835 eet.

85 864 134 920 illa
150 865 265 920 dividit.
286 865 404 922 Claritas
431 867 476 920 est
500 863 668 935 paternitas,
697 879 731 920 ex
756 879 812 935 qua
841 863 940 919 omnia
994 868 1059 938 ipsa
1084 867 1115 922 in
1141 867 1236 939 primo
1266 867 1369 941 angelo
1399 867 1527 940 incaepit,
1548 883 1614 924 cnm
1637 869 1686 924 ille
1699 868 1842 940 fulgorem

86 963 258 1024 nascuntur,
271 959 299 1010 et
312 967 377 1027 qnae
397 951 496 1009 omnia
509 953 678 1019 circumdat,
702 951 771 1024 quia
795 953 831 1008 da
855 953 881 1007 vi
897 953 940 1024 ip·
994 971 1079 1011 sunm
1092 955 1225 1028 inspexit,
1250 959 1278 1010 et
1297 955 1466 1026 opinionem
1487 955 1562 1023 iniit,
1585 961 1615 1011 et
1636 972 1696 1011 non
1719 957 1791 1014 vidit
1808 957 1843 1013 de

84 1043 143 1096 ιιιιι
158 1047 240 1097 sunt.
256 1043 326 1097 Nam
348 1047 377 1096 et
400 1043 500 1098 eadem
523 1041 566 1096 ris
590 1040 738 1096 hominem
760 1041 838 1106 iecit,
861 1046 891 1096 et
908 1042 939 1098 in
994 1044 1200 1115 quoeumdem
1213 1044 1356 1116 fulgorem
1377 1044 1513 1112 haberet;
1528 1044 1622 1100 sedin
1637 1045 1731 1116 seipso
1751 1045 1842 1102 dixit:

85 1131 183 1202 ipsum
194 1131 373 1203 spiraculum
390 1129 454 1185 ritae
468 1128 548 1184 misit
566 1127 645 1196 (Gerr.
666 1132 707 1193 ιι).
727 1127 782 1184 Sed
809 1130 939 1186 ethumu
994 1132 1135 1188 Dominus
1163 1147 1226 1188 esse
1240 1133 1315 1201 rulo,
1336 1137 1365 1188 et
1387 1133 1475 1189 atium
1499 1133 1579 1188 nolo.
1601 1133 1647 1189 Sic
1662 1134 1755 1206 gloria
1782 1135 1845 1206 ejus

85 1219 113 1273 in
131 1219 240 1275 eadem
264 1218 292 1274 vi
308 1219 451 1274 efficacem
474 1216 608 1274 ellectum
632 1217 663 1272 in
684 1233 714 1272 se
739 1217 836 1272 habet.
860 1217 938 1284 Quu—
994 1220 1105 1292 abipso
1120 1221 1247 1288 evannit,
1263 1225 1293 1276 et
1305 1235 1369 1276 earn
1383 1220 1520 1293 perdidit,
1545 1226 1574 1277 et
1587 1220 1721 1294 princeps
1735 1221 1844 1294 geben·

84 1307 200 1362 modo?
216 1308 289 1362 t'aro
303 1306 338 1361 de
353 1319 450 1374 carne,
467 1308 495 1359 et
509 1303 617 1360 bonnm
631 1305 667 1360 de
682 1319 716 1358 eo
731 1303 807 1377 qnod
830 1304 938 1360 buniam
994 1325 1039 1364 na
1055 1309 1147 1365 lactus
1170 1313 1214 1365 est
1238 1310 1313 1377 (lac.
1340 1311 1409 1380 xre).
1434 1309 1512 1364 Tunc
1530 1310 1605 1365 bens
1628 1309 1685 1366 alio
1707 1309 1769 1366 illio
1792 1327 1845 1366 suu

84 1399 138 1462 est,
154 1396 187 1450 in
202 1395 281 1449 buna
302 1394 378 1449 tama
407 1393 558 1461 emittitur,
589 1397 618 1448 et
643 1392 673 1448 id
700 1391 778 1448 buno
805 1393 939 1464 exemplo
994 1395 1117 1467 gloriam
1136 1395 1215 1450 illins
1234 1395 1323 1466 dedit,
1348 1397 1400 1468 qui
1427 1397 1458 1452 in
1483 1400 1542 1452 tarn
1571 1397 1688 1453 robusta
1702 1398 1730 1454 vi
1752 1398 1845 1454 lactus

84 1485 115 1539 in
129 1483 190 1538 atio
220 1483 338 1538 hunnine
356 1487 489 1554 angetur.
516 1482 571 1536 Ista
588 1485 617 1536 et
635 1481 789 1537 carnaliter
817 1486 846 1537 et
858 1481 940 1553 spiri-
994 1483 1134 1557 estquod
1152 1500 1254 1540 omnes
1268 1489 1408 1540 creature
1433 1485 1488 1556 ipsi
1511 1486 1631 1542 adsunt:
1647 1491 1677 1541 et
1691 1486 1743 1559 qni
1756 1488 1844 1543 etiam

85 1571 185 1628 taliter
208 1571 240 1626 in
255 1570 374 1626 homine
389 1573 464 1637 sunt,
480 1569 550 1641 quia
565 1568 642 1624 aliud
660 1568 696 1624 de
713 1569 771 1624 atio
796 1569 937 1640 procedit.
994 1573 1025 1627 in
1039 1577 1099 1627 tarn
1113 1571 1180 1628 furti
1195 1572 1224 1627 ιιι
1245 1574 1418 1628 constitutas
1440 1579 1493 1641 est,
1509 1578 1541 1629 nt
1558 1573 1682 1646 gloriam
1698 1575 1778 1632 ittam
1791 1592 1845 1648 per

85 1663 180 1716 Homo
199 1659 284 1715 utiba
304 1674 393 1731 opera
416 1673 467 1713 sna
486 1656 571 1713 valde
586 1657 694 1730 diligit,
709 1657 779 1729 quia
797 1657 833 1712 de
845 1657 937 1712 scien·
958 1634 1093 1717 Βοιίιιιιι
1108 1677 1168 1716 non
1180 1661 1323 1734 perderet.
1340 1662 1374 1716 ln
1393 1662 1444 1717 illa
1466 1661 1546 1717 enim
1570 1662 1846 1736 maledictioneque

83 1750 190 1804 tiasrra
203 1749 235 1804 in
250 1752 314 1803 actu
329 1751 407 1802 sunl.
423 1745 468 1802 Sic
483 1749 511 1802 et
528 1746 603 1800 lleus
618 1746 688 1814 vult,
706 1752 735 1800 nt
760 1750 790 1801 et
814 1760 867 1801 sue
898 1745 940 1800 vis
994 1749 1127 1806 diabotus
1141 1752 1231 1806 Deum
1250 1748 1355 1817 noluit,
1374 1750 1497 1806 stultitia
1522 1749 1553 1806 ιιι
1575 1750 1706 1820 homine,
1727 1752 1786 1808 ileu
1814 1752 1845 1808 in

84 1854 137 1909 par
153 1836 257 1892 omnia
281 1851 390 1907 genera
411 1850 462 1890 sua
483 1849 514 1889 se
536 1833 677 1896 ostendat,
697 1833 766 1905 quia
792 1849 866 1905 opus
880 1835 941 1906 ejus
995 1838 1104 1896 honore
1118 1837 1220 1893 similis
1232 1854 1294 1892 esse
1310 1837 1491 1903 desiderarit,
1508 1838 1617 1894 scilicet
1639 1844 1672 1894 nt
1694 1840 1771 1895 Dens
1791 1845 1844 1895 est.

83 1931 165 1982 snut.
183 1927 219 1980 Et
233 1924 372 1996 splendor
397 1922 494 1978 oculos
515 1922 574 1990 dat,
598 1925 626 1978 et
645 1921 781 1993 splendor
794 1921 842 1978 ille
863 1923 941 1978 tilius
993 1926 1049 1984 Sed
1070 1931 1169 1998 maran
1189 1925 1273 1981 illum
1288 1941 1427 1988 amorem,
1441 1926 1518 1998 qnod
1544 1928 1634 1982 Deum
1661 1943 1724 1984 esse
1752 1927 1844 1996 scirit,

84 2017 140 2081 est,
170 2014 225 2086 qni
252 2012 350 2068 oculus
377 2011 467 2078 dedit,
492 2025 559 2066 cum
584 2008 676 2067 dixit:
701 2009 770 2066 Fiat
801 2010 880 2082 (den.
910 2011 939 2082 ι).
993 2005 1055 2070 non
1073 2013 1180 2069 emisit.
1194 2013 1408 2070 Undemateria
1422 2013 1531 2070 diaboli
1548 2014 1669 2070 omnino
1695 2015 1845 2072 tenebrosa

83 2105 166 2159 Tune
181 2101 282 2158 omnia
301 2101 332 2155 in
350 2099 457 2155 virenti
482 2099 566 2155 uculo
588 2098 776 2171 corporaliter
799 2115 940 2172 apparue-
994 2107 1049 2170 est,
1064 2100 1133 2174 quia
1157 2100 1316 2156 claritatem
1344 2099 1395 2156 liei
1413 2115 1475 2156 esse
1496 2101 1600 2156 noluit.
1622 2100 1711 2156 Adam
1731 2101 1845 2158 clarita·

85 2195 166 2247 runt.
203 2191 239 2246 Et
271 2190 347 2262 ignis
381 2189 443 2244 haec
469 2187 527 2244 dno
553 2187 693 2244 vocabule
716 2192 859 2259 penetrat,
891 2189 942 2261 qui
994 2193 1055 2247 tem
1071 2188 1122 2245 Dei
1136 2205 1199 2245 esse
1217 2189 1318 2257 voluit,
1343 2188 1391 2244 sed
1417 2189 1448 2244 in
1470 2188 1606 2245 societate
1630 2189 1694 2261 ejus
1715 2205 1778 2246 esse
1792 2190 1846 2246 de·

87 2283 167 2336 heus
203 2282 257 2347 est,
295 2278 364 2350 quia
397 2277 532 2348 possibile
561 2293 620 2332 uun
656 2283 740 2340 esset,
768 2282 800 2332 nt
826 2277 942 2332 claritas
995 2276 1143 2345 ιιιιιιιιι,
1158 2277 1235 2334 (ιιιιι
1252 2276 1398 2348 perfectus
1421 2277 1452 2331 in
1480 2277 1602 2332 materia
1626 2283 1748 2346 aliaest,
1774 2293 1845 2351 qno-

86 2367 246 2442 splendore
261 2371 380 2422 careret.
404 2365 438 2422 Et
456 2365 482 2420 ιι
500 2365 554 2421 iste
586 2365 663 2437 ignis
685 2364 807 2432 deesset,
829 2365 943 2421 claritas
995 2366 1074 2422 niam
1090 2364 1198 2439 aliquid
1217 2363 1316 2431 lucidi,
1341 2365 1390 2420 sed
1414 2368 1510 2420 tammr
1526 2365 1630 2437 plenus
1647 2367 1746 2422 multis
1760 2367 1847 2423 mise·

86 2473 148 2513 non
181 2456 362 2524 claresceret,
392 2469 445 2510 nee
474 2453 610 2526 splendor
636 2453 770 2525 fulgeret.
815 2455 847 2509 ln
875 2454 942 2526 igne
996 2452 1048 2510 riis
1061 2457 1114 2509 est.
1130 2454 1163 2510 ln
1178 2451 1289 2524 Spiritu
1302 2456 1410 2520 sancto,
1432 2453 1601 2510 aeternitatis
1615 2455 1847 2528 aequalitatisque

87 2547 170 2602 enim
185 2543 303 2600 flamma
321 2548 351 2599 et
371 2543 472 2598 lumen
495 2543 608 2610 latent;
631 2541 762 2614 alioquin
788 2540 864 2614 ignis
884 2557 943 2598 non
995 2540 1147 2597 connexio.
1181 2541 1306 2612 Spiritus
1341 2545 1457 2598 sanctus
1489 2541 1593 2614 igneus
1626 2547 1678 2611 est,
1705 2559 1766 2600 non
1802 2561 1849 2600 ex·

87 2638 176 2690 esset.
193 2634 226 2688 tn
255 2632 327 2688 Filio
354 2631 512 2703 equalitas.
536 2630 709 2696 Quomodo?
729 2630 835 2686 Omnes
863 2646 942 2686 erea-
996 2629 1172 2702 stinguibilis
1196 2629 1282 2702 ignis,
1316 2629 1367 2701 qni
1387 2628 1535 2686 interdum
1569 2646 1623 2703 per
1665 2632 1848 2704 dementiam

85 2729 163 2778 turae
179 2727 248 2778 ante
267 2736 361 2776 aevurn
384 2720 415 2775 in
444 2721 527 2776 Patre
550 2720 675 2780 luerunt.
700 2719 762 2792 ipso
779 2735 827 2774 aas
853 2717 883 2774 in
898 2735 943 2776 ιι-
997 2721 1126 2790 apparet,
1143 2722 1172 2773 et
1185 2716 1331 2772 interdum
1356 2716 1559 2789 exstinguitur.
1591 2721 1654 2792 lpse
1675 2720 1754 2777 enim
1778 2720 1846 2792 Spi-

87 2813 217 2883 metipso
244 2809 407 2874 ordinante,
433 2823 506 2880 ques
531 2811 631 2881 postea
650 2807 738 2864 Filius
770 2807 890 2879 perfecit
912 2808 944 2863 in
995 2806 1068 2862 ritas
1093 2808 1207 2860 sauctus
1228 2804 1420 2862 {eternitatem
1434 2810 1464 2860 et
1485 2806 1681 2878 equalitatem
1703 2808 1850 2880 perfundit

86 2917 189 2973 opere.
211 2896 383 2965 Quomodo?
402 2895 526 2964 Scilicet,
550 2895 625 2951 sient
638 2896 725 2952 homo
747 2895 839 2968 quiin
854 2911 944 2952 seme·
962 2899 1026 2986 Cet
1043 2893 1195 2963 connectit,
1211 2893 1252 2949 ite
1265 2897 1297 2950 nt
1311 2908 1403 2949 rrnnm
1417 2893 1485 2963 sint,
1506 2895 1581 2950 sicut
1607 2896 1695 2951 homo
1714 2895 1848 2969 manipu-

87 2991 166 3062 tipsu
186 2987 337 3043 scientiam
365 2984 462 3058 magni
484 2983 579 3056 operis
590 2983 686 3049 habet,
703 2985 779 3056 qnod
799 2990 899 3056 postea
911 2984 943 3040 in
998 2983 1060 3039 lum
1075 2981 1264 3054 constringit3
1286 2982 1366 3054 quia,
1391 2981 1417 3037 si
1444 2982 1611 3053 manipulas
1635 2999 1693 3039 non
1709 2985 1849 3040 constrin-

86 3078 180 3134 rerho
211 3091 265 3131 suu
294 3073 412 3145 profert,
440 3072 480 3127 ita
506 3076 538 3128 ut
567 3071 638 3127 illud
665 3070 697 3126 in
723 3071 799 3128 bono
825 3088 943 3130 rumore
998 3076 1126 3145 geretur,
1154 3070 1320 3142 manipulus
1346 3086 1406 3127 non
1424 3076 1508 3141 esset,
1541 3072 1591 3128 sed
1622 3072 1847 3145 dispergeretur,

86 3165 242 3239 procedat.
282 3164 367 3218 Pater
397 3160 523 3231 ordinat,
559 3159 649 3217 Filius
677 3165 773 3216 autem
797 3166 942 3231 operatur.
998 3167 1029 3216 et
1042 3159 1115 3216 sicut
1143 3159 1225 3216 taber
1252 3157 1324 3216 duas
1345 3158 1421 3215 sires
1446 3159 1511 3215 reris
1532 3176 1598 3217 cum
1622 3160 1690 3233 igue
1709 3161 1740 3218 in
1754 3178 1848 3219 unum

87 3256 164 3308 Nam
181 3252 269 3307 Pater
288 3248 387 3305 omnia
415 3247 446 3303 in
473 3246 639 3318 semetipso,
665 3247 764 3304 omnia
788 3247 944 3315 ordinarit,
998 3248 1158 3320 conjungit.
1182 3246 1263 3303 Unde
1280 3251 1324 3327 est
1341 3247 1416 3303 sicut
1443 3248 1582 3304 versatssis
1604 3250 1689 3320 ensis,
1718 3251 1769 3323 qui
1794 3267 1850 3307 nn·

87 3351 116 3397 et
142 3341 234 3396 Filius
257 3354 293 3393 ιι
320 3337 453 3408 inopere
478 3333 643 3407 complevit.
666 3336 700 3391 lit
727 3336 825 3392 tumen
845 3341 888 3392 est
908 3337 944 3393 de
998 3337 1086 3410 dique
1099 3337 1239 3394 vibratur.
1254 3335 1378 3408 Spiritus
1399 3342 1515 3393 sanctus
1535 3339 1726 3395 aeternitatem
1747 3344 1849 3396 osten-

87 3430 205 3486 tamine
232 3430 299 3482 ante
332 3440 427 3482 cerum
466 3424 497 3480 in
524 3423 693 3492 eternitate,
723 3424 798 3496 quod
827 3429 888 3481 erat
914 3425 945 3481 in
999 3425 1051 3495 dit,
1067 3425 1263 3498 equalitatem
1292 3424 1439 3482 accendit:
1472 3426 1515 3482 ita
1540 3428 1619 3499 qnod
1646 3444 1739 3484 nuum
1766 3434 1845 3486 sunt.

86 3515 249 3591 principio,
266 3519 295 3570 et
309 3515 365 3570 huc
379 3519 424 3569 est
442 3512 539 3580 Filius,
555 3512 605 3585 qui
627 3527 663 3568 ex
690 3512 775 3570 Patre
803 3513 943 3584 splendet,
999 3513 1123 3586 Spiritus
1158 3517 1272 3569 sanctus
1308 3513 1385 3584 ignis
1418 3514 1529 3570 etrite
1556 3514 1588 3570 in
1626 3515 1788 3571 eternitate
1820 3521 1851 3571 et

87 3614 117 3664 et
130 3622 189 3678 per
201 3619 291 3678 (ιιιιιιι
309 3617 411 3660 omnes
436 3605 574 3656 creaturae
602 3599 684 3658 iactae
706 3604 782 3656 sunt.
806 3601 840 3656 lit
858 3601 945 3658 etiam
998 3601 1162 3674 equalitate
1175 3601 1230 3657 ista
1253 3605 1306 3669 est,
1327 3599 1396 3673 qnia
1419 3602 1495 3659 nens
1515 3601 1595 3658 vivit.
1623 3601 1670 3658 Sul
1685 3603 1764 3658 enim
1780 3620 1848 3659 can·

88 3695 183 3752 Filius
201 3692 329 3748 tunicam
357 3689 453 3746 induit
487 3688 522 3745 de
550 3688 680 3757 homine,
709 3705 796 3760 quem
821 3688 945 3745 delimo
998 3691 1083 3747 didas
1097 3693 1149 3759 est,
1167 3693 1196 3745 et
1219 3689 1316 3744 lumen
1333 3689 1394 3760 ejns
1417 3688 1531 3760 flagrat,
1552 3693 1639 3762 atque
1661 3691 1737 3764 ignis
1761 3691 1793 3747 in
1814 3708 1849 3747 eo

87 3784 280 3850 formaverat,
299 3793 363 3852 quea
382 3782 447 3834 ante
462 3776 650 3850 corporaliter
674 3792 732 3834 non
760 3781 942 3850 apparuerat.
999 3778 1097 3846 ardet;
1126 3776 1175 3850 qni
1201 3782 1294 3833 tutum
1322 3777 1464 3832 mundum
1492 3777 1646 3847 illuminat,
1670 3784 1699 3834 et
1713 3794 1772 3834 una
1790 3785 1851 3835 tuta

87 3874 136 3928 Sic
158 3873 237 3928 Deus
251 3869 350 3925 omnia
370 3881 524 3940 operesua
538 3882 635 3936 curam
660 3881 700 3934 se,
727 3871 758 3922 ut
779 3866 877 3924 lumen
901 3867 943 3923 ri·
999 3869 1126 3939 apparet.
1141 3866 1196 3921 Sed
1218 3865 1355 3938 quelibet
1368 3881 1464 3934 causa,
1490 3865 1521 3920 in
1541 3882 1599 3938 qna
1622 3867 1702 3922 nulla
1722 3867 1766 3922 vis
1793 3871 1848 3937 cst,

87 3962 141 4028 dit,
172 3963 203 4016 et
231 3956 347 4031 quando
368 3954 437 4012 Fiet
472 3953 554 4024 dixit,
580 3955 811 4026 unumquodque
843 3970 944 4012 secun·
999 3958 1182 4023 mortuaest,
1200 3953 1275 4010 sicut
1295 3953 1451 4010 abscissum
1477 3953 1589 4026 lignum
1611 3955 1648 4010 ab
1671 3954 1774 4011 arbore
1788 3956 1849 4011 ari-

87 4048 161 4104 dum
186 4059 280 4117 geum
307 4057 392 4098 suum
420 4040 548 4097 tunicum
576 4039 681 4096 induit.
709 4041 787 4096 Trruc
811 4042 886 4096 Deus
909 4040 945 4097 ad
999 4041 1068 4099 dnm
1100 4047 1153 4106 est,
1191 4042 1260 4115 qnia
1288 4041 1462 4099 viriditatem
1495 4058 1556 4098 non
1592 4042 1689 4098 habet.
1724 4041 1849 4115 Spiritus

88 4151 167 4208 opus
183 4149 269 4190 ιιιιιιιι
284 4147 314 4186 ιι
328 4129 487 4198 inclinavit,
512 4133 542 4185 et
556 4129 598 4185 sic
618 4129 649 4185 in
668 4134 750 4201 parte
771 4130 826 4186 ista
845 4146 945 4203 sequa-
999 4134 1115 4187 sanctus
1136 4131 1214 4187 enim
1238 4136 1283 4188 ιιι
1297 4130 1521 4189 solidamentum
1549 4134 1579 4187 et
1591 4130 1755 4188 vivificatio.
1776 4132 1848 4187 Nam

89 4220 306 4280 titasetiamad
321 4219 469 4275 huminem
486 4219 514 4274 in
532 4217 605 4274 Filio
621 4218 671 4274 llei
686 4225 794 4287 manet,
808 4219 946 4292 qnoniam
965 4219 1147 4282 Doetornitas
1166 4235 1226 4275 non
1256 4225 1332 4276 esset
1350 4220 1498 4276 aeternitas
1519 4220 1582 4275 sine
1602 4218 1712 4292 Spiritu
1743 4224 1850 4276 sancto.

88 4314 154 4384 ipse
170 4308 383 4367 humanitatem
396 4306 501 4375 induit,
519 4305 593 4362 sicut
610 4311 639 4362 et
659 4323 747 4379 opera
761 4307 812 4362 usi
827 4323 945 4379 corpora
999 4307 1156 4381 AEqualitas
1169 4324 1286 4381 qnoque
1309 4324 1369 4364 nou
1391 4313 1464 4364 esset
1491 4307 1641 4380 aequalitas
1664 4308 1726 4363 sine
1742 4306 1850 4380 Spiritu
1935 4322 1937 4326 ·

89 4419 145 4458 sna
162 4399 335 4456 induerunt.
354 4397 430 4452 Dens
445 4395 522 4451 enim
539 4396 637 4451 omnia
656 4411 746 4467 opera
759 4411 811 4451 sna
829 4395 944 4468 praesui-
999 4401 1109 4453 sanctu.
1122 4397 1158 4451 Et
1172 4396 1297 4469 Spiritus
1310 4401 1426 4451 sanetus
1440 4396 1472 4451 in
1486 4395 1626 4451 ambobus
1649 4399 1693 4451 est
1712 4400 1741 4451 ct
1759 4411 1849 4452 nuum

88 4493 143 4558 rit,
165 4505 234 4562 qnae
252 4480 391 4558 patravit:
422 4485 498 4540 unde
523 4483 554 4540 in
579 4483 743 4541 hnmilitate
772 4484 945 4540 humanitati
999 4485 1029 4540 in
1042 4484 1194 4540 Divinitate
1217 4500 1294 4540 unns
1310 4485 1386 4540 Deus
1404 4488 1457 4540 est.
1478 4483 1668 4540 lletionelitas
1687 4485 1775 4540 etiam
1793 4491 1852 4540 tres

88 4579 128 4636 ad
141 4576 295 4634 huminem
309 4591 339 4630 se
367 4572 533 4640 inclinavit;
548 4571 618 4645 quia
646 4571 782 4628 divinitas
803 4577 861 4628 lam
881 4588 945 4645 per·
1001 4572 1075 4627 vires
1097 4572 1195 4639 habet,
1227 4571 1336 4627 scilicet
1372 4587 1486 4640 sunum,
1526 4570 1658 4639 verbnm,
1691 4571 1849 4628 sufflatum.

88 4669 167 4725 fecta
177 4671 233 4732 est,
249 4663 323 4736 quod
337 4661 428 4718 nihilo
449 4661 480 4716 in
502 4660 620 4716 bomine
638 4674 696 4716 non
713 4665 852 4733 parceret,
866 4661 945 4733 quud
1001 4661 1033 4715 ln
1057 4661 1141 4716 Patre
1164 4659 1254 4715 Filios
1285 4665 1337 4730 est,
1363 4663 1396 4715 ut
1418 4660 1537 4715 verbum
1571 4658 1601 4714 iu
1625 4675 1706 4728 sonu,
1726 4659 1851 4730 Spiritus

88 4762 195 4813 contra
212 4754 325 4809 bonum
348 4753 470 4823 pugnat,
483 4749 540 4804 nisi
554 4744 764 4804 humanitatem
793 4748 944 4818 induisset,
999 4754 1114 4804 sanctus
1128 4747 1159 4803 in
1179 4751 1322 4820 utroque,
1345 4753 1377 4803 nt
1399 4747 1532 4804 sufflatos
1550 4747 1581 4803 in
1605 4763 1678 4804 sono
1701 4751 1730 4802 et
1754 4745 1851 4816 verbo,

90 4844 234 4920 quoniam
248 4839 348 4898 omnm
373 4837 535 4911 peripsum
554 4837 644 4906 sucta
669 4839 746 4907 suut,
766 4837 869 4894 eteius
882 4836 946 4910 ipro
1000 4836 1093 4894 llthae
1120 4840 1178 4892 tres
1203 4851 1344 4908 persone,
1372 4841 1404 4892 nt
1430 4836 1585 4908 prelatum
1614 4841 1667 4904 est,
1682 4851 1758 4891 unns
1773 4835 1850 4890 Dens

88 4937 208 5002 focium
235 4933 279 4986 eat
296 4926 372 4984 nihil
386 4928 487 4999 (Jonas.
519 4927 553 4996 ι).
578 4926 683 4982 Omnes
710 4925 788 4982 euim
817 4943 862 4982 res
881 4927 946 4982 risi·
1001 4929 1075 4980 sunt.
1091 4927 1124 4981 In
1146 4927 1231 4980 Patre
1245 4925 1401 4992 aeternitas,
1417 4924 1486 4997 quia
1503 4925 1600 4980 nrrllns
1621 4928 1688 4980 ante
1710 4923 1805 4991 illum,
1821 4926 1853 4978 et

90 5025 165 5080 biles
180 5025 212 5077 et
228 5016 388 5092 palpabiles
402 5020 489 5088 atque
517 5013 682 5086 gustabiles,
709 5029 762 5086 per
789 5015 884 5085 ipsum
900 5014 946 5070 ia-
1000 5013 1143 5070 oeternitas
1165 5029 1223 5068 non
1249 5012 1376 5084 incaepit,
1396 5014 1469 5067 sicut
1491 5026 1580 5082 opera
1602 5011 1654 5067 liei
1674 5010 1849 5084 principium

90 5119 143 5170 ctae
174 5112 256 5174 sunt,
282 5109 311 5162 et
333 5104 385 5160 has
407 5118 507 5160 omnes
527 5103 558 5160 in
585 5103 683 5176 aliqua
701 5103 869 5160 necessitate
896 5103 947 5160 ho·
1000 5100 1116 5158 habeut.
1132 5103 1164 5155 ln
1191 5101 1264 5156 Filio
1292 5105 1390 5157 entem
1420 5099 1580 5172 equalitas,
1610 5114 1676 5155 cnm
1703 5098 1792 5155 Filius
1815 5098 1852 5155 de

91 5199 182 5257 minis
208 5193 354 5270 precidit,
371 5191 510 5265 quasdam
535 5191 644 5247 scilicet
669 5191 704 5247 ud
733 5191 945 5263 amplexionem
994 5190 1084 5276 ¹l’atre
1111 5203 1260 5261 nunquam
1288 5187 1434 5257 abscessit,
1460 5203 1512 5244 nec
1535 5188 1618 5243 Pater
1646 5186 1716 5242 Filio
1745 5187 1851 5244 caruit.

92 5284 255 5354 eharitatis,
279 5281 420 5356 quasdam
447 5279 483 5336 ad
508 5280 656 5348 timorem,
671 5279 810 5351 quasdam
838 5280 873 5336 ad
887 5278 945 5336 dis·
1000 5277 1055 5334 Sed
1069 5278 1101 5332 in
1117 5276 1226 5350 Spiritu
1240 5282 1339 5332 sancto
1358 5276 1511 5345 connexio,
1525 5274 1594 5348 quia
1610 5274 1699 5331 Filius
1716 5275 1746 5333 in
1767 5276 1850 5333 Patre

93 5377 245 5450 ciptinam,
261 5369 401 5444 quasdam
415 5366 450 5423 ad
465 5365 608 5422 cautelam
621 5366 762 5438 cujusque
777 5381 880 5424 cause.
905 5366 947 5422 Et
1000 5381 1116 5439 semper
1140 5365 1256 5434 mansit,
1280 5370 1309 5420 et
1330 5365 1417 5420 Pater
1436 5379 1503 5420 cum
1527 5363 1619 5434 Filiu;
1632 5363 1771 5436 quoniam
1788 5365 1854 5438 Spi-

93 5469 152 5524 stm
171 5457 363 5537 ipsosuctum
387 5457 430 5511 ert
450 5452 617 5510 nillil:hoc
638 5453 721 5525 nihil,
738 5454 874 5527 snperbia
892 5459 944 5511 est.
1001 5453 1072 5510 ritns
1098 5459 1214 5511 sauctus
1244 5453 1274 5508 in
1300 5452 1342 5509 eis
1370 5451 1454 5525 ignea
1480 5452 1537 5509 rita
1556 5457 1759 5523 est,etnnum
1775 5459 1855 5544 sunt·

273 5559 413 5636 Parnon.
440 5551 583 5622 cxcvii.
1038 5542 1050 5556 ”
1623 5557 1643 5626 g
