<?xml version="1.0" encoding="UTF-8"?>
<!DOCTYPE html PUBLIC "-//W3C//DTD XHTML 1.0 Transitional//EN"
    "http://www.w3.org/TR/xhtml1/DTD/xhtml1-transitional.dtd">
<html xmlns="http://www.w3.org/1999/xhtml" xml:lang="en" lang="en">
 <head>
  <title>
</title>
<meta http-equiv="Content-Type" content="text/html;charset=utf-8" />
  <meta name='ocr-system' content='tesseract 3.04.00' />
  <meta name='ocr-capabilities' content='ocr_page ocr_carea ocr_par ocr_line ocrx_word'/>
</head>
<body>
  <div class='ocr_page' id='page_1' title='image "./patrologiaecurs125unkngoog/patrologiaecurs125unkngoog_0453.png"; bbox 0 0 3984 6034; ppageno 0'>
   <div class='ocr_carea' id='block_1_1' title="bbox 89 168 1843 305">
    <p class='ocr_par' dir='ltr' id='par_1_1' title="bbox 89 168 1843 305">
     <span class='ocr_line' id='line_1_1' title="bbox 89 168 1843 305; baseline 0.003 -36"><span class='ocrx_word' id='word_1_1' title='bbox 89 215 142 269; x_wconf 82' lang='lat' dir='ltr'><strong>ser</strong></span> <span class='ocrx_word' id='word_1_2' title='bbox 410 210 512 269; x_wconf 79' lang='lat' dir='ltr'><strong>araas</strong></span> <span class='ocrx_word' id='word_1_3' title='bbox 529 210 692 271; x_wconf 78' lang='lat' dir='ltr'><strong>orvrsoa.</strong></span> <span class='ocrx_word' id='word_1_4' title='bbox 714 210 816 305; x_wconf 82' lang='lat' dir='ltr'><strong>orna.</strong></span> <span class='ocrx_word' id='word_1_5' title='bbox 838 211 1007 271; x_wconf 81' lang='lat' dir='ltr'><strong>srurnors</strong></span> <span class='ocrx_word' id='word_1_6' title='bbox 1027 210 1221 271; x_wconf 81' lang='lat' dir='ltr'><strong>aourars-</strong></span> <span class='ocrx_word' id='word_1_7' title='bbox 1237 211 1323 272; x_wconf 74' lang='lat' dir='ltr'><strong>olas</strong></span> <span class='ocrx_word' id='word_1_8' title='bbox 1342 215 1363 285; x_wconf 87' lang='lat'><strong>1,</strong></span> <span class='ocrx_word' id='word_1_9' title='bbox 1386 212 1476 273; x_wconf 80' lang='lat' dir='ltr'><strong>vrsro</strong></span> <span class='ocrx_word' id='word_1_10' title='bbox 1497 168 1541 273; x_wconf 73' lang='grc' dir='ltr'>ιῖι.</span> <span class='ocrx_word' id='word_1_11' title='bbox 1790 222 1843 275; x_wconf 77' lang='lat' dir='ltr'><strong>ros</strong></span> 
     </span>
    </p>
   </div>
   <div class='ocr_carea' id='block_1_2' title="bbox 75 348 1843 5563">
    <p class='ocr_par' dir='ltr' id='par_1_2' title="bbox 79 348 1843 2725">
     <span class='ocr_line' id='line_1_2' title="bbox 88 348 1843 427; baseline 0.003 -22"><span class='ocrx_word' id='word_1_12' title='bbox 88 350 192 407; x_wconf 88' lang='lat' dir='ltr'><strong>umbra</strong></span> <span class='ocrx_word' id='word_1_13' title='bbox 214 349 283 407; x_wconf 87' lang='lat' dir='ltr'><strong>iidei</strong></span> <span class='ocrx_word' id='word_1_14' title='bbox 305 364 411 407; x_wconf 89' lang='lat' dir='ltr'><strong>noman</strong></span> <span class='ocrx_word' id='word_1_15' title='bbox 441 350 491 406; x_wconf 81' lang='lat' dir='ltr'><strong>oei</strong></span> <span class='ocrx_word' id='word_1_16' title='bbox 515 350 576 407; x_wconf 86' lang='lat' dir='ltr'><strong>sine</strong></span> <span class='ocrx_word' id='word_1_17' title='bbox 599 350 735 423; x_wconf 83' lang='lat' dir='ltr'>operibus</span> <span class='ocrx_word' id='word_1_18' title='bbox 752 350 872 407; x_wconf 88' lang='lat' dir='ltr'><strong>colendo</strong></span> <span class='ocrx_word' id='word_1_19' title='bbox 887 349 936 407; x_wconf 92' lang='lat' dir='ltr'><strong>nbi</strong></span> <span class='ocrx_word' id='word_1_20' title='bbox 955 348 1078 421; x_wconf 75' lang='lat' dir='ltr'><strong>ilignea</strong></span> <span class='ocrx_word' id='word_1_21' title='bbox 1099 350 1237 408; x_wconf 81' lang='lat' dir='ltr'><strong>effusione</strong></span> <span class='ocrx_word' id='word_1_22' title='bbox 1265 352 1388 425; x_wconf 86' lang='lat' dir='ltr'><strong>Spiritus</strong></span> <span class='ocrx_word' id='word_1_23' title='bbox 1410 353 1499 410; x_wconf 88' lang='lat' dir='ltr'><strong>sancti</strong></span> <span class='ocrx_word' id='word_1_24' title='bbox 1525 353 1579 411; x_wconf 91' lang='lat' dir='ltr'><strong>hoo</strong></span> <span class='ocrx_word' id='word_1_25' title='bbox 1608 353 1752 427; x_wconf 86' lang='lat' dir='ltr'><strong>accipiunt</strong></span> <span class='ocrx_word' id='word_1_26' title='bbox 1774 370 1843 426; x_wconf 88' lang='lat' dir='ltr'><strong>quo·</strong></span> 
     </span>
     <span class='ocr_line' id='line_1_3' title="bbox 87 437 1843 515; baseline 0.003 -22"><span class='ocrx_word' id='word_1_27' title='bbox 87 439 158 495; x_wconf 90' lang='lat' dir='ltr'><strong>daos</strong></span> <span class='ocrx_word' id='word_1_28' title='bbox 172 438 280 495; x_wconf 86' lang='lat' dir='ltr'><strong>alienos</strong></span> <span class='ocrx_word' id='word_1_29' title='bbox 303 437 453 511; x_wconf 83' lang='lat' dir='ltr'><strong>abjiciunt,</strong></span> <span class='ocrx_word' id='word_1_30' title='bbox 468 440 519 512; x_wconf 82' lang='lat' dir='ltr'><strong>qui</strong></span> <span class='ocrx_word' id='word_1_31' title='bbox 537 456 568 495; x_wconf 88' lang='lat' dir='ltr'><strong>ea</strong></span> <span class='ocrx_word' id='word_1_32' title='bbox 593 440 671 511; x_wconf 91' lang='lat' dir='ltr'><strong>ipsos</strong></span> <span class='ocrx_word' id='word_1_33' title='bbox 691 440 785 497; x_wconf 87' lang='lat' dir='ltr'><strong>lacere</strong></span> <span class='ocrx_word' id='word_1_34' title='bbox 800 456 858 496; x_wconf 90' lang='lat' dir='ltr'><strong>non</strong></span> <span class='ocrx_word' id='word_1_35' title='bbox 872 456 936 511; x_wconf 89' lang='lat' dir='ltr'><strong>pos·</strong></span> <span class='ocrx_word' id='word_1_36' title='bbox 991 440 1079 495; x_wconf 87' lang='lat' dir='ltr'><strong>modo</strong></span> <span class='ocrx_word' id='word_1_37' title='bbox 1094 456 1127 495; x_wconf 85' lang='lat' dir='ltr'><strong>ex</strong></span> <span class='ocrx_word' id='word_1_38' title='bbox 1143 442 1202 498; x_wconf 82' lang='lat' dir='ltr'><strong>lieo</strong></span> <span class='ocrx_word' id='word_1_39' title='bbox 1221 446 1388 509; x_wconf 85' lang='lat' dir='ltr'><strong>naseuntur,</strong></span> <span class='ocrx_word' id='word_1_40' title='bbox 1403 449 1433 497; x_wconf 89' lang='lat' dir='ltr'><strong>ct</strong></span> <span class='ocrx_word' id='word_1_41' title='bbox 1451 443 1580 498; x_wconf 72' lang='lat' dir='ltr'><strong>heredes</strong></span> <span class='ocrx_word' id='word_1_42' title='bbox 1603 443 1686 515; x_wconf 88' lang='lat' dir='ltr'><strong>regni</strong></span> <span class='ocrx_word' id='word_1_43' title='bbox 1702 443 1764 515; x_wconf 85' lang='lat' dir='ltr'><strong>ejus</strong></span> <span class='ocrx_word' id='word_1_44' title='bbox 1781 442 1843 499; x_wconf 86' lang='lat' dir='ltr'><strong>elfi-</strong></span> 
     </span>
     <span class='ocr_line' id='line_1_4' title="bbox 86 525 1842 603; baseline 0.003 -22"><span class='ocrx_word' id='word_1_45' title='bbox 86 534 167 597; x_wconf 90' lang='lat' dir='ltr'><strong>sunt,</strong></span> <span class='ocrx_word' id='word_1_46' title='bbox 184 532 243 583; x_wconf 90' lang='lat' dir='ltr'><strong>cta</strong></span> <span class='ocrx_word' id='word_1_47' title='bbox 261 544 292 583; x_wconf 90' lang='lat' dir='ltr'><strong>se</strong></span> <span class='ocrx_word' id='word_1_48' title='bbox 304 525 375 599; x_wconf 88' lang='lat' dir='ltr'><strong>ipsis</strong></span> <span class='ocrx_word' id='word_1_49' title='bbox 393 544 452 583; x_wconf 94' lang='lat' dir='ltr'><strong>non</strong></span> <span class='ocrx_word' id='word_1_50' title='bbox 471 532 549 596; x_wconf 90' lang='lat' dir='ltr'><strong>sunt,</strong></span> <span class='ocrx_word' id='word_1_51' title='bbox 567 528 617 583; x_wconf 89' lang='lat' dir='ltr'><strong>sed</strong></span> <span class='ocrx_word' id='word_1_52' title='bbox 635 528 688 601; x_wconf 90' lang='lat' dir='ltr'><strong>qui</strong></span> <span class='ocrx_word' id='word_1_53' title='bbox 700 529 770 584; x_wconf 87' lang='lat' dir='ltr'><strong>socii</strong></span> <span class='ocrx_word' id='word_1_54' title='bbox 784 530 937 585; x_wconf 83' lang='lat' dir='ltr'><strong>hominum</strong></span> <span class='ocrx_word' id='word_1_55' title='bbox 991 529 1116 583; x_wconf 89' lang='lat' dir='ltr'><strong>ciuntur.</strong></span> <span class='ocrx_word' id='word_1_56' title='bbox 1140 530 1214 585; x_wconf 79' lang='lat' dir='ltr'><strong>Dens</strong></span> <span class='ocrx_word' id='word_1_57' title='bbox 1246 529 1324 585; x_wconf 90' lang='lat' dir='ltr'><strong>enirn</strong></span> <span class='ocrx_word' id='word_1_58' title='bbox 1347 530 1446 586; x_wconf 88' lang='lat' dir='ltr'><strong>omnia</strong></span> <span class='ocrx_word' id='word_1_59' title='bbox 1474 547 1561 603; x_wconf 88' lang='lat' dir='ltr'><strong>opera</strong></span> <span class='ocrx_word' id='word_1_60' title='bbox 1594 547 1645 587; x_wconf 88' lang='lat' dir='ltr'><strong>sua</strong></span> <span class='ocrx_word' id='word_1_61' title='bbox 1671 532 1842 603; x_wconf 82' lang='lat' dir='ltr'><strong>priusquam</strong></span> 
     </span>
     <span class='ocr_line' id='line_1_5' title="bbox 86 614 1843 692; baseline 0.002 -21"><span class='ocrx_word' id='word_1_62' title='bbox 86 621 164 673; x_wconf 87' lang='lat' dir='ltr'><strong>sont.</strong></span> <span class='ocrx_word' id='word_1_63' title='bbox 193 617 304 672; x_wconf 81' lang='lat' dir='ltr'><strong>Nomen</strong></span> <span class='ocrx_word' id='word_1_64' title='bbox 330 621 428 672; x_wconf 88' lang='lat' dir='ltr'><strong>autem</strong></span> <span class='ocrx_word' id='word_1_65' title='bbox 460 616 524 684; x_wconf 90' lang='lat' dir='ltr'><strong>hoc,</strong></span> <span class='ocrx_word' id='word_1_66' title='bbox 549 616 581 671; x_wconf 91' lang='lat' dir='ltr'><strong>in</strong></span> <span class='ocrx_word' id='word_1_67' title='bbox 611 633 671 689; x_wconf 91' lang='lat' dir='ltr'><strong>quo</strong></span> <span class='ocrx_word' id='word_1_68' title='bbox 692 633 760 671; x_wconf 88' lang='lat' dir='ltr'><strong>vera</strong></span> <span class='ocrx_word' id='word_1_69' title='bbox 782 618 937 673; x_wconf 74' lang='lat' dir='ltr'><strong>credulitas</strong></span> <span class='ocrx_word' id='word_1_70' title='bbox 989 614 1195 687; x_wconf 74' lang='lat' dir='ltr'><strong>formarentur,</strong></span> <span class='ocrx_word' id='word_1_71' title='bbox 1226 619 1408 690; x_wconf 72' lang='lat' dir='ltr'><strong>previderat,</strong></span> <span class='ocrx_word' id='word_1_72' title='bbox 1437 636 1501 692; x_wconf 81' lang='lat' dir='ltr'><strong>quer</strong></span> <span class='ocrx_word' id='word_1_73' title='bbox 1525 625 1623 692; x_wconf 84' lang='lat' dir='ltr'><strong>postea</strong></span> <span class='ocrx_word' id='word_1_74' title='bbox 1643 622 1674 676; x_wconf 93' lang='lat' dir='ltr'><strong>in</strong></span> <span class='ocrx_word' id='word_1_75' title='bbox 1697 622 1843 677; x_wconf 78' lang='lat' dir='ltr'><strong>creatione</strong></span> 
     </span>
     <span class='ocr_line' id='line_1_6' title="bbox 86 703 1841 778; baseline 0.003 -19"><span class='ocrx_word' id='word_1_76' title='bbox 86 708 140 772; x_wconf 89' lang='lat' dir='ltr'><strong>est,</strong></span> <span class='ocrx_word' id='word_1_77' title='bbox 155 705 211 760; x_wconf 90' lang='lat' dir='ltr'><strong>tale</strong></span> <span class='ocrx_word' id='word_1_78' title='bbox 234 708 287 771; x_wconf 87' lang='lat' dir='ltr'><strong>est,</strong></span> <span class='ocrx_word' id='word_1_79' title='bbox 302 704 378 777; x_wconf 84' lang='lat' dir='ltr'><strong>quod</strong></span> <span class='ocrx_word' id='word_1_80' title='bbox 401 704 486 760; x_wconf 89' lang='lat' dir='ltr'><strong>initio</strong></span> <span class='ocrx_word' id='word_1_81' title='bbox 509 709 596 773; x_wconf 85' lang='lat' dir='ltr'><strong>caret,</strong></span> <span class='ocrx_word' id='word_1_82' title='bbox 619 710 650 761; x_wconf 89' lang='lat' dir='ltr'><strong>et</strong></span> <span class='ocrx_word' id='word_1_83' title='bbox 672 705 748 777; x_wconf 90' lang='lat' dir='ltr'><strong>quod</strong></span> <span class='ocrx_word' id='word_1_84' title='bbox 769 722 822 778; x_wconf 88' lang='lat' dir='ltr'><strong>per</strong></span> <span class='ocrx_word' id='word_1_85' title='bbox 841 705 937 778; x_wconf 87' lang='lat' dir='ltr'><strong>ipsam</strong></span> <span class='ocrx_word' id='word_1_86' title='bbox 989 703 1120 761; x_wconf 74' lang='lat' dir='ltr'><strong>formata</strong></span> <span class='ocrx_word' id='word_1_87' title='bbox 1138 706 1238 763; x_wconf 75' lang='lat' dir='ltr'><strong>forma</strong></span> <span class='ocrx_word' id='word_1_88' title='bbox 1262 708 1293 762; x_wconf 92' lang='lat' dir='ltr'><strong>in</strong></span> <span class='ocrx_word' id='word_1_89' title='bbox 1313 724 1342 763; x_wconf 89' lang='lat' dir='ltr'><strong>se</strong></span> <span class='ocrx_word' id='word_1_90' title='bbox 1358 724 1454 763; x_wconf 80' lang='lat' dir='ltr'><strong>vacua</strong></span> <span class='ocrx_word' id='word_1_91' title='bbox 1477 724 1532 763; x_wconf 94' lang='lat' dir='ltr'><strong>non</strong></span> <span class='ocrx_word' id='word_1_92' title='bbox 1553 714 1766 776; x_wconf 86' lang='lat' dir='ltr'><strong>remanserunt,</strong></span> <span class='ocrx_word' id='word_1_93' title='bbox 1789 710 1841 765; x_wconf 88' lang='lat' dir='ltr'><strong>sed</strong></span> 
     </span>
     <span class='ocr_line' id='line_1_7' title="bbox 86 792 1842 865; baseline 0.003 -17"><span class='ocrx_word' id='word_1_94' title='bbox 86 809 188 849; x_wconf 91' lang='lat' dir='ltr'><strong>omnes</strong></span> <span class='ocrx_word' id='word_1_95' title='bbox 210 798 349 849; x_wconf 79' lang='lat' dir='ltr'><strong>creatura</strong></span> <span class='ocrx_word' id='word_1_96' title='bbox 377 797 573 862; x_wconf 80' lang='lat' dir='ltr'><strong>surrexerunt,</strong></span> <span class='ocrx_word' id='word_1_97' title='bbox 596 797 625 848; x_wconf 86' lang='lat' dir='ltr'><strong>et</strong></span> <span class='ocrx_word' id='word_1_98' title='bbox 645 794 721 865; x_wconf 87' lang='lat' dir='ltr'><strong>quod</strong></span> <span class='ocrx_word' id='word_1_99' title='bbox 744 794 803 849; x_wconf 84' lang='lat' dir='ltr'><strong>vita</strong></span> <span class='ocrx_word' id='word_1_100' title='bbox 817 797 868 862; x_wconf 87' lang='lat' dir='ltr'><strong>est,</strong></span> <span class='ocrx_word' id='word_1_101' title='bbox 884 810 937 865; x_wconf 88' lang='lat' dir='ltr'><strong>per</strong></span> <span class='ocrx_word' id='word_1_102' title='bbox 989 792 1086 849; x_wconf 84' lang='lat' dir='ltr'><strong>vitalia</strong></span> <span class='ocrx_word' id='word_1_103' title='bbox 1104 794 1179 851; x_wconf 87' lang='lat' dir='ltr'><strong>lacta</strong></span> <span class='ocrx_word' id='word_1_104' title='bbox 1208 800 1285 851; x_wconf 86' lang='lat' dir='ltr'><strong>sunt.</strong></span> <span class='ocrx_word' id='word_1_105' title='bbox 1318 797 1389 853; x_wconf 87' lang='lat' dir='ltr'><strong>Caro</strong></span> <span class='ocrx_word' id='word_1_106' title='bbox 1419 796 1497 852; x_wconf 88' lang='lat' dir='ltr'><strong>enim</strong></span> <span class='ocrx_word' id='word_1_107' title='bbox 1522 796 1584 852; x_wconf 87' lang='lat' dir='ltr'><strong>sins</strong></span> <span class='ocrx_word' id='word_1_108' title='bbox 1608 798 1665 854; x_wconf 86' lang='lat' dir='ltr'><strong>vita</strong></span> <span class='ocrx_word' id='word_1_109' title='bbox 1689 814 1756 853; x_wconf 88' lang='lat' dir='ltr'><strong>caro</strong></span> <span class='ocrx_word' id='word_1_110' title='bbox 1784 814 1842 854; x_wconf 91' lang='lat' dir='ltr'><strong>non</strong></span> 
     </span>
     <span class='ocr_line' id='line_1_8' title="bbox 85 881 1841 956; baseline 0.003 -19"><span class='ocrx_word' id='word_1_111' title='bbox 85 898 176 954; x_wconf 85' lang='lat' dir='ltr'><strong>quarn</strong></span> <span class='ocrx_word' id='word_1_112' title='bbox 198 882 293 937; x_wconf 91' lang='lat' dir='ltr'><strong>omnis</strong></span> <span class='ocrx_word' id='word_1_113' title='bbox 315 883 374 939; x_wconf 82' lang='lat' dir='ltr'><strong>vila</strong></span> <span class='ocrx_word' id='word_1_114' title='bbox 398 881 498 955; x_wconf 86' lang='lat' dir='ltr'><strong>spirat.</strong></span> <span class='ocrx_word' id='word_1_115' title='bbox 515 882 596 939; x_wconf 89' lang='lat' dir='ltr'><strong>Unde</strong></span> <span class='ocrx_word' id='word_1_116' title='bbox 611 886 641 939; x_wconf 87' lang='lat' dir='ltr'><strong>at</strong></span> <span class='ocrx_word' id='word_1_117' title='bbox 655 882 691 939; x_wconf 93' lang='lat' dir='ltr'><strong>ab</strong></span> <span class='ocrx_word' id='word_1_118' title='bbox 706 883 787 939; x_wconf 91' lang='lat' dir='ltr'><strong>omni</strong></span> <span class='ocrx_word' id='word_1_119' title='bbox 805 886 937 939; x_wconf 88' lang='lat' dir='ltr'><strong>creatura</strong></span> <span class='ocrx_word' id='word_1_120' title='bbox 990 886 1075 949; x_wconf 83' lang='lat' dir='ltr'><strong>esset,</strong></span> <span class='ocrx_word' id='word_1_121' title='bbox 1093 882 1243 955; x_wconf 90' lang='lat' dir='ltr'><strong>quoniam,</strong></span> <span class='ocrx_word' id='word_1_122' title='bbox 1269 901 1334 941; x_wconf 89' lang='lat' dir='ltr'><strong>eum</strong></span> <span class='ocrx_word' id='word_1_123' title='bbox 1359 886 1418 941; x_wconf 89' lang='lat' dir='ltr'><strong>vita</strong></span> <span class='ocrx_word' id='word_1_124' title='bbox 1436 885 1472 941; x_wconf 91' lang='lat' dir='ltr'><strong>ab</strong></span> <span class='ocrx_word' id='word_1_125' title='bbox 1495 902 1529 940; x_wconf 89' lang='lat' dir='ltr'><strong>ea</strong></span> <span class='ocrx_word' id='word_1_126' title='bbox 1552 886 1711 956; x_wconf 80' lang='lat' dir='ltr'><strong>recesserit,</strong></span> <span class='ocrx_word' id='word_1_127' title='bbox 1737 887 1768 943; x_wconf 90' lang='lat' dir='ltr'><strong>in</strong></span> <span class='ocrx_word' id='word_1_128' title='bbox 1789 886 1841 943; x_wconf 87' lang='lat' dir='ltr'><strong>de-</strong></span> 
     </span>
     <span class='ocr_line' id='line_1_9' title="bbox 84 968 1840 1045; baseline 0.003 -20"><span class='ocrx_word' id='word_1_129' title='bbox 84 987 138 1026; x_wconf 90' lang='lat' dir='ltr'><strong>sua</strong></span> <span class='ocrx_word' id='word_1_130' title='bbox 162 970 308 1027; x_wconf 88' lang='lat' dir='ltr'><strong>adoratur.</strong></span> <span class='ocrx_word' id='word_1_131' title='bbox 331 971 494 1028; x_wconf 85' lang='lat' dir='ltr'><strong>Secundum</strong></span> <span class='ocrx_word' id='word_1_132' title='bbox 514 977 612 1028; x_wconf 87' lang='lat' dir='ltr'><strong>antem</strong></span> <span class='ocrx_word' id='word_1_133' title='bbox 637 972 689 1027; x_wconf 90' lang='lat' dir='ltr'><strong>bas</strong></span> <span class='ocrx_word' id='word_1_134' title='bbox 710 976 768 1027; x_wconf 90' lang='lat' dir='ltr'><strong>tres</strong></span> <span class='ocrx_word' id='word_1_135' title='bbox 782 971 856 1028; x_wconf 90' lang='lat' dir='ltr'><strong>vires</strong></span> <span class='ocrx_word' id='word_1_136' title='bbox 870 988 936 1043; x_wconf 79' lang='lat' dir='ltr'><strong>qaas</strong></span> <span class='ocrx_word' id='word_1_137' title='bbox 989 968 1067 1026; x_wconf 83' lang='lat' dir='ltr'><strong>lectu</strong></span> <span class='ocrx_word' id='word_1_138' title='bbox 1080 970 1186 1028; x_wconf 89' lang='lat' dir='ltr'><strong>delicit.</strong></span> <span class='ocrx_word' id='word_1_139' title='bbox 1200 972 1379 1043; x_wconf 81' lang='lat' dir='ltr'><strong>spiraculum</strong></span> <span class='ocrx_word' id='word_1_140' title='bbox 1394 977 1490 1031; x_wconf 88' lang='lat' dir='ltr'><strong>autem</strong></span> <span class='ocrx_word' id='word_1_141' title='bbox 1505 974 1581 1045; x_wconf 88' lang='lat' dir='ltr'><strong>qaod</strong></span> <span class='ocrx_word' id='word_1_142' title='bbox 1604 975 1678 1029; x_wconf 86' lang='lat' dir='ltr'><strong>Deus</strong></span> <span class='ocrx_word' id='word_1_143' title='bbox 1696 974 1727 1031; x_wconf 93' lang='lat' dir='ltr'><strong>in</strong></span> <span class='ocrx_word' id='word_1_144' title='bbox 1749 976 1840 1031; x_wconf 79' lang='lat' dir='ltr'><strong>Adam</strong></span> 
     </span>
     <span class='ocr_line' id='line_1_10' title="bbox 83 1057 1843 1133; baseline 0.002 -18"><span class='ocrx_word' id='word_1_145' title='bbox 83 1059 117 1115; x_wconf 92' lang='lat' dir='ltr'><strong>in</strong></span> <span class='ocrx_word' id='word_1_146' title='bbox 139 1060 193 1115; x_wconf 88' lang='lat' dir='ltr'><strong>boc</strong></span> <span class='ocrx_word' id='word_1_147' title='bbox 218 1060 336 1117; x_wconf 90' lang='lat' dir='ltr'><strong>nemine</strong></span> <span class='ocrx_word' id='word_1_148' title='bbox 364 1064 442 1128; x_wconf 87' lang='lat' dir='ltr'><strong>sunt,</strong></span> <span class='ocrx_word' id='word_1_149' title='bbox 465 1059 559 1116; x_wconf 85' lang='lat' dir='ltr'><strong>omnis</strong></span> <span class='ocrx_word' id='word_1_150' title='bbox 581 1064 713 1117; x_wconf 86' lang='lat' dir='ltr'><strong>creatura</strong></span> <span class='ocrx_word' id='word_1_151' title='bbox 740 1077 806 1133; x_wconf 76' lang='lat' dir='ltr'><strong>quae</strong></span> <span class='ocrx_word' id='word_1_152' title='bbox 828 1076 936 1117; x_wconf 86' lang='lat' dir='ltr'><strong>nomen</strong></span> <span class='ocrx_word' id='word_1_153' title='bbox 989 1057 1069 1113; x_wconf 88' lang='lat' dir='ltr'><strong>misit</strong></span> <span class='ocrx_word' id='word_1_154' title='bbox 1089 1058 1208 1130; x_wconf 88' lang='lat' dir='ltr'><strong>igneum</strong></span> <span class='ocrx_word' id='word_1_155' title='bbox 1233 1065 1263 1117; x_wconf 89' lang='lat' dir='ltr'><strong>et</strong></span> <span class='ocrx_word' id='word_1_156' title='bbox 1285 1060 1467 1132; x_wconf 79' lang='lat' dir='ltr'><strong>intelligibile</strong></span> <span class='ocrx_word' id='word_1_157' title='bbox 1490 1076 1523 1117; x_wconf 89' lang='lat' dir='ltr'><strong>ac</strong></span> <span class='ocrx_word' id='word_1_158' title='bbox 1543 1062 1601 1117; x_wconf 88' lang='lat' dir='ltr'><strong>vita</strong></span> <span class='ocrx_word' id='word_1_159' title='bbox 1621 1061 1684 1119; x_wconf 86' lang='lat' dir='ltr'><strong>luit.</strong></span> <span class='ocrx_word' id='word_1_160' title='bbox 1716 1062 1796 1119; x_wconf 85' lang='lat' dir='ltr'><strong>Unde</strong></span> <span class='ocrx_word' id='word_1_161' title='bbox 1813 1070 1843 1119; x_wconf 92' lang='lat' dir='ltr'><strong>et</strong></span> 
     </span>
     <span class='ocr_line' id='line_1_11' title="bbox 83 1147 1841 1221; baseline 0.002 -17"><span class='ocrx_word' id='word_1_162' title='bbox 83 1147 174 1204; x_wconf 87' lang='lat' dir='ltr'><strong>habet</strong></span> <span class='ocrx_word' id='word_1_163' title='bbox 196 1165 230 1203; x_wconf 87' lang='lat' dir='ltr'><strong>ex</strong></span> <span class='ocrx_word' id='word_1_164' title='bbox 260 1148 352 1205; x_wconf 92' lang='lat' dir='ltr'><strong>tribus</strong></span> <span class='ocrx_word' id='word_1_165' title='bbox 375 1147 484 1205; x_wconf 87' lang='lat' dir='ltr'><strong>viribus</strong></span> <span class='ocrx_word' id='word_1_166' title='bbox 510 1149 646 1205; x_wconf 72' lang='lat' dir='ltr'><strong>subsistit.</strong></span> <span class='ocrx_word' id='word_1_167' title='bbox 671 1149 775 1207; x_wconf 90' lang='lat' dir='ltr'><strong>Sedet</strong></span> <span class='ocrx_word' id='word_1_168' title='bbox 797 1149 878 1205; x_wconf 88' lang='lat' dir='ltr'><strong>arida</strong></span> <span class='ocrx_word' id='word_1_169' title='bbox 907 1154 936 1205; x_wconf 90' lang='lat' dir='ltr'><strong>et</strong></span> <span class='ocrx_word' id='word_1_170' title='bbox 989 1161 1042 1218; x_wconf 84' lang='lat' dir='ltr'><strong>per</strong></span> <span class='ocrx_word' id='word_1_171' title='bbox 1065 1149 1189 1205; x_wconf 87' lang='lat' dir='ltr'><strong>calorem</strong></span> <span class='ocrx_word' id='word_1_172' title='bbox 1210 1150 1272 1221; x_wconf 78' lang='lat' dir='ltr'><strong>eius</strong></span> <span class='ocrx_word' id='word_1_173' title='bbox 1293 1149 1379 1205; x_wconf 91' lang='lat' dir='ltr'><strong>limus</strong></span> <span class='ocrx_word' id='word_1_174' title='bbox 1406 1155 1491 1205; x_wconf 83' lang='lat' dir='ltr'><strong>terrea</strong></span> <span class='ocrx_word' id='word_1_175' title='bbox 1525 1150 1700 1209; x_wconf 88' lang='lat' dir='ltr'><strong>rubicundus</strong></span> <span class='ocrx_word' id='word_1_176' title='bbox 1724 1151 1756 1207; x_wconf 93' lang='lat' dir='ltr'><strong>in</strong></span> <span class='ocrx_word' id='word_1_177' title='bbox 1777 1154 1841 1207; x_wconf 87' lang='lat' dir='ltr'><strong>sair·</strong></span> 
     </span>
     <span class='ocr_line' id='line_1_12' title="bbox 83 1235 1839 1312; baseline 0.002 -19"><span class='ocrx_word' id='word_1_178' title='bbox 83 1237 204 1309; x_wconf 88' lang='lat' dir='ltr'><strong>putrida</strong></span> <span class='ocrx_word' id='word_1_179' title='bbox 218 1243 348 1293; x_wconf 86' lang='lat' dir='ltr'><strong>creatura</strong></span> <span class='ocrx_word' id='word_1_180' title='bbox 370 1239 490 1294; x_wconf 87' lang='lat' dir='ltr'><strong>nomine</strong></span> <span class='ocrx_word' id='word_1_181' title='bbox 504 1242 591 1306; x_wconf 90' lang='lat' dir='ltr'><strong>caret,</strong></span> <span class='ocrx_word' id='word_1_182' title='bbox 607 1238 744 1311; x_wconf 86' lang='lat' dir='ltr'><strong>qnoniam</strong></span> <span class='ocrx_word' id='word_1_183' title='bbox 759 1238 854 1294; x_wconf 83' lang='lat' dir='ltr'><strong>vitalis</strong></span> <span class='ocrx_word' id='word_1_184' title='bbox 876 1254 936 1294; x_wconf 94' lang='lat' dir='ltr'><strong>non</strong></span> <span class='ocrx_word' id='word_1_185' title='bbox 988 1235 1076 1307; x_wconf 85' lang='lat' dir='ltr'><strong>guina</strong></span> <span class='ocrx_word' id='word_1_186' title='bbox 1103 1236 1195 1293; x_wconf 85' lang='lat' dir='ltr'><strong>iactus</strong></span> <span class='ocrx_word' id='word_1_187' title='bbox 1219 1242 1272 1293; x_wconf 89' lang='lat' dir='ltr'><strong>ast.</strong></span> <span class='ocrx_word' id='word_1_188' title='bbox 1294 1239 1328 1294; x_wconf 86' lang='lat' dir='ltr'><strong>Et</strong></span> <span class='ocrx_word' id='word_1_189' title='bbox 1346 1238 1419 1293; x_wconf 85' lang='lat' dir='ltr'><strong>sicut</strong></span> <span class='ocrx_word' id='word_1_190' title='bbox 1432 1238 1526 1293; x_wconf 87' lang='lat' dir='ltr'><strong>ornnis</strong></span> <span class='ocrx_word' id='word_1_191' title='bbox 1551 1244 1682 1295; x_wconf 88' lang='lat' dir='ltr'><strong>creatura</strong></span> <span class='ocrx_word' id='word_1_192' title='bbox 1709 1240 1739 1295; x_wconf 94' lang='lat' dir='ltr'><strong>in</strong></span> <span class='ocrx_word' id='word_1_193' title='bbox 1764 1256 1839 1312; x_wconf 79' lang='lat' dir='ltr'><strong>prar-</strong></span> 
     </span>
     <span class='ocr_line' id='line_1_13' title="bbox 84 1324 1841 1393; baseline 0.001 -12"><span class='ocrx_word' id='word_1_194' title='bbox 84 1329 138 1381; x_wconf 89' lang='lat' dir='ltr'><strong>est.</strong></span> <span class='ocrx_word' id='word_1_195' title='bbox 163 1326 278 1383; x_wconf 86' lang='lat' dir='ltr'><strong>Nemini</strong></span> <span class='ocrx_word' id='word_1_196' title='bbox 308 1330 405 1383; x_wconf 91' lang='lat' dir='ltr'><strong>autem</strong></span> <span class='ocrx_word' id='word_1_197' title='bbox 428 1326 522 1383; x_wconf 88' lang='lat' dir='ltr'><strong>vitalis</strong></span> <span class='ocrx_word' id='word_1_198' title='bbox 541 1333 680 1383; x_wconf 79' lang='lat' dir='ltr'><strong>creatura</strong></span> <span class='ocrx_word' id='word_1_199' title='bbox 702 1331 759 1383; x_wconf 89' lang='lat' dir='ltr'><strong>tres</strong></span> <span class='ocrx_word' id='word_1_200' title='bbox 790 1326 865 1383; x_wconf 87' lang='lat' dir='ltr'><strong>vires</strong></span> <span class='ocrx_word' id='word_1_201' title='bbox 888 1327 936 1385; x_wconf 88' lang='lat' dir='ltr'><strong>ad·</strong></span> <span class='ocrx_word' id='word_1_202' title='bbox 989 1324 1109 1381; x_wconf 88' lang='lat' dir='ltr'><strong>scientia</strong></span> <span class='ocrx_word' id='word_1_203' title='bbox 1142 1326 1192 1380; x_wconf 88' lang='lat' dir='ltr'><strong>Dei</strong></span> <span class='ocrx_word' id='word_1_204' title='bbox 1216 1330 1395 1381; x_wconf 73' lang='lat' dir='ltr'><strong>ontearum</strong></span> <span class='ocrx_word' id='word_1_205' title='bbox 1418 1326 1484 1393; x_wconf 84' lang='lat' dir='ltr'><strong>tuit,</strong></span> <span class='ocrx_word' id='word_1_206' title='bbox 1511 1326 1550 1381; x_wconf 90' lang='lat' dir='ltr'><strong>sic</strong></span> <span class='ocrx_word' id='word_1_207' title='bbox 1582 1328 1670 1383; x_wconf 89' lang='lat' dir='ltr'><strong>etiam</strong></span> <span class='ocrx_word' id='word_1_208' title='bbox 1692 1333 1721 1385; x_wconf 89' lang='lat' dir='ltr'><strong>et</strong></span> <span class='ocrx_word' id='word_1_209' title='bbox 1747 1328 1841 1385; x_wconf 90' lang='lat' dir='ltr'><strong>adbuc</strong></span> 
     </span>
     <span class='ocr_line' id='line_1_14' title="bbox 83 1414 1838 1487; baseline 0.002 -19"><span class='ocrx_word' id='word_1_210' title='bbox 83 1420 161 1481; x_wconf 90' lang='lat' dir='ltr'><strong>sant,</strong></span> <span class='ocrx_word' id='word_1_211' title='bbox 186 1432 310 1487; x_wconf 85' lang='lat' dir='ltr'><strong>quaram</strong></span> <span class='ocrx_word' id='word_1_212' title='bbox 334 1417 424 1471; x_wconf 85' lang='lat' dir='ltr'><strong>altera</strong></span> <span class='ocrx_word' id='word_1_213' title='bbox 449 1415 565 1471; x_wconf 87' lang='lat' dir='ltr'><strong>videtur</strong></span> <span class='ocrx_word' id='word_1_214' title='bbox 593 1420 623 1471; x_wconf 91' lang='lat' dir='ltr'><strong>et</strong></span> <span class='ocrx_word' id='word_1_215' title='bbox 644 1416 733 1471; x_wconf 90' lang='lat' dir='ltr'><strong>altera</strong></span> <span class='ocrx_word' id='word_1_216' title='bbox 753 1415 851 1482; x_wconf 87' lang='lat' dir='ltr'><strong>scitur,</strong></span> <span class='ocrx_word' id='word_1_217' title='bbox 884 1415 935 1471; x_wconf 84' lang='lat' dir='ltr'><strong>sed</strong></span> <span class='ocrx_word' id='word_1_218' title='bbox 988 1428 1089 1467; x_wconf 87' lang='lat' dir='ltr'><strong>ornnes</strong></span> <span class='ocrx_word' id='word_1_219' title='bbox 1107 1414 1244 1469; x_wconf 87' lang='lat' dir='ltr'><strong>nascituri</strong></span> <span class='ocrx_word' id='word_1_220' title='bbox 1259 1414 1391 1469; x_wconf 85' lang='lat' dir='ltr'><strong>homines</strong></span> <span class='ocrx_word' id='word_1_221' title='bbox 1410 1414 1441 1469; x_wconf 94' lang='lat' dir='ltr'><strong>in</strong></span> <span class='ocrx_word' id='word_1_222' title='bbox 1454 1414 1633 1485; x_wconf 78' lang='lat' dir='ltr'><strong>praescientia</strong></span> <span class='ocrx_word' id='word_1_223' title='bbox 1653 1414 1744 1487; x_wconf 86' lang='lat' dir='ltr'><strong>ipsius</strong></span> <span class='ocrx_word' id='word_1_224' title='bbox 1762 1422 1838 1472; x_wconf 89' lang='lat' dir='ltr'><strong>sunt.</strong></span> 
     </span>
     <span class='ocr_line' id='line_1_15' title="bbox 82 1500 1839 1576; baseline 0.001 -19"><span class='ocrx_word' id='word_1_225' title='bbox 82 1504 168 1559; x_wconf 88' lang='lat' dir='ltr'><strong>tertia</strong></span> <span class='ocrx_word' id='word_1_226' title='bbox 183 1520 242 1561; x_wconf 92' lang='lat' dir='ltr'><strong>non</strong></span> <span class='ocrx_word' id='word_1_227' title='bbox 263 1504 383 1560; x_wconf 80' lang='lat' dir='ltr'><strong>ridetur.</strong></span> <span class='ocrx_word' id='word_1_228' title='bbox 408 1505 519 1576; x_wconf 84' lang='lat' dir='ltr'><strong>Corpus</strong></span> <span class='ocrx_word' id='word_1_229' title='bbox 540 1502 618 1559; x_wconf 87' lang='lat' dir='ltr'><strong>enim</strong></span> <span class='ocrx_word' id='word_1_230' title='bbox 639 1502 734 1558; x_wconf 85' lang='lat' dir='ltr'><strong>vitalis</strong></span> <span class='ocrx_word' id='word_1_231' title='bbox 747 1504 791 1559; x_wconf 87' lang='lat' dir='ltr'><strong>rei</strong></span> <span class='ocrx_word' id='word_1_232' title='bbox 809 1504 934 1571; x_wconf 85' lang='lat' dir='ltr'><strong>videtur,</strong></span> <span class='ocrx_word' id='word_1_233' title='bbox 988 1500 1044 1557; x_wconf 87' lang='lat' dir='ltr'><strong>Sed</strong></span> <span class='ocrx_word' id='word_1_234' title='bbox 1065 1502 1152 1557; x_wconf 90' lang='lat' dir='ltr'><strong>bomo</strong></span> <span class='ocrx_word' id='word_1_235' title='bbox 1175 1502 1366 1574; x_wconf 88' lang='lat' dir='ltr'><strong>intelligibilis</strong></span> <span class='ocrx_word' id='word_1_236' title='bbox 1390 1507 1419 1558; x_wconf 90' lang='lat' dir='ltr'><strong>at</strong></span> <span class='ocrx_word' id='word_1_237' title='bbox 1443 1503 1584 1559; x_wconf 88' lang='lat' dir='ltr'><strong>sensibilis</strong></span> <span class='ocrx_word' id='word_1_238' title='bbox 1615 1510 1673 1569; x_wconf 85' lang='lat' dir='ltr'><strong>est;</strong></span> <span class='ocrx_word' id='word_1_239' title='bbox 1696 1505 1839 1575; x_wconf 89' lang='lat' dir='ltr'><strong>inlelligi-</strong></span> 
     </span>
     <span class='ocr_line' id='line_1_16' title="bbox 83 1590 1838 1666; baseline 0.001 -19"><span class='ocrx_word' id='word_1_240' title='bbox 83 1598 114 1647; x_wconf 91' lang='lat' dir='ltr'><strong>et</strong></span> <span class='ocrx_word' id='word_1_241' title='bbox 139 1593 217 1664; x_wconf 91' lang='lat' dir='ltr'><strong>quod</strong></span> <span class='ocrx_word' id='word_1_242' title='bbox 243 1592 338 1666; x_wconf 87' lang='lat' dir='ltr'><strong>gignit</strong></span> <span class='ocrx_word' id='word_1_243' title='bbox 359 1594 461 1660; x_wconf 88' lang='lat' dir='ltr'><strong>scitur;</strong></span> <span class='ocrx_word' id='word_1_244' title='bbox 487 1592 537 1647; x_wconf 92' lang='lat' dir='ltr'><strong>sed</strong></span> <span class='ocrx_word' id='word_1_245' title='bbox 561 1593 638 1648; x_wconf 90' lang='lat' dir='ltr'><strong>unde</strong></span> <span class='ocrx_word' id='word_1_246' title='bbox 652 1592 747 1648; x_wconf 88' lang='lat' dir='ltr'><strong>vitalis</strong></span> <span class='ocrx_word' id='word_1_247' title='bbox 764 1593 807 1660; x_wconf 84' lang='lat' dir='ltr'><strong>fit,</strong></span> <span class='ocrx_word' id='word_1_248' title='bbox 821 1608 934 1649; x_wconf 87' lang='lat' dir='ltr'><strong>necco-</strong></span> <span class='ocrx_word' id='word_1_249' title='bbox 987 1590 1054 1645; x_wconf 89' lang='lat' dir='ltr'><strong>bilis</strong></span> <span class='ocrx_word' id='word_1_250' title='bbox 1075 1590 1183 1647; x_wconf 87' lang='lat' dir='ltr'><strong>scilicet</strong></span> <span class='ocrx_word' id='word_1_251' title='bbox 1204 1591 1270 1663; x_wconf 87' lang='lat' dir='ltr'><strong>quia</strong></span> <span class='ocrx_word' id='word_1_252' title='bbox 1294 1591 1391 1647; x_wconf 90' lang='lat' dir='ltr'><strong>omnia</strong></span> <span class='ocrx_word' id='word_1_253' title='bbox 1415 1591 1561 1664; x_wconf 87' lang='lat' dir='ltr'><strong>intelligit,</strong></span> <span class='ocrx_word' id='word_1_254' title='bbox 1595 1592 1739 1649; x_wconf 89' lang='lat' dir='ltr'><strong>sensibilis</strong></span> <span class='ocrx_word' id='word_1_255' title='bbox 1766 1610 1838 1665; x_wconf 87' lang='lat' dir='ltr'><strong>quo-</strong></span> 
     </span>
     <span class='ocr_line' id='line_1_17' title="bbox 83 1678 1838 1753; baseline 0.001 -18"><span class='ocrx_word' id='word_1_256' title='bbox 83 1682 232 1751; x_wconf 89' lang='lat' dir='ltr'><strong>gnoscitur</strong></span> <span class='ocrx_word' id='word_1_257' title='bbox 248 1697 301 1737; x_wconf 87' lang='lat' dir='ltr'><strong>nec</strong></span> <span class='ocrx_word' id='word_1_258' title='bbox 313 1682 435 1737; x_wconf 83' lang='lat' dir='ltr'><strong>videtur.</strong></span> <span class='ocrx_word' id='word_1_259' title='bbox 455 1680 501 1738; x_wconf 87' lang='lat' dir='ltr'><strong>Sic</strong></span> <span class='ocrx_word' id='word_1_260' title='bbox 514 1685 543 1737; x_wconf 90' lang='lat' dir='ltr'><strong>et</strong></span> <span class='ocrx_word' id='word_1_261' title='bbox 566 1681 641 1737; x_wconf 87' lang='lat' dir='ltr'><strong>Dens</strong></span> <span class='ocrx_word' id='word_1_262' title='bbox 664 1698 770 1752; x_wconf 88' lang='lat' dir='ltr'><strong>magua</strong></span> <span class='ocrx_word' id='word_1_263' title='bbox 791 1679 934 1737; x_wconf 85' lang='lat' dir='ltr'><strong>mirabilia</strong></span> <span class='ocrx_word' id='word_1_264' title='bbox 988 1678 1067 1734; x_wconf 89' lang='lat' dir='ltr'><strong>niam</strong></span> <span class='ocrx_word' id='word_1_265' title='bbox 1092 1694 1209 1751; x_wconf 78' lang='lat' dir='ltr'><strong>eaquae</strong></span> <span class='ocrx_word' id='word_1_266' title='bbox 1230 1679 1284 1734; x_wconf 87' lang='lat' dir='ltr'><strong>sibi</strong></span> <span class='ocrx_word' id='word_1_267' title='bbox 1307 1680 1412 1736; x_wconf 87' lang='lat' dir='ltr'><strong>adsunt</strong></span> <span class='ocrx_word' id='word_1_268' title='bbox 1435 1680 1533 1747; x_wconf 88' lang='lat' dir='ltr'><strong>sentit,</strong></span> <span class='ocrx_word' id='word_1_269' title='bbox 1556 1681 1625 1753; x_wconf 91' lang='lat' dir='ltr'><strong>quia</strong></span> <span class='ocrx_word' id='word_1_270' title='bbox 1649 1683 1723 1737; x_wconf 84' lang='lat' dir='ltr'><strong>liene</strong></span> <span class='ocrx_word' id='word_1_271' title='bbox 1746 1687 1838 1737; x_wconf 90' lang='lat' dir='ltr'><strong>toturn</strong></span> 
     </span>
     <span class='ocr_line' id='line_1_18' title="bbox 82 1766 1838 1843; baseline 0.001 -20"><span class='ocrx_word' id='word_1_272' title='bbox 82 1784 138 1839; x_wconf 87' lang='lat' dir='ltr'><strong>per</strong></span> <span class='ocrx_word' id='word_1_273' title='bbox 157 1769 245 1840; x_wconf 87' lang='lat' dir='ltr'><strong>pedes</strong></span> <span class='ocrx_word' id='word_1_274' title='bbox 267 1770 395 1825; x_wconf 84' lang='lat' dir='ltr'><strong>bominis</strong></span> <span class='ocrx_word' id='word_1_275' title='bbox 422 1770 625 1837; x_wconf 84' lang='lat' dir='ltr'><strong>manifestavit,</strong></span> <span class='ocrx_word' id='word_1_276' title='bbox 651 1771 721 1841; x_wconf 87' lang='lat' dir='ltr'><strong>quia</strong></span> <span class='ocrx_word' id='word_1_277' title='bbox 746 1769 819 1825; x_wconf 88' lang='lat' dir='ltr'><strong>sicut</strong></span> <span class='ocrx_word' id='word_1_278' title='bbox 846 1770 934 1842; x_wconf 87' lang='lat' dir='ltr'><strong>pedes</strong></span> <span class='ocrx_word' id='word_1_279' title='bbox 988 1782 1103 1823; x_wconf 88' lang='lat' dir='ltr'><strong>carnem</strong></span> <span class='ocrx_word' id='word_1_280' title='bbox 1122 1766 1248 1823; x_wconf 86' lang='lat' dir='ltr'><strong>hominia</strong></span> <span class='ocrx_word' id='word_1_281' title='bbox 1272 1768 1330 1824; x_wconf 85' lang='lat' dir='ltr'><strong>vita</strong></span> <span class='ocrx_word' id='word_1_282' title='bbox 1348 1769 1457 1841; x_wconf 90' lang='lat' dir='ltr'><strong>implet,</strong></span> <span class='ocrx_word' id='word_1_283' title='bbox 1483 1785 1549 1826; x_wconf 89' lang='lat' dir='ltr'><strong>cum</strong></span> <span class='ocrx_word' id='word_1_284' title='bbox 1569 1771 1600 1825; x_wconf 90' lang='lat' dir='ltr'><strong>in</strong></span> <span class='ocrx_word' id='word_1_285' title='bbox 1628 1786 1691 1826; x_wconf 90' lang='lat' dir='ltr'><strong>eam</strong></span> <span class='ocrx_word' id='word_1_286' title='bbox 1711 1772 1838 1843; x_wconf 79' lang='lat' dir='ltr'><strong>spiraca-</strong></span> 
     </span>
     <span class='ocr_line' id='line_1_19' title="bbox 83 1856 1838 1931; baseline 0.001 -20"><span class='ocrx_word' id='word_1_287' title='bbox 83 1862 178 1913; x_wconf 88' lang='lat' dir='ltr'><strong>totum</strong></span> <span class='ocrx_word' id='word_1_288' title='bbox 193 1875 298 1930; x_wconf 86' lang='lat' dir='ltr'><strong>eorpus</strong></span> <span class='ocrx_word' id='word_1_289' title='bbox 321 1863 491 1924; x_wconf 84' lang='lat' dir='ltr'><strong>sustentant,</strong></span> <span class='ocrx_word' id='word_1_290' title='bbox 512 1864 541 1914; x_wconf 89' lang='lat' dir='ltr'><strong>et</strong></span> <span class='ocrx_word' id='word_1_291' title='bbox 559 1874 617 1931; x_wconf 84' lang='lat' dir='ltr'><strong>quo</strong></span> <span class='ocrx_word' id='word_1_292' title='bbox 633 1860 694 1914; x_wconf 90' lang='lat' dir='ltr'><strong>vnlt</strong></span> <span class='ocrx_word' id='word_1_293' title='bbox 711 1859 784 1914; x_wconf 93' lang='lat' dir='ltr'><strong>illud</strong></span> <span class='ocrx_word' id='word_1_294' title='bbox 807 1863 933 1931; x_wconf 88' lang='lat' dir='ltr'><strong>portant,</strong></span> <span class='ocrx_word' id='word_1_295' title='bbox 988 1856 1048 1911; x_wconf 90' lang='lat' dir='ltr'><strong>lum</strong></span> <span class='ocrx_word' id='word_1_296' title='bbox 1064 1856 1128 1911; x_wconf 84' lang='lat' dir='ltr'><strong>ritae</strong></span> <span class='ocrx_word' id='word_1_297' title='bbox 1153 1856 1252 1912; x_wconf 88' lang='lat' dir='ltr'><strong>mittit.</strong></span> <span class='ocrx_word' id='word_1_298' title='bbox 1276 1858 1458 1929; x_wconf 82' lang='lat' dir='ltr'><strong>Quapropter</strong></span> <span class='ocrx_word' id='word_1_299' title='bbox 1483 1863 1512 1914; x_wconf 86' lang='lat' dir='ltr'><strong>et</strong></span> <span class='ocrx_word' id='word_1_300' title='bbox 1537 1859 1748 1929; x_wconf 69' lang='lat' dir='ltr'><strong>prescientiam</strong></span> <span class='ocrx_word' id='word_1_301' title='bbox 1770 1859 1838 1915; x_wconf 92' lang='lat' dir='ltr'><strong>boni</strong></span> 
     </span>
     <span class='ocr_line' id='line_1_20' title="bbox 81 1944 1839 2019; baseline 0.003 -21"><span class='ocrx_word' id='word_1_302' title='bbox 81 1944 226 2001; x_wconf 85' lang='lat' dir='ltr'><strong>sicetiam</strong></span> <span class='ocrx_word' id='word_1_303' title='bbox 249 1946 321 2002; x_wconf 90' lang='lat' dir='ltr'><strong>lides</strong></span> <span class='ocrx_word' id='word_1_304' title='bbox 344 1962 451 2003; x_wconf 89' lang='lat' dir='ltr'><strong>nomen</strong></span> <span class='ocrx_word' id='word_1_305' title='bbox 475 1946 526 2001; x_wconf 80' lang='lat' dir='ltr'><strong>liei</strong></span> <span class='ocrx_word' id='word_1_306' title='bbox 544 1961 610 2002; x_wconf 90' lang='lat' dir='ltr'><strong>cam</strong></span> <span class='ocrx_word' id='word_1_307' title='bbox 632 1945 812 2001; x_wconf 89' lang='lat' dir='ltr'><strong>mirabilibus</strong></span> <span class='ocrx_word' id='word_1_308' title='bbox 827 1962 891 2018; x_wconf 83' lang='lat' dir='ltr'><strong>quoe</strong></span> <span class='ocrx_word' id='word_1_309' title='bbox 905 1951 935 2003; x_wconf 92' lang='lat' dir='ltr'><strong>et</strong></span> <span class='ocrx_word' id='word_1_310' title='bbox 987 1948 1017 1998; x_wconf 90' lang='lat' dir='ltr'><strong>et</strong></span> <span class='ocrx_word' id='word_1_311' title='bbox 1045 1944 1113 1999; x_wconf 91' lang='lat' dir='ltr'><strong>mali</strong></span> <span class='ocrx_word' id='word_1_312' title='bbox 1136 1944 1216 2016; x_wconf 80' lang='lat' dir='ltr'><strong>eligit</strong></span> <span class='ocrx_word' id='word_1_313' title='bbox 1234 1946 1312 2017; x_wconf 89' lang='lat' dir='ltr'><strong>qnod</strong></span> <span class='ocrx_word' id='word_1_314' title='bbox 1335 1946 1390 2001; x_wconf 89' lang='lat' dir='ltr'><strong>sibi</strong></span> <span class='ocrx_word' id='word_1_315' title='bbox 1416 1947 1518 2017; x_wconf 87' lang='lat' dir='ltr'><strong>placet,</strong></span> <span class='ocrx_word' id='word_1_316' title='bbox 1543 1952 1572 2002; x_wconf 89' lang='lat' dir='ltr'><strong>et</strong></span> <span class='ocrx_word' id='word_1_317' title='bbox 1591 1947 1728 2017; x_wconf 89' lang='lat' dir='ltr'><strong>reprobat</strong></span> <span class='ocrx_word' id='word_1_318' title='bbox 1761 1948 1839 2019; x_wconf 85' lang='lat' dir='ltr'><strong>quod</strong></span> 
     </span>
     <span class='ocr_line' id='line_1_21' title="bbox 80 2030 1838 2107; baseline 0.002 -22"><span class='ocrx_word' id='word_1_319' title='bbox 80 2032 173 2089; x_wconf 84' lang='lat' dir='ltr'><strong>videri</strong></span> <span class='ocrx_word' id='word_1_320' title='bbox 194 2038 223 2091; x_wconf 82' lang='lat' dir='ltr'><strong>ai</strong></span> <span class='ocrx_word' id='word_1_321' title='bbox 247 2051 306 2091; x_wconf 86' lang='lat' dir='ltr'><strong>non</strong></span> <span class='ocrx_word' id='word_1_322' title='bbox 330 2035 431 2102; x_wconf 82' lang='lat' dir='ltr'><strong>videri,</strong></span> <span class='ocrx_word' id='word_1_323' title='bbox 456 2042 485 2090; x_wconf 88' lang='lat' dir='ltr'><strong>et</strong></span> <span class='ocrx_word' id='word_1_324' title='bbox 507 2050 574 2107; x_wconf 77' lang='lat' dir='ltr'><strong>qrroe</strong></span> <span class='ocrx_word' id='word_1_325' title='bbox 597 2034 732 2107; x_wconf 76' lang='lat' dir='ltr'><strong>cognosci</strong></span> <span class='ocrx_word' id='word_1_326' title='bbox 754 2040 785 2089; x_wconf 84' lang='lat' dir='ltr'><strong>et</strong></span> <span class='ocrx_word' id='word_1_327' title='bbox 802 2052 862 2091; x_wconf 88' lang='lat' dir='ltr'><strong>non</strong></span> <span class='ocrx_word' id='word_1_328' title='bbox 887 2052 934 2092; x_wconf 83' lang='lat' dir='ltr'><strong>co-</strong></span> <span class='ocrx_word' id='word_1_329' title='bbox 987 2030 1042 2086; x_wconf 87' lang='lat' dir='ltr'><strong>sibi</strong></span> <span class='ocrx_word' id='word_1_330' title='bbox 1057 2031 1196 2103; x_wconf 79' lang='lat' dir='ltr'><strong>displicet.</strong></span> <span class='ocrx_word' id='word_1_331' title='bbox 1218 2033 1293 2088; x_wconf 87' lang='lat' dir='ltr'><strong>Deus</strong></span> <span class='ocrx_word' id='word_1_332' title='bbox 1308 2037 1403 2087; x_wconf 86' lang='lat' dir='ltr'><strong>autem</strong></span> <span class='ocrx_word' id='word_1_333' title='bbox 1415 2033 1579 2089; x_wconf 84' lang='lat' dir='ltr'><strong>considerat</strong></span> <span class='ocrx_word' id='word_1_334' title='bbox 1594 2033 1732 2105; x_wconf 81' lang='lat' dir='ltr'><strong>quidsibi</strong></span> <span class='ocrx_word' id='word_1_335' title='bbox 1749 2032 1838 2089; x_wconf 87' lang='lat' dir='ltr'><strong>homo</strong></span> 
     </span>
     <span class='ocr_line' id='line_1_22' title="bbox 80 2120 1837 2195; baseline -0.001 -18"><span class='ocrx_word' id='word_1_336' title='bbox 80 2123 183 2193; x_wconf 90' lang='lat' dir='ltr'><strong>gnosci</strong></span> <span class='ocrx_word' id='word_1_337' title='bbox 204 2128 335 2195; x_wconf 87' lang='lat' dir='ltr'><strong>possunt,</strong></span> <span class='ocrx_word' id='word_1_338' title='bbox 359 2123 472 2179; x_wconf 81' lang='lat' dir='ltr'><strong>fortiter</strong></span> <span class='ocrx_word' id='word_1_339' title='bbox 492 2124 625 2191; x_wconf 86' lang='lat' dir='ltr'><strong>sustinet,</strong></span> <span class='ocrx_word' id='word_1_340' title='bbox 647 2139 680 2178; x_wconf 90' lang='lat' dir='ltr'><strong>ac</strong></span> <span class='ocrx_word' id='word_1_341' title='bbox 695 2123 802 2194; x_wconf 86' lang='lat' dir='ltr'><strong>ubique</strong></span> <span class='ocrx_word' id='word_1_342' title='bbox 819 2124 931 2195; x_wconf 91' lang='lat' dir='ltr'><strong>magni-</strong></span> <span class='ocrx_word' id='word_1_343' title='bbox 986 2124 1139 2192; x_wconf 89' lang='lat' dir='ltr'><strong>proponat.</strong></span> <span class='ocrx_word' id='word_1_344' title='bbox 1161 2121 1240 2186; x_wconf 80' lang='lat' dir='ltr'><strong>Quod</strong></span> <span class='ocrx_word' id='word_1_345' title='bbox 1263 2122 1287 2175; x_wconf 88' lang='lat' dir='ltr'><strong>si</strong></span> <span class='ocrx_word' id='word_1_346' title='bbox 1311 2120 1397 2177; x_wconf 90' lang='lat' dir='ltr'><strong>homo</strong></span> <span class='ocrx_word' id='word_1_347' title='bbox 1420 2120 1475 2177; x_wconf 88' lang='lat' dir='ltr'><strong>sibi</strong></span> <span class='ocrx_word' id='word_1_348' title='bbox 1492 2122 1541 2177; x_wconf 91' lang='lat' dir='ltr'><strong>illa</strong></span> <span class='ocrx_word' id='word_1_349' title='bbox 1563 2122 1746 2194; x_wconf 85' lang='lat' dir='ltr'><strong>proposuerit</strong></span> <span class='ocrx_word' id='word_1_350' title='bbox 1773 2138 1837 2194; x_wconf 79' lang='lat' dir='ltr'><strong>quan</strong></span> 
     </span>
     <span class='ocr_line' id='line_1_23' title="bbox 79 2208 1837 2285; baseline -0.001 -19"><span class='ocrx_word' id='word_1_351' title='bbox 79 2211 134 2266; x_wconf 89' lang='lat' dir='ltr'><strong>lice</strong></span> <span class='ocrx_word' id='word_1_352' title='bbox 148 2212 212 2267; x_wconf 86' lang='lat' dir='ltr'><strong>fert.</strong></span> <span class='ocrx_word' id='word_1_353' title='bbox 229 2212 261 2267; x_wconf 82' lang='lat' dir='ltr'><strong>lit</strong></span> <span class='ocrx_word' id='word_1_354' title='bbox 282 2228 386 2285; x_wconf 88' lang='lat' dir='ltr'><strong>corpus</strong></span> <span class='ocrx_word' id='word_1_355' title='bbox 409 2212 535 2269; x_wconf 90' lang='lat' dir='ltr'><strong>bominis</strong></span> <span class='ocrx_word' id='word_1_356' title='bbox 553 2216 583 2267; x_wconf 91' lang='lat' dir='ltr'><strong>et</strong></span> <span class='ocrx_word' id='word_1_357' title='bbox 598 2227 687 2283; x_wconf 88' lang='lat' dir='ltr'><strong>opera</strong></span> <span class='ocrx_word' id='word_1_358' title='bbox 703 2214 765 2283; x_wconf 88' lang='lat' dir='ltr'><strong>ejus</strong></span> <span class='ocrx_word' id='word_1_359' title='bbox 782 2212 931 2281; x_wconf 70' lang='lat' dir='ltr'><strong>ridentur,</strong></span> <span class='ocrx_word' id='word_1_360' title='bbox 986 2208 1077 2263; x_wconf 76' lang='lat' dir='ltr'><strong>aueo</strong></span> <span class='ocrx_word' id='word_1_361' title='bbox 1098 2224 1157 2264; x_wconf 91' lang='lat' dir='ltr'><strong>non</strong></span> <span class='ocrx_word' id='word_1_362' title='bbox 1183 2213 1258 2278; x_wconf 91' lang='lat' dir='ltr'><strong>sunt,</strong></span> <span class='ocrx_word' id='word_1_363' title='bbox 1279 2211 1354 2265; x_wconf 86' lang='lat' dir='ltr'><strong>Deua</strong></span> <span class='ocrx_word' id='word_1_364' title='bbox 1377 2209 1414 2267; x_wconf 88' lang='lat' dir='ltr'><strong>ab</strong></span> <span class='ocrx_word' id='word_1_365' title='bbox 1435 2225 1469 2265; x_wconf 90' lang='lat' dir='ltr'><strong>eo</strong></span> <span class='ocrx_word' id='word_1_366' title='bbox 1494 2226 1523 2265; x_wconf 89' lang='lat' dir='ltr'><strong>se</strong></span> <span class='ocrx_word' id='word_1_367' title='bbox 1542 2210 1694 2279; x_wconf 84' lang='lat' dir='ltr'><strong>subtrabit,</strong></span> <span class='ocrx_word' id='word_1_368' title='bbox 1719 2215 1747 2265; x_wconf 88' lang='lat' dir='ltr'><strong>et</strong></span> <span class='ocrx_word' id='word_1_369' title='bbox 1771 2226 1837 2266; x_wconf 86' lang='lat' dir='ltr'><strong>mox</strong></span> 
     </span>
     <span class='ocr_line' id='line_1_24' title="bbox 80 2295 1837 2373; baseline 0 -18"><span class='ocrx_word' id='word_1_370' title='bbox 80 2302 131 2357; x_wconf 88' lang='lat' dir='ltr'><strong>sed</strong></span> <span class='ocrx_word' id='word_1_371' title='bbox 147 2302 240 2357; x_wconf 86' lang='lat' dir='ltr'><strong>multo</strong></span> <span class='ocrx_word' id='word_1_372' title='bbox 254 2301 320 2373; x_wconf 89' lang='lat' dir='ltr'><strong>plus</strong></span> <span class='ocrx_word' id='word_1_373' title='bbox 334 2302 364 2357; x_wconf 90' lang='lat' dir='ltr'><strong>in</strong></span> <span class='ocrx_word' id='word_1_374' title='bbox 382 2301 446 2373; x_wconf 89' lang='lat' dir='ltr'><strong>ipso</strong></span> <span class='ocrx_word' id='word_1_375' title='bbox 469 2306 513 2357; x_wconf 86' lang='lat' dir='ltr'><strong>est</strong></span> <span class='ocrx_word' id='word_1_376' title='bbox 533 2300 563 2356; x_wconf 93' lang='lat' dir='ltr'><strong>id</strong></span> <span class='ocrx_word' id='word_1_377' title='bbox 578 2300 656 2373; x_wconf 87' lang='lat' dir='ltr'><strong>quod</strong></span> <span class='ocrx_word' id='word_1_378' title='bbox 678 2316 733 2356; x_wconf 88' lang='lat' dir='ltr'><strong>nec</strong></span> <span class='ocrx_word' id='word_1_379' title='bbox 753 2300 868 2357; x_wconf 83' lang='lat' dir='ltr'><strong>ridetur</strong></span> <span class='ocrx_word' id='word_1_380' title='bbox 880 2317 934 2357; x_wconf 86' lang='lat' dir='ltr'><strong>nec</strong></span> <span class='ocrx_word' id='word_1_381' title='bbox 986 2295 1029 2349; x_wconf 84' lang='lat' dir='ltr'><strong>illi</strong></span> <span class='ocrx_word' id='word_1_382' title='bbox 1044 2302 1199 2353; x_wconf 82' lang='lat' dir='ltr'><strong>occurrunt</strong></span> <span class='ocrx_word' id='word_1_383' title='bbox 1225 2296 1272 2369; x_wconf 86' lang='lat' dir='ltr'><strong>qui</strong></span> <span class='ocrx_word' id='word_1_384' title='bbox 1302 2298 1429 2369; x_wconf 87' lang='lat' dir='ltr'><strong>primum</strong></span> <span class='ocrx_word' id='word_1_385' title='bbox 1451 2299 1559 2355; x_wconf 90' lang='lat' dir='ltr'><strong>malum</strong></span> <span class='ocrx_word' id='word_1_386' title='bbox 1582 2299 1773 2371; x_wconf 87' lang='lat' dir='ltr'><strong>incoeperant,</strong></span> <span class='ocrx_word' id='word_1_387' title='bbox 1795 2300 1837 2354; x_wconf 82' lang='lat' dir='ltr'><strong>vi·</strong></span> 
     </span>
     <span class='ocr_line' id='line_1_25' title="bbox 81 2383 1837 2461; baseline 0.004 -23"><span class='ocrx_word' id='word_1_388' title='bbox 81 2388 275 2461; x_wconf 68' lang='lat' dir='ltr'><strong>cognoscitur.</strong></span> <span class='ocrx_word' id='word_1_389' title='bbox 304 2389 359 2446; x_wconf 75' lang='lat' dir='ltr'><strong>Sed</strong></span> <span class='ocrx_word' id='word_1_390' title='bbox 387 2405 453 2445; x_wconf 79' lang='lat' dir='ltr'><strong>cum</strong></span> <span class='ocrx_word' id='word_1_391' title='bbox 476 2394 556 2445; x_wconf 72' lang='lat' dir='ltr'><strong>tanta</strong></span> <span class='ocrx_word' id='word_1_392' title='bbox 579 2389 738 2445; x_wconf 79' lang='lat' dir='ltr'><strong>obscuritas</strong></span> <span class='ocrx_word' id='word_1_393' title='bbox 758 2389 791 2445; x_wconf 85' lang='lat' dir='ltr'><strong>in</strong></span> <span class='ocrx_word' id='word_1_394' title='bbox 814 2389 933 2445; x_wconf 72' lang='lat' dir='ltr'><strong>homins</strong></span> <span class='ocrx_word' id='word_1_395' title='bbox 987 2383 1090 2441; x_wconf 87' lang='lat' dir='ltr'><strong>delicet</strong></span> <span class='ocrx_word' id='word_1_396' title='bbox 1104 2385 1155 2457; x_wconf 87' lang='lat' dir='ltr'><strong>qui</strong></span> <span class='ocrx_word' id='word_1_397' title='bbox 1174 2386 1277 2441; x_wconf 76' lang='lat' dir='ltr'><strong>caelum</strong></span> <span class='ocrx_word' id='word_1_398' title='bbox 1302 2386 1449 2442; x_wconf 85' lang='lat' dir='ltr'><strong>destruere</strong></span> <span class='ocrx_word' id='word_1_399' title='bbox 1468 2387 1727 2460; x_wconf 84' lang='lat' dir='ltr'><strong>voluerunt,quod</strong></span> <span class='ocrx_word' id='word_1_400' title='bbox 1746 2388 1837 2445; x_wconf 85' lang='lat' dir='ltr'><strong>Deum</strong></span> 
     </span>
     <span class='ocr_line' id='line_1_26' title="bbox 81 2474 1837 2550; baseline 0.002 -18"><span class='ocrx_word' id='word_1_401' title='bbox 81 2478 131 2548; x_wconf 90' lang='lat' dir='ltr'><strong>sit,</strong></span> <span class='ocrx_word' id='word_1_402' title='bbox 148 2477 295 2550; x_wconf 89' lang='lat' dir='ltr'><strong>quomodo</strong></span> <span class='ocrx_word' id='word_1_403' title='bbox 309 2476 479 2533; x_wconf 88' lang='lat' dir='ltr'><strong>manilestus</strong></span> <span class='ocrx_word' id='word_1_404' title='bbox 501 2477 549 2533; x_wconf 89' lang='lat' dir='ltr'><strong>ille</strong></span> <span class='ocrx_word' id='word_1_405' title='bbox 565 2480 640 2533; x_wconf 88' lang='lat' dir='ltr'><strong>esset</strong></span> <span class='ocrx_word' id='word_1_406' title='bbox 654 2477 705 2549; x_wconf 87' lang='lat' dir='ltr'><strong>qui</strong></span> <span class='ocrx_word' id='word_1_407' title='bbox 721 2493 788 2533; x_wconf 89' lang='lat' dir='ltr'><strong>eum</strong></span> <span class='ocrx_word' id='word_1_408' title='bbox 806 2477 933 2535; x_wconf 78' lang='lat' dir='ltr'><strong>crearit?</strong></span> <span class='ocrx_word' id='word_1_409' title='bbox 987 2490 1047 2529; x_wconf 93' lang='lat' dir='ltr'><strong>non</strong></span> <span class='ocrx_word' id='word_1_410' title='bbox 1068 2474 1173 2547; x_wconf 88' lang='lat' dir='ltr'><strong>tetigit,</strong></span> <span class='ocrx_word' id='word_1_411' title='bbox 1199 2474 1339 2547; x_wconf 89' lang='lat' dir='ltr'><strong>quoniam</strong></span> <span class='ocrx_word' id='word_1_412' title='bbox 1364 2475 1500 2532; x_wconf 87' lang='lat' dir='ltr'><strong>indecens</strong></span> <span class='ocrx_word' id='word_1_413' title='bbox 1524 2482 1607 2545; x_wconf 89' lang='lat' dir='ltr'><strong>essct,</strong></span> <span class='ocrx_word' id='word_1_414' title='bbox 1630 2482 1662 2533; x_wconf 89' lang='lat' dir='ltr'><strong>nt</strong></span> <span class='ocrx_word' id='word_1_415' title='bbox 1689 2478 1764 2535; x_wconf 85' lang='lat' dir='ltr'><strong>Deus</strong></span> <span class='ocrx_word' id='word_1_416' title='bbox 1792 2494 1837 2535; x_wconf 87' lang='lat' dir='ltr'><strong>se·</strong></span> 
     </span>
     <span class='ocr_line' id='line_1_27' title="bbox 81 2562 1838 2635; baseline 0 -14"><span class='ocrx_word' id='word_1_417' title='bbox 81 2567 155 2621; x_wconf 87' lang='lat' dir='ltr'><strong>Nam</strong></span> <span class='ocrx_word' id='word_1_418' title='bbox 176 2566 255 2621; x_wconf 88' lang='lat' dir='ltr'><strong>bunc</strong></span> <span class='ocrx_word' id='word_1_419' title='bbox 274 2567 372 2622; x_wconf 90' lang='lat' dir='ltr'><strong>nullus</strong></span> <span class='ocrx_word' id='word_1_420' title='bbox 386 2566 539 2622; x_wconf 89' lang='lat' dir='ltr'><strong>bominum</strong></span> <span class='ocrx_word' id='word_1_421' title='bbox 561 2565 592 2621; x_wconf 91' lang='lat' dir='ltr'><strong>ia</strong></span> <span class='ocrx_word' id='word_1_422' title='bbox 613 2566 717 2621; x_wconf 84' lang='lat' dir='ltr'><strong>saeculo</strong></span> <span class='ocrx_word' id='word_1_423' title='bbox 741 2566 838 2623; x_wconf 81' lang='lat' dir='ltr'><strong>virens</strong></span> <span class='ocrx_word' id='word_1_424' title='bbox 860 2566 933 2622; x_wconf 89' lang='lat' dir='ltr'><strong>scire</strong></span> <span class='ocrx_word' id='word_1_425' title='bbox 987 2562 1083 2635; x_wconf 84' lang='lat' dir='ltr'><strong>ipsum</strong></span> <span class='ocrx_word' id='word_1_426' title='bbox 1107 2562 1274 2619; x_wconf 88' lang='lat' dir='ltr'><strong>destrueret.</strong></span> <span class='ocrx_word' id='word_1_427' title='bbox 1298 2562 1327 2620; x_wconf 91' lang='lat' dir='ltr'><strong>Si</strong></span> <span class='ocrx_word' id='word_1_428' title='bbox 1351 2568 1449 2619; x_wconf 89' lang='lat' dir='ltr'><strong>nolam</strong></span> <span class='ocrx_word' id='word_1_429' title='bbox 1464 2564 1552 2621; x_wconf 89' lang='lat' dir='ltr'><strong>homo</strong></span> <span class='ocrx_word' id='word_1_430' title='bbox 1567 2566 1602 2621; x_wconf 91' lang='lat' dir='ltr'><strong>ad</strong></span> <span class='ocrx_word' id='word_1_431' title='bbox 1626 2582 1730 2622; x_wconf 88' lang='lat' dir='ltr'><strong>nomen</strong></span> <span class='ocrx_word' id='word_1_432' title='bbox 1746 2567 1838 2623; x_wconf 84' lang='lat' dir='ltr'><strong>Patris</strong></span> 
     </span>
     <span class='ocr_line' id='line_1_28' title="bbox 82 2651 1835 2725; baseline 0.002 -17"><span class='ocrx_word' id='word_1_433' title='bbox 82 2658 179 2725; x_wconf 86' lang='lat' dir='ltr'><strong>potest</strong></span> <span class='ocrx_word' id='word_1_434' title='bbox 192 2653 275 2709; x_wconf 90' lang='lat' dir='ltr'><strong>sicuti</strong></span> <span class='ocrx_word' id='word_1_435' title='bbox 288 2657 341 2709; x_wconf 85' lang='lat' dir='ltr'><strong>ast.</strong></span> <span class='ocrx_word' id='word_1_436' title='bbox 986 2652 1032 2707; x_wconf 89' lang='lat' dir='ltr'><strong>sui</strong></span> <span class='ocrx_word' id='word_1_437' title='bbox 1054 2651 1241 2715; x_wconf 83' lang='lat' dir='ltr'><strong>anhelaverit.</strong></span> <span class='ocrx_word' id='word_1_438' title='bbox 1262 2654 1292 2707; x_wconf 90' lang='lat' dir='ltr'><strong>et</strong></span> <span class='ocrx_word' id='word_1_439' title='bbox 1313 2652 1395 2709; x_wconf 91' lang='lat' dir='ltr'><strong>illum</strong></span> <span class='ocrx_word' id='word_1_440' title='bbox 1416 2652 1493 2709; x_wconf 91' lang='lat' dir='ltr'><strong>bono</strong></span> <span class='ocrx_word' id='word_1_441' title='bbox 1516 2654 1660 2711; x_wconf 87' lang='lat' dir='ltr'><strong>desiderio</strong></span> <span class='ocrx_word' id='word_1_442' title='bbox 1683 2656 1835 2723; x_wconf 90' lang='lat' dir='ltr'><strong>vocaverit,</strong></span> 
     </span>
    </p>

    <p class='ocr_par' dir='ltr' id='par_1_3' title="bbox 75 2740 1839 5563">
     <span class='ocr_line' id='line_1_29' title="bbox 120 2740 1836 2813; baseline 0.002 -18"><span class='ocrx_word' id='word_1_443' title='bbox 120 2762 135 2795; x_wconf 81' lang='grc' dir='ltr'><strong>ι</strong></span> <span class='ocrx_word' id='word_1_444' title='bbox 160 2741 214 2808; x_wconf 84' lang='lat' dir='ltr'><strong>Qui</strong></span> <span class='ocrx_word' id='word_1_445' title='bbox 233 2758 294 2799; x_wconf 89' lang='lat' dir='ltr'><strong>non</strong></span> <span class='ocrx_word' id='word_1_446' title='bbox 318 2759 353 2798; x_wconf 86' lang='lat' dir='ltr'><strong>ex</strong></span> <span class='ocrx_word' id='word_1_447' title='bbox 381 2742 581 2813; x_wconf 77' lang='lat' dir='ltr'><strong>sanguinibus,</strong></span> <span class='ocrx_word' id='word_1_448' title='bbox 609 2757 703 2813; x_wconf 86' lang='lat' dir='ltr'><strong>neque</strong></span> <span class='ocrx_word' id='word_1_449' title='bbox 726 2758 762 2798; x_wconf 85' lang='lat' dir='ltr'><strong>ex</strong></span> <span class='ocrx_word' id='word_1_450' title='bbox 787 2743 933 2798; x_wconf 87' lang='lat' dir='ltr'><strong>voluntate</strong></span> <span class='ocrx_word' id='word_1_451' title='bbox 987 2740 1117 2812; x_wconf 88' lang='lat' dir='ltr'><strong>angelica</strong></span> <span class='ocrx_word' id='word_1_452' title='bbox 1136 2740 1271 2812; x_wconf 73' lang='lat' dir='ltr'><strong>presidia</strong></span> <span class='ocrx_word' id='word_1_453' title='bbox 1285 2740 1329 2795; x_wconf 93' lang='lat' dir='ltr'><strong>illi</strong></span> <span class='ocrx_word' id='word_1_454' title='bbox 1348 2740 1481 2811; x_wconf 81' lang='lat' dir='ltr'><strong>aderunt,</strong></span> <span class='ocrx_word' id='word_1_455' title='bbox 1500 2757 1535 2797; x_wconf 90' lang='lat' dir='ltr'><strong>ne</strong></span> <span class='ocrx_word' id='word_1_456' title='bbox 1556 2758 1609 2813; x_wconf 88' lang='lat' dir='ltr'><strong>per</strong></span> <span class='ocrx_word' id='word_1_457' title='bbox 1627 2742 1761 2798; x_wconf 86' lang='lat' dir='ltr'><strong>inimicos</strong></span> <span class='ocrx_word' id='word_1_458' title='bbox 1780 2744 1836 2798; x_wconf 90' lang='lat' dir='ltr'><strong>im-</strong></span> 
     </span>
     <span class='ocr_line' id='line_1_30' title="bbox 80 2827 1837 2906; baseline 0 -19"><span class='ocrx_word' id='word_1_459' title='bbox 80 2833 189 2902; x_wconf 86' lang='lat' dir='ltr'><strong>carnis,</strong></span> <span class='ocrx_word' id='word_1_460' title='bbox 215 2848 309 2906; x_wconf 88' lang='lat' dir='ltr'><strong>neque</strong></span> <span class='ocrx_word' id='word_1_461' title='bbox 335 2848 369 2887; x_wconf 83' lang='lat' dir='ltr'><strong>ex</strong></span> <span class='ocrx_word' id='word_1_462' title='bbox 392 2830 539 2888; x_wconf 84' lang='lat' dir='ltr'><strong>voluntate</strong></span> <span class='ocrx_word' id='word_1_463' title='bbox 569 2831 634 2899; x_wconf 89' lang='lat' dir='ltr'><strong>viri,</strong></span> <span class='ocrx_word' id='word_1_464' title='bbox 658 2832 708 2887; x_wconf 89' lang='lat' dir='ltr'><strong>sed</strong></span> <span class='ocrx_word' id='word_1_465' title='bbox 733 2848 765 2887; x_wconf 89' lang='lat' dir='ltr'><strong>er</strong></span> <span class='ocrx_word' id='word_1_466' title='bbox 789 2832 847 2888; x_wconf 81' lang='lat' dir='ltr'><strong>lieo</strong></span> <span class='ocrx_word' id='word_1_467' title='bbox 871 2831 933 2887; x_wconf 92' lang='lat' dir='ltr'><strong>nati</strong></span> <span class='ocrx_word' id='word_1_468' title='bbox 985 2829 1130 2901; x_wconf 70' lang='lat' dir='ltr'><strong>gradiatur,</strong></span> <span class='ocrx_word' id='word_1_469' title='bbox 1160 2832 1189 2885; x_wconf 89' lang='lat' dir='ltr'><strong>st</strong></span> <span class='ocrx_word' id='word_1_470' title='bbox 1212 2828 1287 2885; x_wconf 87' lang='lat' dir='ltr'><strong>Deus</strong></span> <span class='ocrx_word' id='word_1_471' title='bbox 1310 2845 1363 2900; x_wconf 89' lang='lat' dir='ltr'><strong>per</strong></span> <span class='ocrx_word' id='word_1_472' title='bbox 1384 2827 1603 2887; x_wconf 77' lang='lat' dir='ltr'><strong>delectationem</strong></span> <span class='ocrx_word' id='word_1_473' title='bbox 1625 2830 1760 2887; x_wconf 88' lang='lat' dir='ltr'><strong>desiderii</strong></span> <span class='ocrx_word' id='word_1_474' title='bbox 1788 2832 1837 2887; x_wconf 89' lang='lat' dir='ltr'><strong>bo·</strong></span> 
     </span>
     <span class='ocr_line' id='line_1_31' title="bbox 81 2916 1839 2998; baseline -0.001 -22"><span class='ocrx_word' id='word_1_475' title='bbox 81 2926 159 2977; x_wconf 88' lang='lat' dir='ltr'><strong>sunl.</strong></span> <span class='ocrx_word' id='word_1_476' title='bbox 176 2942 190 2971; x_wconf 74' lang='lat' dir='ltr'><strong>o</strong></span> <span class='ocrx_word' id='word_1_477' title='bbox 209 2922 297 2977; x_wconf 82' lang='lat' dir='ltr'><strong>Filios</strong></span> <span class='ocrx_word' id='word_1_478' title='bbox 312 2922 390 2978; x_wconf 91' lang='lat' dir='ltr'><strong>enim</strong></span> <span class='ocrx_word' id='word_1_479' title='bbox 405 2921 457 2978; x_wconf 84' lang='lat' dir='ltr'><strong>liei</strong></span> <span class='ocrx_word' id='word_1_480' title='bbox 471 2920 541 2977; x_wconf 84' lang='lat' dir='ltr'><strong>dixit</strong></span> <span class='ocrx_word' id='word_1_481' title='bbox 558 2937 565 2977; x_wconf 77' lang='lat' dir='ltr'><strong>r</strong></span> <span class='ocrx_word' id='word_1_482' title='bbox 585 2942 596 2971; x_wconf 76' lang='grc' dir='ltr'>ι</span> <span class='ocrx_word' id='word_1_483' title='bbox 614 2920 693 2986; x_wconf 78' lang='lat' dir='ltr'><strong>Quod</strong></span> <span class='ocrx_word' id='word_1_484' title='bbox 715 2925 816 2976; x_wconf 92' lang='lat' dir='ltr'><strong>natum</strong></span> <span class='ocrx_word' id='word_1_485' title='bbox 837 2925 880 2976; x_wconf 90' lang='lat' dir='ltr'><strong>est</strong></span> <span class='ocrx_word' id='word_1_486' title='bbox 898 2935 932 2975; x_wconf 85' lang='lat' dir='ltr'><strong>er</strong></span> <span class='ocrx_word' id='word_1_487' title='bbox 951 2940 972 2998; x_wconf 74' lang='lat' dir='ltr'>c</span> <span class='ocrx_word' id='word_1_488' title='bbox 988 2934 1092 2973; x_wconf 89' lang='lat' dir='ltr'><strong>norum</strong></span> <span class='ocrx_word' id='word_1_489' title='bbox 1113 2933 1234 2990; x_wconf 89' lang='lat' dir='ltr'><strong>operum</strong></span> <span class='ocrx_word' id='word_1_490' title='bbox 1252 2916 1335 2990; x_wconf 88' lang='lat' dir='ltr'><strong>quasi</strong></span> <span class='ocrx_word' id='word_1_491' title='bbox 1357 2917 1401 2973; x_wconf 87' lang='lat' dir='ltr'><strong>lac</strong></span> <span class='ocrx_word' id='word_1_492' title='bbox 1424 2917 1465 2975; x_wconf 90' lang='lat' dir='ltr'><strong>illi</strong></span> <span class='ocrx_word' id='word_1_493' title='bbox 1490 2918 1616 2974; x_wconf 80' lang='lat' dir='ltr'><strong>suaviter</strong></span> <span class='ocrx_word' id='word_1_494' title='bbox 1638 2919 1766 2990; x_wconf 88' lang='lat' dir='ltr'><strong>primurn</strong></span> <span class='ocrx_word' id='word_1_495' title='bbox 1786 2919 1839 2975; x_wconf 88' lang='lat' dir='ltr'><strong>inr-</strong></span> 
     </span>
     <span class='ocr_line' id='line_1_32' title="bbox 80 3006 1835 3081; baseline -0.001 -16"><span class='ocrx_word' id='word_1_496' title='bbox 80 3026 179 3078; x_wconf 87' lang='lat' dir='ltr'><strong>carne,</strong></span> <span class='ocrx_word' id='word_1_497' title='bbox 198 3026 265 3065; x_wconf 90' lang='lat' dir='ltr'><strong>caro</strong></span> <span class='ocrx_word' id='word_1_498' title='bbox 280 3014 340 3079; x_wconf 88' lang='lat' dir='ltr'><strong>est;</strong></span> <span class='ocrx_word' id='word_1_499' title='bbox 360 3014 388 3065; x_wconf 90' lang='lat' dir='ltr'><strong>at</strong></span> <span class='ocrx_word' id='word_1_500' title='bbox 405 3008 483 3081; x_wconf 91' lang='lat' dir='ltr'><strong>quod</strong></span> <span class='ocrx_word' id='word_1_501' title='bbox 507 3014 608 3066; x_wconf 87' lang='lat' dir='ltr'><strong>nalum</strong></span> <span class='ocrx_word' id='word_1_502' title='bbox 630 3014 674 3065; x_wconf 86' lang='lat' dir='ltr'><strong>est</strong></span> <span class='ocrx_word' id='word_1_503' title='bbox 686 3024 719 3064; x_wconf 83' lang='lat' dir='ltr'><strong>er</strong></span> <span class='ocrx_word' id='word_1_504' title='bbox 741 3007 856 3080; x_wconf 87' lang='lat' dir='ltr'><strong>spiritu,</strong></span> <span class='ocrx_word' id='word_1_505' title='bbox 872 3007 931 3080; x_wconf 88' lang='lat' dir='ltr'><strong>spi·</strong></span> <span class='ocrx_word' id='word_1_506' title='bbox 985 3006 1084 3076; x_wconf 89' lang='lat' dir='ltr'><strong>mittit,</strong></span> <span class='ocrx_word' id='word_1_507' title='bbox 1100 3022 1132 3062; x_wconf 88' lang='lat' dir='ltr'><strong>ac</strong></span> <span class='ocrx_word' id='word_1_508' title='bbox 1153 3006 1255 3063; x_wconf 90' lang='lat' dir='ltr'><strong>deinde</strong></span> <span class='ocrx_word' id='word_1_509' title='bbox 1274 3006 1403 3077; x_wconf 82' lang='lat' dir='ltr'><strong>pluriam</strong></span> <span class='ocrx_word' id='word_1_510' title='bbox 1427 3007 1527 3078; x_wconf 80' lang='lat' dir='ltr'><strong>gratita</strong></span> <span class='ocrx_word' id='word_1_511' title='bbox 1545 3022 1604 3063; x_wconf 75' lang='lat' dir='ltr'><strong>suus</strong></span> <span class='ocrx_word' id='word_1_512' title='bbox 1632 3006 1676 3063; x_wconf 93' lang='lat' dir='ltr'><strong>illi</strong></span> <span class='ocrx_word' id='word_1_513' title='bbox 1698 3007 1835 3075; x_wconf 88' lang='lat' dir='ltr'><strong>inlnadit,</strong></span> 
     </span>
     <span class='ocr_line' id='line_1_33' title="bbox 79 3093 1835 3169; baseline -0.001 -16"><span class='ocrx_word' id='word_1_514' title='bbox 79 3098 156 3154; x_wconf 90' lang='lat' dir='ltr'><strong>ritus</strong></span> <span class='ocrx_word' id='word_1_515' title='bbox 179 3103 222 3153; x_wconf 87' lang='lat' dir='ltr'><strong>est</strong></span> <span class='ocrx_word' id='word_1_516' title='bbox 242 3098 330 3169; x_wconf 75' lang='lat' dir='ltr'><strong>(loca.</strong></span> <span class='ocrx_word' id='word_1_517' title='bbox 357 3100 410 3167; x_wconf 86' lang='lat' dir='ltr'><strong>ur),</strong></span> <span class='ocrx_word' id='word_1_518' title='bbox 436 3117 451 3151; x_wconf 83' lang='grc' dir='ltr'><strong>ι</strong></span> <span class='ocrx_word' id='word_1_519' title='bbox 476 3097 615 3169; x_wconf 89' lang='lat' dir='ltr'><strong>quoniam</strong></span> <span class='ocrx_word' id='word_1_520' title='bbox 644 3112 711 3153; x_wconf 90' lang='lat' dir='ltr'><strong>caro</strong></span> <span class='ocrx_word' id='word_1_521' title='bbox 734 3097 769 3152; x_wconf 91' lang='lat' dir='ltr'><strong>de</strong></span> <span class='ocrx_word' id='word_1_522' title='bbox 792 3112 878 3153; x_wconf 89' lang='lat' dir='ltr'><strong>carne</strong></span> <span class='ocrx_word' id='word_1_523' title='bbox 900 3097 932 3153; x_wconf 92' lang='lat' dir='ltr'><strong>in</strong></span> <span class='ocrx_word' id='word_1_524' title='bbox 984 3111 1143 3167; x_wconf 87' lang='lat' dir='ltr'><strong>perquam</strong></span> <span class='ocrx_word' id='word_1_525' title='bbox 1168 3096 1203 3153; x_wconf 89' lang='lat' dir='ltr'><strong>de</strong></span> <span class='ocrx_word' id='word_1_526' title='bbox 1227 3095 1333 3151; x_wconf 89' lang='lat' dir='ltr'><strong>virtute</strong></span> <span class='ocrx_word' id='word_1_527' title='bbox 1351 3093 1382 3150; x_wconf 90' lang='lat' dir='ltr'><strong>in</strong></span> <span class='ocrx_word' id='word_1_528' title='bbox 1400 3094 1537 3151; x_wconf 90' lang='lat' dir='ltr'><strong>virtulem</strong></span> <span class='ocrx_word' id='word_1_529' title='bbox 1558 3094 1670 3152; x_wconf 82' lang='lat' dir='ltr'><strong>fortiter</strong></span> <span class='ocrx_word' id='word_1_530' title='bbox 1692 3097 1835 3152; x_wconf 89' lang='lat' dir='ltr'><strong>ascendat.</strong></span> 
     </span>
     <span class='ocr_line' id='line_1_34' title="bbox 81 3183 1837 3259; baseline -0.001 -17"><span class='ocrx_word' id='word_1_531' title='bbox 81 3187 205 3259; x_wconf 86' lang='lat' dir='ltr'><strong>peccatis</strong></span> <span class='ocrx_word' id='word_1_532' title='bbox 228 3192 366 3259; x_wconf 84' lang='lat' dir='ltr'><strong>concepte</strong></span> <span class='ocrx_word' id='word_1_533' title='bbox 386 3190 454 3245; x_wconf 81' lang='lat' dir='ltr'><strong>nata</strong></span> <span class='ocrx_word' id='word_1_534' title='bbox 475 3191 536 3255; x_wconf 87' lang='lat' dir='ltr'><strong>est;</strong></span> <span class='ocrx_word' id='word_1_535' title='bbox 551 3186 601 3242; x_wconf 89' lang='lat' dir='ltr'><strong>sed</strong></span> <span class='ocrx_word' id='word_1_536' title='bbox 622 3186 691 3258; x_wconf 85' lang='lat' dir='ltr'><strong>quia</strong></span> <span class='ocrx_word' id='word_1_537' title='bbox 712 3187 789 3243; x_wconf 86' lang='lat' dir='ltr'><strong>Dens</strong></span> <span class='ocrx_word' id='word_1_538' title='bbox 811 3185 931 3257; x_wconf 88' lang='lat' dir='ltr'><strong>spiritus</strong></span> <span class='ocrx_word' id='word_1_539' title='bbox 985 3186 1020 3241; x_wconf 82' lang='lat' dir='ltr'><strong>lit</strong></span> <span class='ocrx_word' id='word_1_540' title='bbox 1034 3184 1087 3241; x_wconf 88' lang='lat' dir='ltr'><strong>bec</strong></span> <span class='ocrx_word' id='word_1_541' title='bbox 1106 3183 1191 3241; x_wconf 89' lang='lat' dir='ltr'><strong>modo</strong></span> <span class='ocrx_word' id='word_1_542' title='bbox 1213 3184 1256 3240; x_wconf 91' lang='lat' dir='ltr'><strong>illi</strong></span> <span class='ocrx_word' id='word_1_543' title='bbox 1270 3186 1300 3239; x_wconf 94' lang='lat' dir='ltr'><strong>in</strong></span> <span class='ocrx_word' id='word_1_544' title='bbox 1324 3184 1492 3257; x_wconf 85' lang='lat' dir='ltr'><strong>hujusmodi</strong></span> <span class='ocrx_word' id='word_1_545' title='bbox 1515 3184 1669 3241; x_wconf 88' lang='lat' dir='ltr'><strong>virtutibus</strong></span> <span class='ocrx_word' id='word_1_546' title='bbox 1692 3186 1837 3257; x_wconf 86' lang='lat' dir='ltr'><strong>nequead</strong></span> 
     </span>
     <span class='ocr_line' id='line_1_35' title="bbox 81 3272 1836 3346; baseline 0.001 -18"><span class='ocrx_word' id='word_1_547' title='bbox 81 3279 135 3342; x_wconf 88' lang='lat' dir='ltr'><strong>eat,</strong></span> <span class='ocrx_word' id='word_1_548' title='bbox 162 3290 212 3345; x_wconf 88' lang='lat' dir='ltr'><strong>per</strong></span> <span class='ocrx_word' id='word_1_549' title='bbox 233 3274 329 3346; x_wconf 90' lang='lat' dir='ltr'><strong>ipsum</strong></span> <span class='ocrx_word' id='word_1_550' title='bbox 353 3289 454 3329; x_wconf 91' lang='lat' dir='ltr'><strong>omnes</strong></span> <span class='ocrx_word' id='word_1_551' title='bbox 475 3272 593 3345; x_wconf 88' lang='lat' dir='ltr'><strong>spiritus</strong></span> <span class='ocrx_word' id='word_1_552' title='bbox 615 3273 673 3329; x_wconf 90' lang='lat' dir='ltr'><strong>orti</strong></span> <span class='ocrx_word' id='word_1_553' title='bbox 697 3277 774 3340; x_wconf 89' lang='lat' dir='ltr'><strong>sunt,</strong></span> <span class='ocrx_word' id='word_1_554' title='bbox 797 3289 851 3329; x_wconf 92' lang='lat' dir='ltr'><strong>nec</strong></span> <span class='ocrx_word' id='word_1_555' title='bbox 871 3272 929 3346; x_wconf 86' lang='lat' dir='ltr'><strong>spi·</strong></span> <span class='ocrx_word' id='word_1_556' title='bbox 986 3273 1100 3329; x_wconf 89' lang='lat' dir='ltr'><strong>obitum</strong></span> <span class='ocrx_word' id='word_1_557' title='bbox 1124 3289 1209 3330; x_wconf 87' lang='lat' dir='ltr'><strong>snum</strong></span> <span class='ocrx_word' id='word_1_558' title='bbox 1234 3289 1350 3345; x_wconf 88' lang='lat' dir='ltr'><strong>semper</strong></span> <span class='ocrx_word' id='word_1_559' title='bbox 1372 3289 1463 3329; x_wconf 91' lang='lat' dir='ltr'><strong>novus</strong></span> <span class='ocrx_word' id='word_1_560' title='bbox 1477 3276 1528 3329; x_wconf 88' lang='lat' dir='ltr'><strong>ast.</strong></span> <span class='ocrx_word' id='word_1_561' title='bbox 1549 3273 1603 3330; x_wconf 91' lang='lat' dir='ltr'><strong>Sed</strong></span> <span class='ocrx_word' id='word_1_562' title='bbox 1619 3274 1670 3345; x_wconf 86' lang='lat' dir='ltr'><strong>qui</strong></span> <span class='ocrx_word' id='word_1_563' title='bbox 1690 3275 1836 3331; x_wconf 91' lang='lat' dir='ltr'><strong>modicum</strong></span> 
     </span>
     <span class='ocr_line' id='line_1_36' title="bbox 78 3361 1838 3437; baseline 0.002 -20"><span class='ocrx_word' id='word_1_564' title='bbox 78 3362 154 3417; x_wconf 86' lang='lat' dir='ltr'><strong>ritus</strong></span> <span class='ocrx_word' id='word_1_565' title='bbox 176 3361 208 3418; x_wconf 94' lang='lat' dir='ltr'><strong>in</strong></span> <span class='ocrx_word' id='word_1_566' title='bbox 232 3378 359 3433; x_wconf 88' lang='lat' dir='ltr'><strong>carnem,</strong></span> <span class='ocrx_word' id='word_1_567' title='bbox 381 3378 435 3417; x_wconf 91' lang='lat' dir='ltr'><strong>nec</strong></span> <span class='ocrx_word' id='word_1_568' title='bbox 457 3377 523 3417; x_wconf 91' lang='lat' dir='ltr'><strong>caro</strong></span> <span class='ocrx_word' id='word_1_569' title='bbox 540 3361 571 3417; x_wconf 90' lang='lat' dir='ltr'><strong>in</strong></span> <span class='ocrx_word' id='word_1_570' title='bbox 585 3361 864 3434; x_wconf 85' lang='lat' dir='ltr'><strong>spiritumvertitnr;</strong></span> <span class='ocrx_word' id='word_1_571' title='bbox 879 3362 930 3419; x_wconf 88' lang='lat' dir='ltr'><strong>sed</strong></span> <span class='ocrx_word' id='word_1_572' title='bbox 984 3362 1054 3437; x_wconf 86' lang='lat' dir='ltr'><strong>quid</strong></span> <span class='ocrx_word' id='word_1_573' title='bbox 1075 3366 1104 3419; x_wconf 90' lang='lat' dir='ltr'><strong>et</strong></span> <span class='ocrx_word' id='word_1_574' title='bbox 1121 3378 1180 3419; x_wconf 88' lang='lat' dir='ltr'><strong>non</strong></span> <span class='ocrx_word' id='word_1_575' title='bbox 1194 3378 1333 3436; x_wconf 91' lang='lat' dir='ltr'><strong>magnum</strong></span> <span class='ocrx_word' id='word_1_576' title='bbox 1353 3362 1446 3419; x_wconf 86' lang='lat' dir='ltr'><strong>lacere</strong></span> <span class='ocrx_word' id='word_1_577' title='bbox 1468 3366 1572 3436; x_wconf 85' lang='lat' dir='ltr'><strong>potest,</strong></span> <span class='ocrx_word' id='word_1_578' title='bbox 1598 3379 1712 3435; x_wconf 82' lang='lat' dir='ltr'><strong>semper</strong></span> <span class='ocrx_word' id='word_1_579' title='bbox 1739 3364 1769 3420; x_wconf 90' lang='lat' dir='ltr'><strong>in</strong></span> <span class='ocrx_word' id='word_1_580' title='bbox 1784 3364 1838 3421; x_wconf 91' lang='lat' dir='ltr'><strong>im-</strong></span> 
     </span>
     <span class='ocr_line' id='line_1_37' title="bbox 78 3449 1836 3525; baseline 0 -18"><span class='ocrx_word' id='word_1_581' title='bbox 78 3466 134 3522; x_wconf 87' lang='lat' dir='ltr'><strong>per</strong></span> <span class='ocrx_word' id='word_1_582' title='bbox 156 3466 272 3507; x_wconf 86' lang='lat' dir='ltr'><strong>carnem</strong></span> <span class='ocrx_word' id='word_1_583' title='bbox 296 3455 324 3507; x_wconf 90' lang='lat' dir='ltr'><strong>et</strong></span> <span class='ocrx_word' id='word_1_584' title='bbox 346 3451 480 3523; x_wconf 87' lang='lat' dir='ltr'><strong>spiritum</strong></span> <span class='ocrx_word' id='word_1_585' title='bbox 501 3450 589 3506; x_wconf 89' lang='lat' dir='ltr'><strong>horno</strong></span> <span class='ocrx_word' id='word_1_586' title='bbox 617 3450 775 3521; x_wconf 84' lang='lat' dir='ltr'><strong>perficitur,</strong></span> <span class='ocrx_word' id='word_1_587' title='bbox 800 3449 931 3522; x_wconf 87' lang='lat' dir='ltr'><strong>alioquin</strong></span> <span class='ocrx_word' id='word_1_588' title='bbox 983 3455 1054 3523; x_wconf 86' lang='lat' dir='ltr'><strong>patu</strong></span> <span class='ocrx_word' id='word_1_589' title='bbox 1077 3451 1164 3521; x_wconf 80' lang='lat' dir='ltr'><strong>radit,</strong></span> <span class='ocrx_word' id='word_1_590' title='bbox 1182 3464 1213 3507; x_wconf 81' lang='lat' dir='ltr'><strong>ur</strong></span> <span class='ocrx_word' id='word_1_591' title='bbox 1227 3451 1305 3508; x_wconf 89' lang='lat' dir='ltr'><strong>idem</strong></span> <span class='ocrx_word' id='word_1_592' title='bbox 1322 3450 1399 3523; x_wconf 91' lang='lat' dir='ltr'><strong>quod</strong></span> <span class='ocrx_word' id='word_1_593' title='bbox 1419 3455 1513 3523; x_wconf 84' lang='lat' dir='ltr'><strong>potest</strong></span> <span class='ocrx_word' id='word_1_594' title='bbox 1534 3452 1680 3524; x_wconf 79' lang='lat' dir='ltr'><strong>perficiat3</strong></span> <span class='ocrx_word' id='word_1_595' title='bbox 1701 3453 1751 3525; x_wconf 90' lang='lat' dir='ltr'><strong>qui</strong></span> <span class='ocrx_word' id='word_1_596' title='bbox 1770 3469 1836 3509; x_wconf 89' lang='lat' dir='ltr'><strong>vero</strong></span> 
     </span>
     <span class='ocr_line' id='line_1_38' title="bbox 78 3526 1836 3610; baseline 0.001 -15"><span class='ocrx_word' id='word_1_597' title='bbox 78 3539 168 3595; x_wconf 91' lang='lat' dir='ltr'><strong>homo</strong></span> <span class='ocrx_word' id='word_1_598' title='bbox 200 3555 253 3595; x_wconf 90' lang='lat' dir='ltr'><strong>nec</strong></span> <span class='ocrx_word' id='word_1_599' title='bbox 282 3543 356 3595; x_wconf 86' lang='lat' dir='ltr'><strong>esset</strong></span> <span class='ocrx_word' id='word_1_600' title='bbox 392 3554 445 3595; x_wconf 92' lang='lat' dir='ltr'><strong>nec</strong></span> <span class='ocrx_word' id='word_1_601' title='bbox 476 3538 685 3594; x_wconf 86' lang='lat' dir='ltr'><strong>nominaretur.</strong></span> <span class='ocrx_word' id='word_1_602' title='bbox 718 3539 793 3595; x_wconf 84' lang='lat' dir='ltr'><strong>bena</strong></span> <span class='ocrx_word' id='word_1_603' title='bbox 823 3538 931 3610; x_wconf 89' lang='lat' dir='ltr'><strong>quippe</strong></span> <span class='ocrx_word' id='word_1_604' title='bbox 958 3526 1076 3595; x_wconf 76' lang='lat' dir='ltr'><strong>&#39;mulla</strong></span> <span class='ocrx_word' id='word_1_605' title='bbox 1090 3544 1120 3596; x_wconf 90' lang='lat' dir='ltr'><strong>et</strong></span> <span class='ocrx_word' id='word_1_606' title='bbox 1142 3554 1246 3610; x_wconf 89' lang='lat' dir='ltr'><strong>magna</strong></span> <span class='ocrx_word' id='word_1_607' title='bbox 1265 3538 1358 3595; x_wconf 84' lang='lat' dir='ltr'><strong>facere</strong></span> <span class='ocrx_word' id='word_1_608' title='bbox 1381 3539 1467 3608; x_wconf 84' lang='lat' dir='ltr'><strong>valet,</strong></span> <span class='ocrx_word' id='word_1_609' title='bbox 1494 3540 1721 3598; x_wconf 85' lang='lat' dir='ltr'><strong>moderationem</strong></span> <span class='ocrx_word' id='word_1_610' title='bbox 1742 3542 1772 3597; x_wconf 93' lang='lat' dir='ltr'><strong>in</strong></span> <span class='ocrx_word' id='word_1_611' title='bbox 1796 3540 1836 3597; x_wconf 87' lang='lat' dir='ltr'><strong>eis</strong></span> 
     </span>
     <span class='ocr_line' id='line_1_39' title="bbox 76 3626 1835 3699; baseline 0.002 -16"><span class='ocrx_word' id='word_1_612' title='bbox 76 3627 171 3683; x_wconf 80' lang='lat' dir='ltr'><strong>Adam</strong></span> <span class='ocrx_word' id='word_1_613' title='bbox 191 3627 356 3699; x_wconf 78' lang='lat' dir='ltr'><strong>plasmavit,</strong></span> <span class='ocrx_word' id='word_1_614' title='bbox 382 3631 413 3682; x_wconf 91' lang='lat' dir='ltr'><strong>nt</strong></span> <span class='ocrx_word' id='word_1_615' title='bbox 438 3627 613 3683; x_wconf 73' lang='lat' dir='ltr'><strong>eternaliter</strong></span> <span class='ocrx_word' id='word_1_616' title='bbox 635 3626 826 3682; x_wconf 87' lang='lat' dir='ltr'><strong>immutabilis</strong></span> <span class='ocrx_word' id='word_1_617' title='bbox 850 3626 931 3680; x_wconf 87' lang='lat' dir='ltr'><strong>vive-</strong></span> <span class='ocrx_word' id='word_1_618' title='bbox 983 3643 1050 3684; x_wconf 89' lang='lat' dir='ltr'><strong>cum</strong></span> <span class='ocrx_word' id='word_1_619' title='bbox 1084 3632 1312 3699; x_wconf 88' lang='lat' dir='ltr'><strong>temperamento</strong></span> <span class='ocrx_word' id='word_1_620' title='bbox 1340 3628 1436 3684; x_wconf 86' lang='lat' dir='ltr'><strong>babet.</strong></span> <span class='ocrx_word' id='word_1_621' title='bbox 1475 3628 1609 3685; x_wconf 86' lang='lat' dir='ltr'><strong>Diabolus</strong></span> <span class='ocrx_word' id='word_1_622' title='bbox 1638 3630 1715 3687; x_wconf 82' lang='lat' dir='ltr'><strong>enim</strong></span> <span class='ocrx_word' id='word_1_623' title='bbox 1747 3647 1835 3687; x_wconf 85' lang='lat' dir='ltr'><strong>unum</strong></span> 
     </span>
     <span class='ocr_line' id='line_1_40' title="bbox 75 3714 1836 3787; baseline 0.003 -16"><span class='ocrx_word' id='word_1_624' title='bbox 75 3720 138 3784; x_wconf 88' lang='lat' dir='ltr'><strong>ret;</strong></span> <span class='ocrx_word' id='word_1_625' title='bbox 171 3717 220 3772; x_wconf 88' lang='lat' dir='ltr'><strong>sed</strong></span> <span class='ocrx_word' id='word_1_626' title='bbox 243 3716 293 3771; x_wconf 89' lang='lat' dir='ltr'><strong>illa</strong></span> <span class='ocrx_word' id='word_1_627' title='bbox 319 3714 515 3772; x_wconf 89' lang='lat' dir='ltr'><strong>inobedientia</strong></span> <span class='ocrx_word' id='word_1_628' title='bbox 538 3715 741 3787; x_wconf 70' lang='lat' dir='ltr'><strong>prevaricatus</strong></span> <span class='ocrx_word' id='word_1_629' title='bbox 771 3719 815 3771; x_wconf 91' lang='lat' dir='ltr'><strong>est</strong></span> <span class='ocrx_word' id='word_1_630' title='bbox 836 3714 930 3770; x_wconf 88' lang='lat' dir='ltr'><strong>consi·</strong></span> <span class='ocrx_word' id='word_1_631' title='bbox 983 3716 1055 3785; x_wconf 87' lang='lat' dir='ltr'><strong>vult,</strong></span> <span class='ocrx_word' id='word_1_632' title='bbox 1081 3715 1199 3783; x_wconf 90' lang='lat' dir='ltr'><strong>scilicet,</strong></span> <span class='ocrx_word' id='word_1_633' title='bbox 1229 3720 1263 3771; x_wconf 93' lang='lat' dir='ltr'><strong>ut</strong></span> <span class='ocrx_word' id='word_1_634' title='bbox 1284 3715 1398 3771; x_wconf 88' lang='lat' dir='ltr'><strong>animas</strong></span> <span class='ocrx_word' id='word_1_635' title='bbox 1422 3716 1454 3771; x_wconf 92' lang='lat' dir='ltr'><strong>in</strong></span> <span class='ocrx_word' id='word_1_636' title='bbox 1482 3721 1605 3773; x_wconf 89' lang='lat' dir='ltr'><strong>mortem</strong></span> <span class='ocrx_word' id='word_1_637' title='bbox 1627 3720 1754 3787; x_wconf 87' lang='lat' dir='ltr'><strong>seducat,</strong></span> <span class='ocrx_word' id='word_1_638' title='bbox 1783 3736 1836 3776; x_wconf 90' lang='lat' dir='ltr'><strong>nec</strong></span> 
     </span>
     <span class='ocr_line' id='line_1_41' title="bbox 76 3804 1836 3877; baseline 0.001 -16"><span class='ocrx_word' id='word_1_639' title='bbox 76 3805 152 3861; x_wconf 92' lang='lat' dir='ltr'><strong>lium</strong></span> <span class='ocrx_word' id='word_1_640' title='bbox 177 3804 318 3875; x_wconf 88' lang='lat' dir='ltr'><strong>serpentis</strong></span> <span class='ocrx_word' id='word_1_641' title='bbox 341 3804 495 3861; x_wconf 88' lang='lat' dir='ltr'><strong>audiendo.</strong></span> <span class='ocrx_word' id='word_1_642' title='bbox 523 3804 705 3877; x_wconf 82' lang='lat' dir='ltr'><strong>Quapropter</strong></span> <span class='ocrx_word' id='word_1_643' title='bbox 723 3806 753 3859; x_wconf 89' lang='lat' dir='ltr'><strong>et</strong></span> <span class='ocrx_word' id='word_1_644' title='bbox 772 3804 849 3860; x_wconf 90' lang='lat' dir='ltr'><strong>idem</strong></span> <span class='ocrx_word' id='word_1_645' title='bbox 869 3818 930 3859; x_wconf 89' lang='lat' dir='ltr'><strong>ser·</strong></span> <span class='ocrx_word' id='word_1_646' title='bbox 983 3804 1065 3861; x_wconf 91' lang='lat' dir='ltr'><strong>aliud</strong></span> <span class='ocrx_word' id='word_1_647' title='bbox 1086 3804 1179 3861; x_wconf 87' lang='lat' dir='ltr'><strong>lacere</strong></span> <span class='ocrx_word' id='word_1_648' title='bbox 1204 3804 1311 3876; x_wconf 76' lang='lat' dir='ltr'><strong>querit</strong></span> <span class='ocrx_word' id='word_1_649' title='bbox 1331 3820 1384 3860; x_wconf 92' lang='lat' dir='ltr'><strong>nec</strong></span> <span class='ocrx_word' id='word_1_650' title='bbox 1406 3804 1500 3861; x_wconf 88' lang='lat' dir='ltr'><strong>lacere</strong></span> <span class='ocrx_word' id='word_1_651' title='bbox 1516 3810 1622 3876; x_wconf 89' lang='lat' dir='ltr'><strong>potest,</strong></span> <span class='ocrx_word' id='word_1_652' title='bbox 1649 3812 1678 3862; x_wconf 88' lang='lat' dir='ltr'><strong>et</strong></span> <span class='ocrx_word' id='word_1_653' title='bbox 1700 3807 1746 3863; x_wconf 85' lang='lat' dir='ltr'><strong>vix</strong></span> <span class='ocrx_word' id='word_1_654' title='bbox 1770 3824 1836 3863; x_wconf 91' lang='lat' dir='ltr'><strong>sus-</strong></span> 
     </span>
     <span class='ocr_line' id='line_1_42' title="bbox 76 3891 1836 3966; baseline 0 -17"><span class='ocrx_word' id='word_1_655' title='bbox 76 3910 152 3966; x_wconf 88' lang='lat' dir='ltr'><strong>pens</strong></span> <span class='ocrx_word' id='word_1_656' title='bbox 176 3907 244 3947; x_wconf 87' lang='lat' dir='ltr'><strong>eom</strong></span> <span class='ocrx_word' id='word_1_657' title='bbox 265 3891 385 3949; x_wconf 89' lang='lat' dir='ltr'><strong>omnino</strong></span> <span class='ocrx_word' id='word_1_658' title='bbox 407 3891 569 3965; x_wconf 88' lang='lat' dir='ltr'><strong>peritarum</strong></span> <span class='ocrx_word' id='word_1_659' title='bbox 588 3892 771 3962; x_wconf 86' lang='lat' dir='ltr'><strong>existimavit,</strong></span> <span class='ocrx_word' id='word_1_660' title='bbox 786 3892 863 3965; x_wconf 90' lang='lat' dir='ltr'><strong>quod</strong></span> <span class='ocrx_word' id='word_1_661' title='bbox 883 3897 931 3948; x_wconf 87' lang='lat' dir='ltr'><strong>ta·</strong></span> <span class='ocrx_word' id='word_1_662' title='bbox 982 3893 1058 3949; x_wconf 90' lang='lat' dir='ltr'><strong>tinet</strong></span> <span class='ocrx_word' id='word_1_663' title='bbox 1074 3894 1164 3950; x_wconf 88' lang='lat' dir='ltr'><strong>donec</strong></span> <span class='ocrx_word' id='word_1_664' title='bbox 1186 3892 1259 3949; x_wconf 91' lang='lat' dir='ltr'><strong>illud</strong></span> <span class='ocrx_word' id='word_1_665' title='bbox 1282 3892 1413 3965; x_wconf 86' lang='lat' dir='ltr'><strong>perliciat</strong></span> <span class='ocrx_word' id='word_1_666' title='bbox 1431 3893 1508 3966; x_wconf 89' lang='lat' dir='ltr'><strong>quod</strong></span> <span class='ocrx_word' id='word_1_667' title='bbox 1531 3893 1623 3949; x_wconf 89' lang='lat' dir='ltr'><strong>iacere</strong></span> <span class='ocrx_word' id='word_1_668' title='bbox 1651 3894 1736 3951; x_wconf 83' lang='lat' dir='ltr'><strong>valet.</strong></span> <span class='ocrx_word' id='word_1_669' title='bbox 1762 3896 1836 3950; x_wconf 87' lang='lat' dir='ltr'><strong>Deua</strong></span> 
     </span>
     <span class='ocr_line' id='line_1_43' title="bbox 75 3981 1836 4055; baseline -0.001 -15"><span class='ocrx_word' id='word_1_670' title='bbox 75 3998 148 4039; x_wconf 88' lang='lat' dir='ltr'><strong>men</strong></span> <span class='ocrx_word' id='word_1_671' title='bbox 170 3983 246 4040; x_wconf 87' lang='lat' dir='ltr'><strong>Deus</strong></span> <span class='ocrx_word' id='word_1_672' title='bbox 270 3981 374 4052; x_wconf 89' lang='lat' dir='ltr'><strong>noluit,</strong></span> <span class='ocrx_word' id='word_1_673' title='bbox 397 3982 449 4053; x_wconf 89' lang='lat' dir='ltr'><strong>qni</strong></span> <span class='ocrx_word' id='word_1_674' title='bbox 471 3981 573 4038; x_wconf 90' lang='lat' dir='ltr'><strong>mundi</strong></span> <span class='ocrx_word' id='word_1_675' title='bbox 595 3982 729 4039; x_wconf 86' lang='lat' dir='ltr'><strong>exsilium</strong></span> <span class='ocrx_word' id='word_1_676' title='bbox 751 3982 794 4038; x_wconf 92' lang='lat' dir='ltr'><strong>illi</strong></span> <span class='ocrx_word' id='word_1_677' title='bbox 817 3997 929 4055; x_wconf 77' lang='lat' dir='ltr'><strong>praepa·</strong></span> <span class='ocrx_word' id='word_1_678' title='bbox 984 3987 1082 4040; x_wconf 89' lang='lat' dir='ltr'><strong>antem</strong></span> <span class='ocrx_word' id='word_1_679' title='bbox 1098 3982 1168 4055; x_wconf 86' lang='lat' dir='ltr'><strong>quia</strong></span> <span class='ocrx_word' id='word_1_680' title='bbox 1187 3982 1218 4039; x_wconf 92' lang='lat' dir='ltr'><strong>in</strong></span> <span class='ocrx_word' id='word_1_681' title='bbox 1231 3982 1364 4039; x_wconf 88' lang='lat' dir='ltr'><strong>omnibus</strong></span> <span class='ocrx_word' id='word_1_682' title='bbox 1386 3986 1414 4039; x_wconf 87' lang='lat' dir='ltr'><strong>et</strong></span> <span class='ocrx_word' id='word_1_683' title='bbox 1434 3998 1487 4054; x_wconf 89' lang='lat' dir='ltr'><strong>per</strong></span> <span class='ocrx_word' id='word_1_684' title='bbox 1501 3982 1598 4039; x_wconf 89' lang='lat' dir='ltr'><strong>onrnia</strong></span> <span class='ocrx_word' id='word_1_685' title='bbox 1615 3988 1718 4055; x_wconf 87' lang='lat' dir='ltr'><strong>potens</strong></span> <span class='ocrx_word' id='word_1_686' title='bbox 1732 3988 1785 4050; x_wconf 85' lang='lat' dir='ltr'><strong>est,</strong></span> <span class='ocrx_word' id='word_1_687' title='bbox 1804 3984 1836 4039; x_wconf 93' lang='lat' dir='ltr'><strong>in</strong></span> 
     </span>
     <span class='ocr_line' id='line_1_44' title="bbox 75 4070 1834 4145; baseline 0.001 -18"><span class='ocrx_word' id='word_1_688' title='bbox 75 4072 160 4141; x_wconf 86' lang='lat' dir='ltr'><strong>ravit,</strong></span> <span class='ocrx_word' id='word_1_689' title='bbox 176 4070 207 4127; x_wconf 91' lang='lat' dir='ltr'><strong>ia</strong></span> <span class='ocrx_word' id='word_1_690' title='bbox 221 4086 279 4144; x_wconf 85' lang='lat' dir='ltr'><strong>quo</strong></span> <span class='ocrx_word' id='word_1_691' title='bbox 296 4071 371 4127; x_wconf 89' lang='lat' dir='ltr'><strong>lilios</strong></span> <span class='ocrx_word' id='word_1_692' title='bbox 391 4087 458 4126; x_wconf 90' lang='lat' dir='ltr'><strong>snos</strong></span> <span class='ocrx_word' id='word_1_693' title='bbox 478 4070 508 4126; x_wconf 90' lang='lat' dir='ltr'><strong>in</strong></span> <span class='ocrx_word' id='word_1_694' title='bbox 530 4070 653 4144; x_wconf 86' lang='lat' dir='ltr'><strong>peccatis</strong></span> <span class='ocrx_word' id='word_1_695' title='bbox 675 4070 807 4142; x_wconf 89' lang='lat' dir='ltr'><strong>concepit</strong></span> <span class='ocrx_word' id='word_1_696' title='bbox 832 4075 862 4127; x_wconf 93' lang='lat' dir='ltr'><strong>et</strong></span> <span class='ocrx_word' id='word_1_697' title='bbox 878 4086 928 4143; x_wconf 87' lang='lat' dir='ltr'><strong>gc·</strong></span> <span class='ocrx_word' id='word_1_698' title='bbox 983 4072 1093 4130; x_wconf 87' lang='lat' dir='ltr'><strong>cunctis</strong></span> <span class='ocrx_word' id='word_1_699' title='bbox 1112 4071 1248 4145; x_wconf 86' lang='lat' dir='ltr'><strong>operibus</strong></span> <span class='ocrx_word' id='word_1_700' title='bbox 1268 4072 1329 4127; x_wconf 87' lang='lat' dir='ltr'><strong>sais</strong></span> <span class='ocrx_word' id='word_1_701' title='bbox 1344 4072 1570 4129; x_wconf 85' lang='lat' dir='ltr'><strong>moderationem</strong></span> <span class='ocrx_word' id='word_1_702' title='bbox 1594 4071 1689 4140; x_wconf 88' lang='lat' dir='ltr'><strong>hebet,</strong></span> <span class='ocrx_word' id='word_1_703' title='bbox 1712 4076 1741 4129; x_wconf 90' lang='lat' dir='ltr'><strong>et</strong></span> <span class='ocrx_word' id='word_1_704' title='bbox 1769 4088 1834 4129; x_wconf 89' lang='lat' dir='ltr'><strong>com</strong></span> 
     </span>
     <span class='ocr_line' id='line_1_45' title="bbox 77 4159 1835 4234; baseline 0.001 -18"><span class='ocrx_word' id='word_1_705' title='bbox 77 4161 152 4217; x_wconf 86' lang='lat' dir='ltr'><strong>nuit.</strong></span> <span class='ocrx_word' id='word_1_706' title='bbox 177 4160 280 4233; x_wconf 78' lang='lat' dir='ltr'><strong>Sicgus</strong></span> <span class='ocrx_word' id='word_1_707' title='bbox 303 4176 368 4217; x_wconf 89' lang='lat' dir='ltr'><strong>cunr</strong></span> <span class='ocrx_word' id='word_1_708' title='bbox 388 4161 468 4216; x_wconf 92' lang='lat' dir='ltr'><strong>omni</strong></span> <span class='ocrx_word' id='word_1_709' title='bbox 488 4175 594 4232; x_wconf 87' lang='lat' dir='ltr'><strong>genere</strong></span> <span class='ocrx_word' id='word_1_710' title='bbox 608 4176 661 4217; x_wconf 89' lang='lat' dir='ltr'><strong>suo</strong></span> <span class='ocrx_word' id='word_1_711' title='bbox 675 4160 805 4217; x_wconf 90' lang='lat' dir='ltr'><strong>mortalis</strong></span> <span class='ocrx_word' id='word_1_712' title='bbox 824 4160 927 4227; x_wconf 84' lang='lat' dir='ltr'><strong>iactus,</strong></span> <span class='ocrx_word' id='word_1_713' title='bbox 983 4165 1211 4234; x_wconf 85' lang='lat' dir='ltr'><strong>temperamento</strong></span> <span class='ocrx_word' id='word_1_714' title='bbox 1246 4159 1425 4217; x_wconf 86' lang='lat' dir='ltr'><strong>discretionis</strong></span> <span class='ocrx_word' id='word_1_715' title='bbox 1463 4159 1530 4216; x_wconf 88' lang='lat' dir='ltr'><strong>iacit</strong></span> <span class='ocrx_word' id='word_1_716' title='bbox 1561 4164 1703 4232; x_wconf 84' lang='lat' dir='ltr'><strong>quatenns</strong></span> <span class='ocrx_word' id='word_1_717' title='bbox 1748 4160 1835 4219; x_wconf 91' lang='lat' dir='ltr'><strong>bomo</strong></span> 
     </span>
     <span class='ocr_line' id='line_1_46' title="bbox 76 4242 1833 4323; baseline 0 -18"><span class='ocrx_word' id='word_1_718' title='bbox 76 4265 131 4322; x_wconf 89' lang='lat' dir='ltr'><strong>per</strong></span> <span class='ocrx_word' id='word_1_719' title='bbox 144 4252 312 4323; x_wconf 84' lang='lat' dir='ltr'><strong>conceptam</strong></span> <span class='ocrx_word' id='word_1_720' title='bbox 336 4266 470 4322; x_wconf 90' lang='lat' dir='ltr'><strong>spumam</strong></span> <span class='ocrx_word' id='word_1_721' title='bbox 491 4249 601 4321; x_wconf 90' lang='lat' dir='ltr'><strong>peccati</strong></span> <span class='ocrx_word' id='word_1_722' title='bbox 622 4250 654 4305; x_wconf 90' lang='lat' dir='ltr'><strong>in</strong></span> <span class='ocrx_word' id='word_1_723' title='bbox 668 4249 851 4321; x_wconf 88' lang='lat' dir='ltr'><strong>putredinem</strong></span> <span class='ocrx_word' id='word_1_724' title='bbox 866 4265 930 4305; x_wconf 87' lang='lat' dir='ltr'><strong>ver·</strong></span> <span class='ocrx_word' id='word_1_725' title='bbox 947 4242 1086 4308; x_wconf 81' lang='lat' dir='ltr'><strong>Diortior</strong></span> <span class='ocrx_word' id='word_1_726' title='bbox 1109 4254 1138 4305; x_wconf 89' lang='lat' dir='ltr'><strong>et</strong></span> <span class='ocrx_word' id='word_1_727' title='bbox 1161 4250 1323 4323; x_wconf 89' lang='lat' dir='ltr'><strong>promptior</strong></span> <span class='ocrx_word' id='word_1_728' title='bbox 1354 4250 1385 4305; x_wconf 93' lang='lat' dir='ltr'><strong>in</strong></span> <span class='ocrx_word' id='word_1_729' title='bbox 1419 4249 1573 4306; x_wconf 89' lang='lat' dir='ltr'><strong>stabilitate</strong></span> <span class='ocrx_word' id='word_1_730' title='bbox 1603 4250 1746 4307; x_wconf 86' lang='lat' dir='ltr'><strong>bonorum</strong></span> <span class='ocrx_word' id='word_1_731' title='bbox 1773 4251 1833 4307; x_wconf 89' lang='lat' dir='ltr'><strong>liat.</strong></span> 
     </span>
     <span class='ocr_line' id='line_1_47' title="bbox 76 4337 1834 4412; baseline 0 -17"><span class='ocrx_word' id='word_1_732' title='bbox 76 4338 312 4412; x_wconf 88' lang='lat' dir='ltr'><strong>litnr,nsquead</strong></span> <span class='ocrx_word' id='word_1_733' title='bbox 334 4339 524 4396; x_wconf 88' lang='lat' dir='ltr'><strong>novissimum</strong></span> <span class='ocrx_word' id='word_1_734' title='bbox 546 4339 623 4395; x_wconf 87' lang='lat' dir='ltr'><strong>diam</strong></span> <span class='ocrx_word' id='word_1_735' title='bbox 647 4355 712 4395; x_wconf 90' lang='lat' dir='ltr'><strong>curn</strong></span> <span class='ocrx_word' id='word_1_736' title='bbox 737 4341 810 4395; x_wconf 78' lang='lat' dir='ltr'><strong>licus</strong></span> <span class='ocrx_word' id='word_1_737' title='bbox 834 4338 929 4395; x_wconf 89' lang='lat' dir='ltr'><strong>borni·</strong></span> <span class='ocrx_word' id='word_1_738' title='bbox 983 4337 1055 4394; x_wconf 84' lang='lat' dir='ltr'><strong>llam</strong></span> <span class='ocrx_word' id='word_1_739' title='bbox 1073 4338 1272 4411; x_wconf 85' lang='lat' dir='ltr'><strong>unusquisqne</strong></span> <span class='ocrx_word' id='word_1_740' title='bbox 1287 4337 1338 4409; x_wconf 80' lang='lat' dir='ltr'><strong>qui</strong></span> <span class='ocrx_word' id='word_1_741' title='bbox 1354 4338 1384 4393; x_wconf 92' lang='lat' dir='ltr'><strong>in</strong></span> <span class='ocrx_word' id='word_1_742' title='bbox 1399 4338 1508 4411; x_wconf 86' lang='lat' dir='ltr'><strong>impetu</strong></span> <span class='ocrx_word' id='word_1_743' title='bbox 1532 4338 1620 4405; x_wconf 86' lang='lat' dir='ltr'><strong>radit,</strong></span> <span class='ocrx_word' id='word_1_744' title='bbox 1642 4339 1790 4395; x_wconf 87' lang='lat' dir='ltr'><strong>multoties</strong></span> <span class='ocrx_word' id='word_1_745' title='bbox 1804 4341 1834 4395; x_wconf 94' lang='lat' dir='ltr'><strong>in</strong></span> 
     </span>
     <span class='ocr_line' id='line_1_48' title="bbox 77 4424 1836 4499; baseline -0.001 -15"><span class='ocrx_word' id='word_1_746' title='bbox 77 4444 147 4484; x_wconf 93' lang='lat' dir='ltr'><strong>nem</strong></span> <span class='ocrx_word' id='word_1_747' title='bbox 169 4428 330 4497; x_wconf 79' lang='lat' dir='ltr'><strong>renovabit,</strong></span> <span class='ocrx_word' id='word_1_748' title='bbox 361 4428 401 4483; x_wconf 91' lang='lat' dir='ltr'><strong>ita</strong></span> <span class='ocrx_word' id='word_1_749' title='bbox 425 4434 458 4484; x_wconf 90' lang='grc' dir='ltr'><strong>ιιι</strong></span> <span class='ocrx_word' id='word_1_750' title='bbox 480 4434 580 4499; x_wconf 89' lang='lat' dir='ltr'><strong>postea</strong></span> <span class='ocrx_word' id='word_1_751' title='bbox 608 4427 782 4484; x_wconf 87' lang='lat' dir='ltr'><strong>immutabili</strong></span> <span class='ocrx_word' id='word_1_752' title='bbox 804 4428 874 4497; x_wconf 91' lang='lat' dir='ltr'><strong>vita,</strong></span> <span class='ocrx_word' id='word_1_753' title='bbox 897 4431 931 4485; x_wconf 88' lang='lat' dir='ltr'><strong>ut</strong></span> <span class='ocrx_word' id='word_1_754' title='bbox 982 4427 1098 4482; x_wconf 89' lang='lat' dir='ltr'><strong>ruinam</strong></span> <span class='ocrx_word' id='word_1_755' title='bbox 1119 4442 1149 4483; x_wconf 88' lang='lat' dir='ltr'><strong>se</strong></span> <span class='ocrx_word' id='word_1_756' title='bbox 1171 4428 1261 4499; x_wconf 91' lang='lat' dir='ltr'><strong>ponit.</strong></span> <span class='ocrx_word' id='word_1_757' title='bbox 1284 4426 1338 4483; x_wconf 86' lang='lat' dir='ltr'><strong>Sed</strong></span> <span class='ocrx_word' id='word_1_758' title='bbox 1358 4426 1447 4485; x_wconf 89' lang='lat' dir='ltr'><strong>homo</strong></span> <span class='ocrx_word' id='word_1_759' title='bbox 1477 4424 1648 4497; x_wconf 83' lang='lat' dir='ltr'><strong>significatio</strong></span> <span class='ocrx_word' id='word_1_760' title='bbox 1668 4428 1757 4482; x_wconf 87' lang='lat' dir='ltr'><strong>totius</strong></span> <span class='ocrx_word' id='word_1_761' title='bbox 1785 4428 1836 4483; x_wconf 90' lang='lat' dir='ltr'><strong>ho·</strong></span> 
     </span>
     <span class='ocr_line' id='line_1_49' title="bbox 77 4514 1835 4588; baseline -0.002 -14"><span class='ocrx_word' id='word_1_762' title='bbox 77 4516 167 4574; x_wconf 80' lang='lat' dir='ltr'><strong>Adam</strong></span> <span class='ocrx_word' id='word_1_763' title='bbox 187 4520 301 4573; x_wconf 86' lang='lat' dir='ltr'><strong>creatus</strong></span> <span class='ocrx_word' id='word_1_764' title='bbox 320 4515 384 4583; x_wconf 84' lang='lat' dir='ltr'><strong>init,</strong></span> <span class='ocrx_word' id='word_1_765' title='bbox 411 4516 496 4571; x_wconf 87' lang='lat' dir='ltr'><strong>vivat.</strong></span> <span class='ocrx_word' id='word_1_766' title='bbox 522 4517 587 4571; x_wconf 82' lang='lat' dir='ltr'><strong>llaec</strong></span> <span class='ocrx_word' id='word_1_767' title='bbox 605 4520 702 4571; x_wconf 89' lang='lat' dir='ltr'><strong>aulem</strong></span> <span class='ocrx_word' id='word_1_768' title='bbox 726 4515 784 4571; x_wconf 88' lang='lat' dir='ltr'><strong>rita</strong></span> <span class='ocrx_word' id='word_1_769' title='bbox 811 4514 841 4570; x_wconf 94' lang='lat' dir='ltr'><strong>in</strong></span> <span class='ocrx_word' id='word_1_770' title='bbox 863 4515 930 4571; x_wconf 88' lang='lat' dir='ltr'><strong>llliis</strong></span> <span class='ocrx_word' id='word_1_771' title='bbox 982 4516 1063 4571; x_wconf 91' lang='lat' dir='ltr'><strong>noris</strong></span> <span class='ocrx_word' id='word_1_772' title='bbox 1087 4516 1138 4571; x_wconf 86' lang='lat' dir='ltr'><strong>Dei</strong></span> <span class='ocrx_word' id='word_1_773' title='bbox 1162 4520 1215 4586; x_wconf 87' lang='lat' dir='ltr'><strong>est,</strong></span> <span class='ocrx_word' id='word_1_774' title='bbox 1237 4515 1375 4588; x_wconf 87' lang='lat' dir='ltr'><strong>quoniam</strong></span> <span class='ocrx_word' id='word_1_775' title='bbox 1397 4515 1474 4571; x_wconf 91' lang='lat' dir='ltr'><strong>bona</strong></span> <span class='ocrx_word' id='word_1_776' title='bbox 1497 4514 1701 4586; x_wconf 72' lang='lat' dir='ltr'><strong>scientiaque</strong></span> <span class='ocrx_word' id='word_1_777' title='bbox 1726 4516 1835 4587; x_wconf 90' lang='lat' dir='ltr'><strong>inipso</strong></span> 
     </span>
     <span class='ocr_line' id='line_1_50' title="bbox 79 4602 1836 4677; baseline -0.001 -16"><span class='ocrx_word' id='word_1_778' title='bbox 79 4604 183 4677; x_wconf 87' lang='lat' dir='ltr'><strong>quiin</strong></span> <span class='ocrx_word' id='word_1_779' title='bbox 208 4604 331 4676; x_wconf 85' lang='lat' dir='ltr'><strong>peccatis</strong></span> <span class='ocrx_word' id='word_1_780' title='bbox 354 4604 486 4676; x_wconf 88' lang='lat' dir='ltr'><strong>concepti</strong></span> <span class='ocrx_word' id='word_1_781' title='bbox 509 4611 536 4662; x_wconf 89' lang='lat' dir='ltr'><strong>at</strong></span> <span class='ocrx_word' id='word_1_782' title='bbox 558 4605 620 4659; x_wconf 92' lang='lat' dir='ltr'><strong>nati</strong></span> <span class='ocrx_word' id='word_1_783' title='bbox 652 4607 720 4659; x_wconf 90' lang='lat' dir='ltr'><strong>sunt</strong></span> <span class='ocrx_word' id='word_1_784' title='bbox 745 4619 929 4677; x_wconf 88' lang='lat' dir='ltr'><strong>nequaquam</strong></span> <span class='ocrx_word' id='word_1_785' title='bbox 982 4608 1025 4659; x_wconf 88' lang='lat' dir='ltr'><strong>est</strong></span> <span class='ocrx_word' id='word_1_786' title='bbox 1044 4604 1173 4675; x_wconf 88' lang='lat' dir='ltr'><strong>angelica</strong></span> <span class='ocrx_word' id='word_1_787' title='bbox 1194 4604 1310 4677; x_wconf 88' lang='lat' dir='ltr'><strong>agmina</strong></span> <span class='ocrx_word' id='word_1_788' title='bbox 1332 4620 1397 4677; x_wconf 78' lang='lat' dir='ltr'><strong>quia</strong></span> <span class='ocrx_word' id='word_1_789' title='bbox 1422 4605 1479 4659; x_wconf 83' lang='lat' dir='ltr'><strong>lieo</strong></span> <span class='ocrx_word' id='word_1_790' title='bbox 1506 4602 1687 4659; x_wconf 87' lang='lat' dir='ltr'><strong>landabiliter</strong></span> <span class='ocrx_word' id='word_1_791' title='bbox 1707 4602 1836 4660; x_wconf 89' lang='lat' dir='ltr'><strong>serviunt</strong></span> 
     </span>
     <span class='ocr_line' id='line_1_51' title="bbox 79 4690 1834 4765; baseline -0.003 -14"><span class='ocrx_word' id='word_1_792' title='bbox 79 4694 265 4765; x_wconf 85' lang='lat' dir='ltr'><strong>essepotuit;</strong></span> <span class='ocrx_word' id='word_1_793' title='bbox 285 4693 382 4749; x_wconf 87' lang='lat' dir='ltr'><strong>sedin</strong></span> <span class='ocrx_word' id='word_1_794' title='bbox 407 4692 587 4750; x_wconf 86' lang='lat' dir='ltr'><strong>humanitate</strong></span> <span class='ocrx_word' id='word_1_795' title='bbox 606 4692 669 4748; x_wconf 85' lang='lat' dir='ltr'><strong>Filii</strong></span> <span class='ocrx_word' id='word_1_796' title='bbox 686 4692 737 4749; x_wconf 83' lang='lat' dir='ltr'><strong>liei</strong></span> <span class='ocrx_word' id='word_1_797' title='bbox 757 4697 854 4747; x_wconf 80' lang='lat' dir='ltr'><strong>exorta</strong></span> <span class='ocrx_word' id='word_1_798' title='bbox 874 4697 929 4759; x_wconf 87' lang='lat' dir='ltr'><strong>est,</strong></span> <span class='ocrx_word' id='word_1_799' title='bbox 981 4692 1177 4759; x_wconf 88' lang='lat' dir='ltr'><strong>demonstrat;</strong></span> <span class='ocrx_word' id='word_1_800' title='bbox 1207 4692 1283 4747; x_wconf 88' lang='lat' dir='ltr'><strong>mala</strong></span> <span class='ocrx_word' id='word_1_801' title='bbox 1313 4708 1381 4747; x_wconf 92' lang='lat' dir='ltr'><strong>vero</strong></span> <span class='ocrx_word' id='word_1_802' title='bbox 1405 4690 1525 4746; x_wconf 86' lang='lat' dir='ltr'><strong>scientia</strong></span> <span class='ocrx_word' id='word_1_803' title='bbox 1547 4706 1634 4762; x_wconf 89' lang='lat' dir='ltr'><strong>quam</strong></span> <span class='ocrx_word' id='word_1_804' title='bbox 1657 4690 1755 4758; x_wconf 88' lang='lat' dir='ltr'><strong>habet,</strong></span> <span class='ocrx_word' id='word_1_805' title='bbox 1783 4707 1834 4763; x_wconf 89' lang='lat' dir='ltr'><strong>po·</strong></span> 
     </span>
     <span class='ocr_line' id='line_1_52' title="bbox 76 4778 1834 4856; baseline -0.002 -17"><span class='ocrx_word' id='word_1_806' title='bbox 76 4799 232 4856; x_wconf 86' lang='lat' dir='ltr'><strong>perquam</strong></span> <span class='ocrx_word' id='word_1_807' title='bbox 255 4798 397 4855; x_wconf 88' lang='lat' dir='ltr'><strong>supernas</strong></span> <span class='ocrx_word' id='word_1_808' title='bbox 421 4783 504 4837; x_wconf 87' lang='lat' dir='ltr'><strong>Pater</strong></span> <span class='ocrx_word' id='word_1_809' title='bbox 526 4782 689 4837; x_wconf 87' lang='lat' dir='ltr'><strong>reeordatus</strong></span> <span class='ocrx_word' id='word_1_810' title='bbox 716 4786 760 4836; x_wconf 88' lang='lat' dir='ltr'><strong>est</strong></span> <span class='ocrx_word' id='word_1_811' title='bbox 784 4784 815 4835; x_wconf 88' lang='lat' dir='ltr'><strong>ut</strong></span> <span class='ocrx_word' id='word_1_812' title='bbox 835 4779 929 4836; x_wconf 91' lang='lat' dir='ltr'><strong>bomi·</strong></span> <span class='ocrx_word' id='word_1_813' title='bbox 981 4784 1115 4836; x_wconf 88' lang='lat' dir='ltr'><strong>testatem</strong></span> <span class='ocrx_word' id='word_1_814' title='bbox 1142 4780 1191 4835; x_wconf 87' lang='lat' dir='ltr'><strong>[tei</strong></span> <span class='ocrx_word' id='word_1_815' title='bbox 1216 4778 1389 4849; x_wconf 77' lang='lat' dir='ltr'><strong>manifestat,</strong></span> <span class='ocrx_word' id='word_1_816' title='bbox 1417 4779 1486 4851; x_wconf 88' lang='lat' dir='ltr'><strong>quia</strong></span> <span class='ocrx_word' id='word_1_817' title='bbox 1505 4778 1672 4834; x_wconf 88' lang='lat' dir='ltr'><strong>Deusillam</strong></span> <span class='ocrx_word' id='word_1_818' title='bbox 1688 4778 1754 4834; x_wconf 88' lang='lat' dir='ltr'><strong>vicit</strong></span> <span class='ocrx_word' id='word_1_819' title='bbox 1768 4794 1834 4835; x_wconf 87' lang='lat' dir='ltr'><strong>eum</strong></span> 
     </span>
     <span class='ocr_line' id='line_1_53' title="bbox 78 4866 1834 4945; baseline -0.003 -17"><span class='ocrx_word' id='word_1_820' title='bbox 78 4888 146 4929; x_wconf 86' lang='lat' dir='ltr'><strong>nam</strong></span> <span class='ocrx_word' id='word_1_821' title='bbox 167 4873 302 4945; x_wconf 80' lang='lat' dir='ltr'><strong>liberaret</strong></span> <span class='ocrx_word' id='word_1_822' title='bbox 325 4870 376 4945; x_wconf 85' lang='lat' dir='ltr'><strong>qui</strong></span> <span class='ocrx_word' id='word_1_823' title='bbox 393 4871 527 4943; x_wconf 87' lang='lat' dir='ltr'><strong>perierat.</strong></span> <span class='ocrx_word' id='word_1_824' title='bbox 544 4870 593 4926; x_wconf 89' lang='lat' dir='ltr'><strong>isti</strong></span> <span class='ocrx_word' id='word_1_825' title='bbox 608 4870 687 4925; x_wconf 91' lang='lat' dir='ltr'><strong>enirn</strong></span> <span class='ocrx_word' id='word_1_826' title='bbox 701 4870 752 4942; x_wconf 89' lang='lat' dir='ltr'><strong>qui</strong></span> <span class='ocrx_word' id='word_1_827' title='bbox 772 4885 824 4941; x_wconf 88' lang='lat' dir='ltr'><strong>per</strong></span> <span class='ocrx_word' id='word_1_828' title='bbox 838 4868 930 4925; x_wconf 88' lang='lat' dir='ltr'><strong>virtu·</strong></span> <span class='ocrx_word' id='word_1_829' title='bbox 982 4869 1108 4941; x_wconf 85' lang='lat' dir='ltr'><strong>primum</strong></span> <span class='ocrx_word' id='word_1_830' title='bbox 1131 4867 1280 4924; x_wconf 89' lang='lat' dir='ltr'><strong>bominem</strong></span> <span class='ocrx_word' id='word_1_831' title='bbox 1296 4868 1331 4923; x_wconf 92' lang='lat' dir='ltr'><strong>de</strong></span> <span class='ocrx_word' id='word_1_832' title='bbox 1351 4869 1485 4940; x_wconf 87' lang='lat' dir='ltr'><strong>paradiso</strong></span> <span class='ocrx_word' id='word_1_833' title='bbox 1508 4867 1628 4940; x_wconf 85' lang='lat' dir='ltr'><strong>expulit.</strong></span> <span class='ocrx_word' id='word_1_834' title='bbox 1644 4866 1734 4923; x_wconf 83' lang='lat' dir='ltr'><strong>Sinin</strong></span> <span class='ocrx_word' id='word_1_835' title='bbox 1754 4868 1834 4925; x_wconf 87' lang='lat' dir='ltr'><strong>omni</strong></span> 
     </span>
     <span class='ocr_line' id='line_1_54' title="bbox 77 4956 1835 5032; baseline -0.003 -14"><span class='ocrx_word' id='word_1_836' title='bbox 77 4968 137 5018; x_wconf 88' lang='lat' dir='ltr'><strong>tem</strong></span> <span class='ocrx_word' id='word_1_837' title='bbox 163 4962 307 5017; x_wconf 85' lang='lat' dir='ltr'><strong>bonoram</strong></span> <span class='ocrx_word' id='word_1_838' title='bbox 335 4975 456 5032; x_wconf 85' lang='lat' dir='ltr'><strong>operum</strong></span> <span class='ocrx_word' id='word_1_839' title='bbox 488 4960 541 5015; x_wconf 88' lang='lat' dir='ltr'><strong>lilii</strong></span> <span class='ocrx_word' id='word_1_840' title='bbox 572 4958 622 5014; x_wconf 81' lang='lat' dir='ltr'><strong>liei</strong></span> <span class='ocrx_word' id='word_1_841' title='bbox 651 4959 827 5026; x_wconf 87' lang='lat' dir='ltr'><strong>alliciuntur,</strong></span> <span class='ocrx_word' id='word_1_842' title='bbox 854 4958 930 5013; x_wconf 89' lang='lat' dir='ltr'><strong>hanc</strong></span> <span class='ocrx_word' id='word_1_843' title='bbox 982 4957 1100 5013; x_wconf 92' lang='lat' dir='ltr'><strong>homine</strong></span> <span class='ocrx_word' id='word_1_844' title='bbox 1119 4956 1163 5025; x_wconf 91' lang='lat' dir='ltr'><strong>lit,</strong></span> <span class='ocrx_word' id='word_1_845' title='bbox 1185 4958 1320 5029; x_wconf 89' lang='lat' dir='ltr'><strong>quoniam</strong></span> <span class='ocrx_word' id='word_1_846' title='bbox 1343 4957 1374 5013; x_wconf 92' lang='lat' dir='ltr'><strong>in</strong></span> <span class='ocrx_word' id='word_1_847' title='bbox 1396 4958 1447 5013; x_wconf 92' lang='lat' dir='ltr'><strong>illo</strong></span> <span class='ocrx_word' id='word_1_848' title='bbox 1470 4958 1519 5030; x_wconf 89' lang='lat' dir='ltr'><strong>qui</strong></span> <span class='ocrx_word' id='word_1_849' title='bbox 1543 4956 1723 5029; x_wconf 90' lang='lat' dir='ltr'><strong>perbonam</strong></span> <span class='ocrx_word' id='word_1_850' title='bbox 1746 4958 1835 5012; x_wconf 88' lang='lat' dir='ltr'><strong>scien-</strong></span> 
     </span>
     <span class='ocr_line' id='line_1_55' title="bbox 78 5044 1832 5123; baseline -0.003 -16"><span class='ocrx_word' id='word_1_851' title='bbox 78 5055 249 5123; x_wconf 89' lang='lat' dir='ltr'><strong>potestatem</strong></span> <span class='ocrx_word' id='word_1_852' title='bbox 269 5055 302 5106; x_wconf 91' lang='lat' dir='ltr'><strong>ut</strong></span> <span class='ocrx_word' id='word_1_853' title='bbox 320 5048 374 5105; x_wconf 81' lang='lat' dir='ltr'><strong>filii</strong></span> <span class='ocrx_word' id='word_1_854' title='bbox 388 5048 439 5104; x_wconf 82' lang='lat' dir='ltr'><strong>lici</strong></span> <span class='ocrx_word' id='word_1_855' title='bbox 463 5049 521 5104; x_wconf 90' lang='lat' dir='ltr'><strong>sint</strong></span> <span class='ocrx_word' id='word_1_856' title='bbox 543 5063 601 5103; x_wconf 93' lang='lat' dir='ltr'><strong>non</strong></span> <span class='ocrx_word' id='word_1_857' title='bbox 621 5047 731 5104; x_wconf 87' lang='lat' dir='ltr'><strong>babent</strong></span> <span class='ocrx_word' id='word_1_858' title='bbox 744 5063 778 5103; x_wconf 87' lang='lat' dir='ltr'><strong>ex</strong></span> <span class='ocrx_word' id='word_1_859' title='bbox 790 5048 930 5118; x_wconf 70' lang='lat' dir='ltr'><strong>{magula-</strong></span> <span class='ocrx_word' id='word_1_860' title='bbox 981 5046 1052 5102; x_wconf 87' lang='lat' dir='ltr'><strong>tiam</strong></span> <span class='ocrx_word' id='word_1_861' title='bbox 1072 5044 1181 5102; x_wconf 90' lang='lat' dir='ltr'><strong>bonum</strong></span> <span class='ocrx_word' id='word_1_862' title='bbox 1206 5046 1339 5117; x_wconf 88' lang='lat' dir='ltr'><strong>eligendo</strong></span> <span class='ocrx_word' id='word_1_863' title='bbox 1363 5052 1510 5119; x_wconf 89' lang='lat' dir='ltr'><strong>operatur,</strong></span> <span class='ocrx_word' id='word_1_864' title='bbox 1534 5045 1649 5101; x_wconf 88' lang='lat' dir='ltr'><strong>bonitas</strong></span> <span class='ocrx_word' id='word_1_865' title='bbox 1665 5046 1716 5101; x_wconf 86' lang='lat' dir='ltr'><strong>Dei</strong></span> <span class='ocrx_word' id='word_1_866' title='bbox 1737 5050 1832 5101; x_wconf 87' lang='lat' dir='ltr'><strong>osten-</strong></span> 
     </span>
     <span class='ocr_line' id='line_1_56' title="bbox 77 5134 1832 5212; baseline -0.002 -18"><span class='ocrx_word' id='word_1_867' title='bbox 77 5140 156 5196; x_wconf 84' lang='lat' dir='ltr'><strong>tione</strong></span> <span class='ocrx_word' id='word_1_868' title='bbox 178 5138 329 5212; x_wconf 87' lang='lat' dir='ltr'><strong>sanguinis</strong></span> <span class='ocrx_word' id='word_1_869' title='bbox 351 5142 517 5210; x_wconf 88' lang='lat' dir='ltr'><strong>parentum,</strong></span> <span class='ocrx_word' id='word_1_870' title='bbox 538 5136 569 5191; x_wconf 93' lang='lat' dir='ltr'><strong>in</strong></span> <span class='ocrx_word' id='word_1_871' title='bbox 593 5152 650 5207; x_wconf 83' lang='lat' dir='ltr'><strong>qua</strong></span> <span class='ocrx_word' id='word_1_872' title='bbox 672 5135 826 5208; x_wconf 86' lang='lat' dir='ltr'><strong>sanguinei</strong></span> <span class='ocrx_word' id='word_1_873' title='bbox 849 5138 928 5201; x_wconf 88' lang='lat' dir='ltr'><strong>sunt,</strong></span> <span class='ocrx_word' id='word_1_874' title='bbox 980 5136 1079 5204; x_wconf 91' lang='lat' dir='ltr'><strong>ditur;</strong></span> <span class='ocrx_word' id='word_1_875' title='bbox 1093 5138 1121 5191; x_wconf 89' lang='lat' dir='ltr'><strong>et</strong></span> <span class='ocrx_word' id='word_1_876' title='bbox 1134 5134 1166 5190; x_wconf 94' lang='lat' dir='ltr'><strong>in</strong></span> <span class='ocrx_word' id='word_1_877' title='bbox 1179 5134 1229 5191; x_wconf 92' lang='lat' dir='ltr'><strong>illo</strong></span> <span class='ocrx_word' id='word_1_878' title='bbox 1248 5134 1298 5207; x_wconf 92' lang='lat' dir='ltr'><strong>qui</strong></span> <span class='ocrx_word' id='word_1_879' title='bbox 1313 5136 1421 5192; x_wconf 89' lang='lat' dir='ltr'><strong>malurn</strong></span> <span class='ocrx_word' id='word_1_880' title='bbox 1436 5134 1600 5206; x_wconf 87' lang='lat' dir='ltr'><strong>arripiendo</strong></span> <span class='ocrx_word' id='word_1_881' title='bbox 1614 5134 1687 5189; x_wconf 91' lang='lat' dir='ltr'><strong>illud</strong></span> <span class='ocrx_word' id='word_1_882' title='bbox 1709 5136 1832 5206; x_wconf 89' lang='lat' dir='ltr'><strong>perlicit,</strong></span> 
     </span>
     <span class='ocr_line' id='line_1_57' title="bbox 77 5220 1833 5296; baseline -0.003 -13"><span class='ocrx_word' id='word_1_883' title='bbox 77 5243 179 5283; x_wconf 87' lang='lat' dir='ltr'><strong>necax</strong></span> <span class='ocrx_word' id='word_1_884' title='bbox 199 5229 348 5285; x_wconf 86' lang='lat' dir='ltr'><strong>voluntate</strong></span> <span class='ocrx_word' id='word_1_885' title='bbox 370 5225 538 5281; x_wconf 87' lang='lat' dir='ltr'><strong>infirmioris</strong></span> <span class='ocrx_word' id='word_1_886' title='bbox 562 5224 657 5280; x_wconf 84' lang='lat' dir='ltr'><strong>earnis</strong></span> <span class='ocrx_word' id='word_1_887' title='bbox 674 5240 739 5296; x_wconf 77' lang='lat' dir='ltr'><strong>qua</strong></span> <span class='ocrx_word' id='word_1_888' title='bbox 753 5225 789 5280; x_wconf 91' lang='lat' dir='ltr'><strong>ad</strong></span> <span class='ocrx_word' id='word_1_889' title='bbox 811 5227 927 5295; x_wconf 89' lang='lat' dir='ltr'><strong>partam</strong></span> <span class='ocrx_word' id='word_1_890' title='bbox 980 5226 1108 5295; x_wconf 86' lang='lat' dir='ltr'><strong>potestas</strong></span> <span class='ocrx_word' id='word_1_891' title='bbox 1139 5222 1187 5277; x_wconf 82' lang='lat' dir='ltr'><strong>liei</strong></span> <span class='ocrx_word' id='word_1_892' title='bbox 1210 5222 1382 5290; x_wconf 85' lang='lat' dir='ltr'><strong>declaratur,</strong></span> <span class='ocrx_word' id='word_1_893' title='bbox 1407 5222 1476 5294; x_wconf 86' lang='lat' dir='ltr'><strong>quia</strong></span> <span class='ocrx_word' id='word_1_894' title='bbox 1500 5222 1574 5276; x_wconf 81' lang='lat' dir='ltr'><strong>Dans</strong></span> <span class='ocrx_word' id='word_1_895' title='bbox 1601 5220 1673 5277; x_wconf 89' lang='lat' dir='ltr'><strong>illud</strong></span> <span class='ocrx_word' id='word_1_896' title='bbox 1701 5223 1833 5294; x_wconf 89' lang='lat' dir='ltr'><strong>quaudo·</strong></span> 
     </span>
     <span class='ocr_line' id='line_1_58' title="bbox 77 5308 1833 5388; baseline -0.003 -17"><span class='ocrx_word' id='word_1_897' title='bbox 77 5318 201 5388; x_wconf 90' lang='lat' dir='ltr'><strong>pulullat</strong></span> <span class='ocrx_word' id='word_1_898' title='bbox 221 5334 275 5374; x_wconf 91' lang='lat' dir='ltr'><strong>nec</strong></span> <span class='ocrx_word' id='word_1_899' title='bbox 299 5316 497 5373; x_wconf 85' lang='lat' dir='ltr'><strong>ervolnntats</strong></span> <span class='ocrx_word' id='word_1_900' title='bbox 517 5313 749 5384; x_wconf 81' lang='lat' dir='ltr'><strong>fortiorispartis</strong></span> <span class='ocrx_word' id='word_1_901' title='bbox 767 5313 928 5385; x_wconf 71' lang='lat' dir='ltr'><strong>illiusque</strong></span> <span class='ocrx_word' id='word_1_902' title='bbox 980 5327 1037 5383; x_wconf 89' lang='lat' dir='ltr'><strong>qne</strong></span> <span class='ocrx_word' id='word_1_903' title='bbox 1061 5310 1212 5383; x_wconf 87' lang='lat' dir='ltr'><strong>dijudicat,</strong></span> <span class='ocrx_word' id='word_1_904' title='bbox 1243 5311 1417 5383; x_wconf 88' lang='lat' dir='ltr'><strong>quandoque</strong></span> <span class='ocrx_word' id='word_1_905' title='bbox 1450 5308 1581 5364; x_wconf 90' lang='lat' dir='ltr'><strong>remittit.</strong></span> <span class='ocrx_word' id='word_1_906' title='bbox 1607 5310 1698 5366; x_wconf 90' lang='lat' dir='ltr'><strong>Homo</strong></span> <span class='ocrx_word' id='word_1_907' title='bbox 1734 5310 1833 5383; x_wconf 84' lang='lat' dir='ltr'><strong>itaque</strong></span> 
     </span>
     <span class='ocr_line' id='line_1_59' title="bbox 77 5398 1833 5480; baseline -0.003 -19"><span class='ocrx_word' id='word_1_908' title='bbox 77 5406 113 5462; x_wconf 92' lang='lat' dir='ltr'><strong>ad</strong></span> <span class='ocrx_word' id='word_1_909' title='bbox 136 5407 315 5480; x_wconf 87' lang='lat' dir='ltr'><strong>gignendum</strong></span> <span class='ocrx_word' id='word_1_910' title='bbox 338 5404 459 5463; x_wconf 90' lang='lat' dir='ltr'><strong>robusta</strong></span> <span class='ocrx_word' id='word_1_911' title='bbox 479 5408 536 5475; x_wconf 90' lang='lat' dir='ltr'><strong>est;</strong></span> <span class='ocrx_word' id='word_1_912' title='bbox 558 5403 610 5460; x_wconf 86' lang='lat' dir='ltr'><strong>sed</strong></span> <span class='ocrx_word' id='word_1_913' title='bbox 638 5417 672 5458; x_wconf 82' lang='lat' dir='ltr'><strong>ex</strong></span> <span class='ocrx_word' id='word_1_914' title='bbox 696 5401 928 5458; x_wconf 87' lang='lat' dir='ltr'><strong>remuneratione</strong></span> <span class='ocrx_word' id='word_1_915' title='bbox 979 5401 1036 5457; x_wconf 88' lang='lat' dir='ltr'><strong>boc</strong></span> <span class='ocrx_word' id='word_1_916' title='bbox 1050 5398 1148 5467; x_wconf 87' lang='lat' dir='ltr'><strong>modo,</strong></span> <span class='ocrx_word' id='word_1_917' title='bbox 1161 5403 1193 5455; x_wconf 91' lang='lat' dir='ltr'><strong>ut</strong></span> <span class='ocrx_word' id='word_1_918' title='bbox 1206 5399 1375 5471; x_wconf 78' lang='lat' dir='ltr'><strong>pradictum</strong></span> <span class='ocrx_word' id='word_1_919' title='bbox 1393 5402 1445 5468; x_wconf 90' lang='lat' dir='ltr'><strong>est,</strong></span> <span class='ocrx_word' id='word_1_920' title='bbox 1467 5398 1524 5453; x_wconf 85' lang='lat' dir='ltr'><strong>vita</strong></span> <span class='ocrx_word' id='word_1_921' title='bbox 1538 5408 1590 5466; x_wconf 90' lang='lat' dir='ltr'><strong>est,</strong></span> <span class='ocrx_word' id='word_1_922' title='bbox 1606 5402 1635 5455; x_wconf 86' lang='lat' dir='ltr'><strong>et</strong></span> <span class='ocrx_word' id='word_1_923' title='bbox 1651 5398 1749 5455; x_wconf 92' lang='lat' dir='ltr'><strong>omnia</strong></span> <span class='ocrx_word' id='word_1_924' title='bbox 1769 5416 1833 5471; x_wconf 80' lang='lat' dir='ltr'><strong>qore</strong></span> 
     </span>
     <span class='ocr_line' id='line_1_60' title="bbox 77 5486 1830 5563; baseline -0.004 -11"><span class='ocrx_word' id='word_1_925' title='bbox 77 5496 181 5552; x_wconf 74' lang='lat' dir='ltr'><strong>divinae</strong></span> <span class='ocrx_word' id='word_1_926' title='bbox 216 5494 400 5553; x_wconf 88' lang='lat' dir='ltr'><strong>revelationis</strong></span> <span class='ocrx_word' id='word_1_927' title='bbox 431 5492 462 5549; x_wconf 91' lang='lat' dir='ltr'><strong>in</strong></span> <span class='ocrx_word' id='word_1_928' title='bbox 492 5492 640 5549; x_wconf 89' lang='lat' dir='ltr'><strong>ablutione</strong></span> <span class='ocrx_word' id='word_1_929' title='bbox 666 5491 812 5563; x_wconf 88' lang='lat' dir='ltr'><strong>baptismi,</strong></span> <span class='ocrx_word' id='word_1_930' title='bbox 838 5494 866 5546; x_wconf 85' lang='lat' dir='ltr'><strong>et</strong></span> <span class='ocrx_word' id='word_1_931' title='bbox 897 5490 927 5547; x_wconf 91' lang='lat' dir='ltr'><strong>in</strong></span> <span class='ocrx_word' id='word_1_932' title='bbox 980 5488 1037 5563; x_wconf 91' lang='lat' dir='ltr'><strong>ipsi</strong></span> <span class='ocrx_word' id='word_1_933' title='bbox 1071 5488 1218 5544; x_wconf 73' lang='lat' dir='ltr'><strong>adhaerent</strong></span> <span class='ocrx_word' id='word_1_934' title='bbox 1253 5503 1306 5559; x_wconf 88' lang='lat' dir='ltr'><strong>per</strong></span> <span class='ocrx_word' id='word_1_935' title='bbox 1338 5486 1432 5561; x_wconf 85' lang='lat' dir='ltr'><strong>ipsum</strong></span> <span class='ocrx_word' id='word_1_936' title='bbox 1460 5486 1555 5545; x_wconf 87' lang='lat' dir='ltr'><strong>vitalia</strong></span> <span class='ocrx_word' id='word_1_937' title='bbox 1584 5490 1661 5559; x_wconf 88' lang='lat' dir='ltr'><strong>sunt,</strong></span> <span class='ocrx_word' id='word_1_938' title='bbox 1692 5490 1830 5561; x_wconf 86' lang='lat' dir='ltr'><strong>quoniam</strong></span> 
     </span>
    </p>
   </div>
   <div class='ocr_carea' id='block_1_3' title="bbox 0 0 1996 6034">
    <p class='ocr_par' dir='ltr' id='par_1_4' title="bbox 0 0 1996 6034">
     <span class='ocr_line' id='line_1_61' title="bbox 0 0 1996 6034; baseline 0 4"><span class='ocrx_word' id='word_1_939' title='bbox 0 0 1996 6034; x_wconf 95' lang='lat' dir='ltr'><strong> </strong></span> 
     </span>
    </p>
   </div>
  </div>
 </body>
</html>
