3984 6034
689 174 695 196 ι
771 215 1007 278 cristete-
1022 217 1129 278 erlst.
1151 221 1202 278 nx.

97 357 260 432 denegasti.
298 360 353 416 Sed
394 361 489 430 doleo,
528 361 607 434 quod
641 363 771 434 acquievi
811 365 948 420 fratribus
965 365 1101 420 ererum
1127 365 1233 433 Solem,
1255 365 1366 420 scilicet
1393 364 1495 422 Filium
1526 365 1660 438 Virginis,
1688 365 1851 423 imitando:

96 448 181 517 meis,
204 448 256 522 qni
280 465 393 506 mecum
411 455 560 517 renerent,
586 455 615 506 et
638 450 747 507 nullam
775 469 887 508 moram
909 453 950 510 la·
1004 453 1054 527 qui
1077 453 1108 509 in
1128 470 1241 511 summe
1266 451 1430 508 humilitate
1454 453 1491 509 ed
1518 459 1609 508 terres
1636 453 1792 522 descendit,
1822 457 1851 510 in

95 551 162 590 cere
184 538 319 593 sinebant
343 544 449 606 tecum,
469 544 501 595 nt
515 539 657 595 volebam.
676 541 730 598 Sed
755 553 848 613 spero,
872 542 949 615 quod
1004 559 1061 614 que
1076 541 1162 597 etiem
1177 543 1212 598 ad
1238 541 1369 598 dextram
1395 542 1487 598 Petris
1514 541 1557 596 sui
1582 543 1718 598 aseendit.
1749 543 1790 600 eb
1811 543 1852 600 eis

96 624 193 681 adbuc
216 631 245 681 te
268 628 348 682 fruar
370 628 402 683 in
421 627 552 691 Domino,
577 629 637 683 sive
661 629 691 685 in
716 631 852 700 presenti
878 631 948 700 vita,
1003 631 1091 688 etiem
1115 632 1222 687 melem
1246 630 1486 686 cousuetudinem
1502 635 1684 701 peccaterum
1705 631 1850 700 abscinde,

95 712 155 766 sire
178 719 246 786 post
260 732 333 779 eam,
357 715 415 772 tuis
436 717 743 774 orationibusamoena
766 719 949 790 peradisiin-
1002 716 1289 790 eosquebocmodo,
1311 719 1388 772 velut
1414 717 1530 784 monile,
1561 733 1627 773 cum
1655 719 1787 790 pretiosis
1812 722 1851 775 le·

96 801 257 859 troductus.
291 805 348 860 Ora
369 803 467 876 igitur.
498 805 587 861 ldeter
608 805 789 874 venerabilis,
816 824 868 863 ere
895 825 948 881 pro
1001 806 1115 880 pidibus
1142 807 1281 862 adornare
1308 812 1417 879 satage,
1447 811 1478 860 ut
1500 811 1533 860 tu
1559 822 1624 862 cum
1654 807 1705 874 eis,
1738 813 1767 863 et
1796 808 1851 882 ipsi

97 905 144 944 me
164 898 290 960 amante,
312 896 342 946 et
356 899 510 948 venerante
525 893 647 965 gratiam
675 892 726 948 llei
742 893 773 948 in
789 900 825 963 te,
846 899 875 950 et
897 912 949 968 pro
1001 900 1107 962 tecum,
1145 893 1181 950 ed
1217 900 1356 950 eternum
1397 894 1535 965 gaudium
1570 895 1677 965 pariter
1719 896 1848 952 veniatis.

97 217 150 275 m
1804 223 1856 278 278

96 981 322 1052 congregatione
349 980 471 1035 fratrum
504 985 534 1035 et
566 997 709 1049 sororem,
740 996 827 1053 quam
856 982 948 1040 habeo
1003 983 1083 1038 Nrrnc
1110 991 1204 1036 autem
1228 983 1459 1054 gratieSpirilus
1482 983 1572 1037 sancti
1602 984 1749 1040 lucernam
1776 1000 1850 1040 rerer

95 1081 210 1136 regere,
236 1071 270 1122 ut
295 1083 396 1138 pacem
425 1073 454 1122 et
477 1068 659 1123 concordiem
696 1069 777 1124 nobis
812 1068 948 1124 llominos
1002 1070 1148 1126 charitatis
1166 1071 1359 1142 omnipotenti
1380 1074 1437 1127 lleo
1462 1077 1490 1126 te
1517 1071 1623 1126 eltioiat
1650 1088 1656 1124 :
1688 1073 1738 1144 qni
1764 1073 1849 1130 etiam

98 1154 219 1220 tribum,
253 1163 368 1227 peccas
400 1155 535 1223 dimittat,
573 1163 787 1228 perseverantes
821 1157 853 1212 in
897 1174 947 1213 sno

98 1242 217 1297 servitio
242 1243 337 1298 faciet.
365 1245 404 1298 lle
427 1244 584 1315 poenitente
612 1251 709 1299 antem
741 1246 873 1313 muliere,
899 1245 948 1302 lde

98 1330 241 1400 videlicet,
266 1333 494 1399 retentantes,
521 1349 609 1405 qnam
634 1335 683 1389 Dei
703 1335 799 1400 eredo,
821 1335 946 1402 obedivi,

99 1419 299 1491 penitentiam
314 1420 440 1492 jungens
449 1420 543 1492 {forle
567 1422 733 1492 injungens]
751 1438 803 1492 pro
819 1429 946 1494 peccato,

99 1508 186 1580 qnod,
216 1509 340 1565 Domino
368 1511 522 1578 revelante,
548 1511 584 1566 ed
616 1526 723 1582 purum
752 1511 778 1565 ei
803 1511 945 1566 detexisti.

99 1596 154 1652 Sed
187 1598 258 1669 quie
290 1598 370 1653 senio
392 1599 530 1665 confecta,
571 1605 601 1654 et
632 1598 745 1669 legibus
772 1598 947 1669 poeuiteutire

98 1677 191 1732 multo
211 1678 274 1748 jem
298 1683 431 1748 tempore
454 1678 600 1734 contracta
629 1683 681 1746 est,
707 1682 775 1749 peto
800 1684 841 1742 ut,
874 1660 987 1752 quo·1³

97 1764 184 1820 modo
210 1765 277 1832 scis,
301 1765 450 1820 etenime.
474 1781 535 1822 sues
560 1767 632 1822 utile
656 1766 847 1838 prospexeris,
871 1767 948 1822 nude

97 1851 251 1920 relevetur,
268 1852 296 1906 ei
308 1852 469 1924 impendas.

380 1958 549 2016 eetstont
573 1958 667 2016 LVlll.

156 2069 336 2111 ermenteriis
353 2073 388 2111 ιιι
407 2072 551 2113 perurerer
571 2071 731 2112 rancessere
751 2071 888 2114 ιιιιιιιιιιι.

315 2143 728 2218 Procleremeniteeuqqeril.

132 2249 265 2305 Pamrrro
277 2249 383 2319 abbati,
397 2251 592 2306 llrnoeeeams.

132 2339 228 2407 fides,
260 2357 347 2412 quam
376 2341 462 2396 homo
489 2358 544 2414 per
576 2342 795 2415 inspirationem
825 2343 947 2415 Spiritus

96 2428 187 2482 sancti
210 2428 323 2484 ardenti
337 2430 422 2486 corde
444 2430 481 2486 ad
503 2430 658 2486 Dominum
672 2431 770 2498 hebet,
787 2433 869 2488 valde
883 2432 948 2503 glee
1003 2483 1008 2494 .

95 2514 170 2570 riosa
185 2520 240 2586 est,
256 2533 322 2571 cum
337 2516 367 2572 in
391 2509 582 2589 amplectione
598 2519 760 2574 dilectionis
779 2519 945 2588 invisibilia,

97 2607 237 2676 tanquam
263 2622 307 2674 ea,
337 2622 402 2677 quae
431 2605 492 2660 risa
517 2606 660 2663 delectent
683 2608 875 2679 amplectitur.
902 2608 948 2664 Sic

96 2692 184 2746 etiam
212 2691 355 2748 laudabile
378 2697 421 2747 est
443 2692 474 2748 in
501 2698 539 2756 te,
571 2694 646 2766 quod
673 2701 792 2766 prepter
818 2711 947 2751 amorem

98 2780 147 2834 llei
161 2795 211 2834 me
238 2779 363 2835 debilem
378 2785 408 2834 et
422 2780 568 2835 indoctam
582 2780 737 2837 femineam
752 2782 876 2838 termam
904 2783 945 2838 ri·

97 2867 165 2923 dere
180 2873 211 2922 et
230 2867 331 2923 audire
346 2867 481 2940 dignatus
495 2885 534 2924 es.
553 2869 660 2925 Ventus
675 2870 754 2926 enim
781 2870 816 2926 de
837 2873 946 2927 excelse

96 2961 196 3013 monte
220 2957 310 3025 flavit,
334 2972 431 3012 coram
446 2957 554 3013 ornetis
577 2957 688 3012 civibus
702 2963 731 3014 et
743 2959 868 3014 turribus
880 2975 945 3030 par·
963 2955 984 3010 C
1001 2926 1042 2981 ἰὴ

94 3062 158 3101 rem
187 3060 316 3117 pennam
345 3045 416 3101 lietu
441 3061 493 3101 suo
525 3061 655 3114 movens,
693 3048 802 3103 nullam
830 3064 882 3120 per
913 3065 943 3102 ae

91 3133 316 3204 possibilitatem
341 3132 370 3205 [i.
396 3151 422 3190 e.
461 3135 631 3206 potentiam]
656 3135 784 3202 volendi,
810 3135 866 3190 nisi
892 3153 945 3208 per

93 3226 223 3288 rentum,
238 3222 405 3277 habentem.
421 3223 503 3289 Quod
516 3223 654 3278 nimirum
673 3224 942 3295 deusomnipotens

90 3310 198 3364 idcirco
222 3308 315 3364 iacere
338 3311 458 3380 curavit,
484 3314 516 3365 nt
539 3311 712 3377 ostenderet,
737 3311 787 3384 qui
802 3327 854 3382 per
868 3328 941 3380 rem,

90 3414 155 3469 quse
170 3413 226 3452 nec
252 3397 373 3453 minime
386 3399 422 3454 de
437 3415 468 3452 se
483 3405 681 3470 presumeret,
706 3401 819 3472 operari
834 3406 940 3472 posset.

90 3488 144 3540 Vos
164 3491 276 3553 entem,
302 3486 352 3558 qni
374 3485 407 3541 in
426 3486 520 3542 officio
541 3489 759 3559 prophetarem,
774 3488 820 3543 cui
835 3490 941 3561 adjun-

89 3582 133 3631 cta
147 3580 192 3630 est
206 3591 276 3630 cure
289 3576 441 3648 apostolici
455 3577 574 3644 ordinis,
589 3577 710 3632 viriliter
723 3578 814 3648 statis,
836 3580 940 3635 suffre-

90 3665 173 3736 ginm
190 3664 355 3720 orationum
370 3670 528 3721 vestrarum
553 3666 635 3734 mihi,
653 3683 739 3738 qnam
767 3683 854 3738 snper
869 3673 940 3723 stre·

89 3758 154 3809 tem
182 3753 359 3809 infirmitatis
387 3769 460 3808 meoe
483 3771 575 3826 nsque
603 3754 697 3810 adbuc
721 3753 940 3810 decumbentem

89 3859 190 3897 coram
208 3841 332 3913 positam
347 3841 469 3910 vidistis,
493 3843 645 3915 porrigite,
674 3848 707 3898 nt
729 3843 759 3898 in
782 3844 875 3915 gretie
889 3843 941 3899 Dei

88 3932 203 3986 valeam
229 3946 409 4002 permanere,
435 3931 573 4002 quoniam
599 3932 708 3987 nullam
729 3932 760 3988 in
773 3949 819 3988 me
837 3933 939 3989 meuri-

89 4023 179 4074 tatem
194 4018 334 4085 redeam,
349 4034 465 4073 omnem
479 4035 560 4090 spem
575 4034 669 4074 meam
693 4024 722 4075 et
744 4019 879 4076 fiduciam
909 4021 939 4077 in

89 4108 141 4163 llei
156 4106 246 4164 solius
261 4107 487 4163 misericordiam
501 4108 645 4164 constitui.

122 4197 207 4252 Nunc
232 4200 341 4264 eutem,
378 4213 395 4252 o
433 4198 527 4264 Peter,
557 4196 659 4268 quiin
684 4197 743 4253 vice
770 4197 875 4254 Christi
895 4214 935 4263 es,

87 4301 188 4340 curam
199 4301 285 4357 super
299 4301 366 4340 ores
379 4285 608 4358 congregationis
622 4290 680 4341 tues
692 4303 756 4342 cum
771 4286 851 4358 virge
861 4303 936 4360 pree·

86 4379 239 4445 ceptorum
268 4371 319 4426 llei
341 4371 425 4441 habe,
449 4371 554 4443 quibus
573 4387 622 4428 eas
636 4373 772 4443 corripies
794 4378 822 4428 et
844 4389 936 4446 reges,

86 4477 123 4517 ne
138 4462 172 4516 in
187 4459 355 4533 snperbiam
369 4461 540 4516 eleventur:
557 4461 634 4532 quod
645 4460 748 4516 vilium
763 4461 938 4518 assimilatur

1001 1177 1054 1231 pro
1066 1159 1220 1230 adjutorio,
1237 1160 1313 1230 quod
1334 1157 1440 1214 animes
1461 1165 1490 1214 et
1504 1159 1619 1230 corpori
1634 1161 1720 1216 medo
1734 1161 1850 1216 exhibes

1001 1253 1136 1304 eternam
1152 1247 1313 1304 mercedem
1329 1248 1382 1303 tibi
1398 1247 1506 1303 donare
1517 1249 1662 1319 dignetur.

1298 1354 1465 1410 EPlSTOLA
1487 1354 1551 1410 nx.

1255 1457 1385 1500 telleneu
1405 1459 1442 1498 en
1464 1457 1593 1498 enubere.

1002 1547 1150 1620 ltescripta
1162 1550 1206 1604 est
1215 1547 1371 1630 αάιιιιεπο
1390 1547 1517 1630 ctionem
1532 1547 1663 1630 Ptilippi
1677 1548 1806 1630 timeretis
1816 1550 1851 1608 ot

1036 1618 1150 1744 pappum
1160 1619 1236 1692 quod
1245 1636 1271 1674 er
1285 1635 1316 1674 m
1328 1636 1360 1675 ce
1372 1620 1519 1675 strattone
1533 1619 1697 1676 ducenorum
1706 1619 1851 1676 madeat

1078 1690 1114 1745 de
1160 1707 1195 1745 eo
1217 1691 1340 1746 multem
1360 1689 1502 1745 sollicites
1525 1696 1596 1746 eret.
1622 1691 1696 1762 Ejus
1721 1690 1851 1746 timorem

1036 1759 1121 1817 solvil
1166 1759 1334 1833 ildepordis.

1037 1865 1184 1922 Perarrro
1204 1867 1309 1933 abbati,
1327 1870 1538 1924 llreneeaams.

1036 1952 1147 2009 Obone
1168 1959 1197 2010 et
1215 1954 1309 2010 lldelis
1332 1939 1414 2009 serve
1440 1955 1499 2022 llei,
1526 1953 1574 2026 qui
1598 1971 1713 2010 causam
1742 1956 1785 2010 vel
1811 1955 1848 2010 si-

1001 2041 1216 2114 gnillcatrouem
1233 2043 1309 2113 signi
1330 2042 1388 2106 Dei,
1404 2058 1496 2113 nuper
1511 2042 1630 2110 ostensi,
1647 2043 1851 2113 pertimescens

1001 2131 1143 2196 scrutaris,
1170 2131 1245 2202 quod
1268 2131 1298 2186 in
1322 2131 1443 2187 scientia
1462 2129 1550 2185 solius
1573 2129 1697 2200 Spiritus
1721 2129 1771 2185 llei
1795 2137 1848 2196 est,

1000 2219 1051 2291 qui
1073 2218 1189 2274 initium
1211 2219 1386 2289 nonhabet,
1411 2224 1439 2275 et
1454 2218 1501 2274 cui
1521 2218 1599 2273 nulle
1625 2223 1756 2274 creatura
1779 2221 1849 2274 essi-

1001 2307 1096 2362 milari
1123 2308 1207 2372 valet,
1233 2308 1391 2380 aodi,ques
1419 2307 1454 2362 ed
1485 2307 1741 2378 interrogationem
1769 2311 1848 2363 tuem

1001 2397 1172 2467 respondeo.
1198 2396 1287 2464 lstud,
1310 2397 1386 2468 qued
1414 2396 1467 2451 tibi
1493 2395 1606 2464 accidit,
1623 2394 1701 2450 velot
1723 2412 1847 2462 ramum,

1000 2500 1031 2539 ιιι
1054 2483 1152 2539 moltis
1182 2485 1351 2540 ramusculis
1379 2484 1513 2552 divisum,
1544 2484 1636 2539 rideo.
1666 2484 1761 2550 Quare
1789 2503 1847 2540 non
1897 2521 1903 2530 ·

1000 2576 1118 2645 propter
1143 2576 1171 2627 le
1200 2574 1294 2628 solum
1318 2573 1423 2628 lectum
1451 2577 1512 2640 est3
1539 2573 1588 2628 sed
1620 2571 1707 2627 etiam
1731 2579 1849 2645 propter

1000 2659 1129 2716 subditos
1154 2665 1230 2729 tuos,
1255 2665 1283 2715 et
1313 2665 1429 2732 propter
1458 2660 1531 2715 alios
1558 2661 1678 2726 multos,
1705 2667 1736 2715 nt
1763 2661 1849 2717 corda

1001 2763 1112 2813 eorum,
1137 2748 1187 2821 qni
1215 2749 1269 2803 boc
1289 2748 1437 2803 audierint
1457 2752 1588 2819 paveant,
1614 2752 1643 2802 et
1658 2746 1849 2819 negligentias

1001 2853 1067 2892 sues
1080 2837 1236 2908 corrigant,
1252 2842 1280 2891 et
1304 2853 1361 2892 non
1382 2835 1438 2891 nisi
1462 2851 1527 2892 cunt
1543 2835 1648 2890 timore
1671 2840 1701 2891 et
1713 2850 1846 2891 reveren-

1065 2926 1162 2982 divine
1184 2926 1338 2994 celebrent,
1364 2941 1399 2980 ne
1416 2929 1448 2980 ιιι
1471 2924 1557 2997 [sorte
1584 2923 1637 2996 vell
1659 2923 1768 2995 jndicio
1787 2923 1848 2988 llei,

1000 3013 1044 3070 rel
1070 3014 1196 3070 irrisioni
1217 3014 1383 3070 demonem
1406 3031 1439 3069 ex
1463 3013 1654 3086 permissione
1683 3013 1773 3084 ipsius
1798 3012 1848 3068 Dei

995 3102 1173 3175 subjaceant.
1209 3105 1280 3159 Nem
1315 3111 1344 3158 et
1371 3103 1447 3158 istud
1474 3118 1530 3174 ego
1559 3101 1665 3158 facturn
1699 3117 1761 3155 esse
1790 3101 1847 3156 vidi

995 3190 1121 3264 quedem
1147 3191 1279 3248 irrisione
1301 3207 1451 3246 aereorum
1469 3189 1637 3262 spirituum,
1661 3188 1847 3261 permittente

994 3283 1092 3335 tamen
1108 3281 1166 3336 lleo
1189 3285 1307 3352 propter
1321 3295 1420 3334 causae
1436 3295 1522 3351 snpra
1541 3278 1640 3333 dictas.
1667 3278 1758 3343 Unde,
1778 3276 1846 3332 dul-

994 3369 1034 3424 cis
1061 3372 1091 3424 et
1114 3369 1192 3425 mitis
1214 3369 1307 3436 Pater,
1323 3385 1380 3426 non
1406 3367 1587 3424 conturberis
1609 3367 1682 3422 :sed
1710 3383 1761 3437 age
1787 3366 1845 3421 lleo

993 3455 1111 3528 gratias,
1137 3458 1161 3512 si
1176 3473 1260 3512 causa
1283 3457 1325 3511 tui
1342 3457 1432 3528 aliqui
1454 3458 1509 3513 hoc
1536 3456 1685 3512 audientes
1699 3455 1846 3527 corrigen-

992 3550 1049 3601 tur.
1079 3547 1111 3600 Et
1137 3545 1313 3601 sacerdotate
1338 3546 1465 3601 osticium
1494 3549 1612 3618 propter
1640 3545 1694 3598 troc
1723 3544 1845 3599 ulterius

993 3650 1079 3706 agere
1103 3650 1163 3689 non
1187 3633 1302 3689 dilleras
1329 3651 1336 3688 ι
1358 3632 1407 3688 sed
1426 3633 1606 3688 confessione
1626 3636 1654 3687 et
1675 3631 1845 3704 penitentia

991 3727 1143 3795 purgatos,
1171 3721 1202 3776 in
1237 3721 1429 3778 celebratione
1455 3722 1609 3775 missarum
1649 3721 1707 3774 lleo
1736 3719 1844 3774 servire

992 3811 1085 3868 stude.
1122 3811 1202 3866 Nunc
1232 3827 1311 3882 ergo,
1347 3825 1426 3865 serre
1459 3810 1519 3876 liei,
1550 3809 1611 3864 sinc
1647 3807 1842 3879 trepidatione

992 3900 1098 3974 gaude,
1122 3905 1151 3955 et
1174 3901 1285 3955 exsulta
1309 3899 1338 3954 in
1367 3898 1500 3967 Domino,
1532 3896 1601 3970 quia
1630 3897 1691 3967 ipse
1723 3897 1840 3951 Deusta

992 3994 1080 4056 amat,
1096 3993 1125 4044 et
1140 3988 1267 4044 animam
1283 3993 1362 4044 tuem
1375 3986 1520 4059 suscipiet.

1297 4094 1464 4151 eelsrotn
1483 4093 1535 4150 tx.

1030 4203 1056 4240 e.
1078 4200 1203 4240 tenelle
1226 4199 1257 4240 BT
1279 4198 1417 4239 intranti
1439 4197 1745 4239 nnunmttettltlterutt
1770 4197 1806 4238 to

1308 4267 1522 4310 mnbtdennttlt.

1187 4363 1228 4416 De
1241 4359 1368 4417 muliere
1383 4357 1559 4416 demoniaco
1572 4357 1644 4432 (rt).

1030 4469 1197 4524 Hranoanor
1216 4466 1380 4522 dominae.
1394 4465 1479 4522 metri
1508 4466 1687 4532 venerande,
1714 4463 1842 4536 totisque

86 4549 165 4617 urbi,
188 4565 255 4622 quae
273 4564 361 4620 snpra
393 4553 505 4620 petrem
527 4565 712 4621 nequequam
749 4551 868 4606 fundate
895 4555 939 4608 est
992 4555 1148 4612 visceribus
1174 4554 1381 4626 amplectende
1413 4554 1517 4612 Cbristi
1545 4569 1667 4626 sponsae,
1696 4558 1725 4608 et
1753 4552 1840 4623 Regis

86 4639 216 4712 ideoque
236 4637 348 4693 ruendo
370 4637 539 4706 destruitur,
564 4638 702 4709 quoniam
730 4638 847 4694 firmum
871 4639 937 4696 lun·
992 4642 1124 4699 altissimi
1139 4642 1215 4712 filie,
1232 4644 1263 4700 G.
1288 4644 1496 4716 qualiscunque
1518 4639 1762 4700 brunwillerensis
1780 4655 1838 4695 em·

87 4727 259 4783 dementum
285 4743 345 4782 non
369 4725 479 4782 hebuit.
510 4729 674 4783 Peccatores
696 4743 822 4801 quoque,
844 4730 936 4802 quali·
992 4731 1073 4788 nobii
1095 4731 1235 4803 provisor,
1267 4747 1331 4786 cum
1361 4731 1419 4786 suis
1445 4731 1580 4786 tratribus
1605 4730 1721 4785 invalle
1748 4727 1840 4800 lacry-

86 4832 204 4889 eunque
230 4815 352 4870 crimine
372 4816 546 4883 vulneratos,
563 4817 628 4871 oleo
651 4815 855 4874 misericordie
878 4819 937 4874 tre·
992 4835 1105 4875 merum
1120 4818 1296 4884 sedentibus,
1312 4824 1344 4874 ut
1358 4825 1488 4890 possunt,
1504 4819 1536 4873 iu
1559 4817 1736 4874 orationibus
1750 4816 1841 4872 omni-

87 4911 212 4978 quenter
225 4904 355 4977 inunge:
374 4920 411 4959 ne
432 4904 461 4958 in
486 4905 563 4959 male
581 4906 786 4961 consuetudine
807 4912 937 4978 peccato·
993 4907 1086 4964 mode
1105 4907 1267 4964 dilectionis
1280 4908 1413 4964 devotum
1428 4908 1609 4963 famulatum.

86 5010 162 5061 mm,
196 4993 273 5048 velet
304 4993 514 5065 quatriduanus
542 4993 672 5062 Lazarus,
703 4993 809 5049 feteant
835 5011 842 5048 :
873 5010 936 5049 cer·
1028 4995 1174 5065 Quamvis,
1202 4995 1399 5052 amentissima
1427 4995 1555 5062 domina,
1577 4995 1649 5050 facie
1671 4995 1756 5050 nobis
1778 4993 1840 5050 sitis

88 5097 185 5155 nuque
210 5081 319 5149 salutis
340 5080 368 5137 id
392 5085 434 5135 est
458 5096 532 5136 rerae
553 5081 725 5137 humilitatis
746 5083 777 5136 in
802 5083 937 5138 omnibus
993 5085 1147 5159 incognite,
1174 5085 1312 5141 virtutum
1340 5089 1436 5141 tamma
1465 5089 1625 5140 vestrarum
1654 5084 1731 5139 ieme
1757 5082 1840 5139 nobis

87 5172 142 5226 tuis
169 5170 252 5242 erige
277 5187 284 5224 :
312 5173 387 5243 (que
413 5169 505 5225 virtus
532 5171 604 5226 nubi
633 5171 793 5243 sapphirini
820 5171 935 5242 coloris,
992 5175 1059 5231 estis
1086 5175 1283 5242 celeberrime,
1300 5173 1408 5229 etlioet
1424 5173 1557 5228 absentes
1586 5171 1675 5228 simus
1706 5188 1838 5244 corpore,

88 5275 138 5329 per
163 5275 253 5333 quam
277 5259 318 5313 sol
342 5263 475 5332 potenter
495 5259 586 5331 fulget
612 5260 806 5332 comparatur)
829 5260 860 5315 in
882 5261 937 5316 boo
990 5262 1095 5334 spiritu
1121 5267 1217 5318 tamen
1240 5263 1320 5319 vobis
1356 5266 1512 5334 presentes
1541 5276 1641 5316 sumus
1662 5261 1785 5328 assidue,
1812 5267 1855 5328 etv

120 5423 163 5485 (tl
184 5418 259 5474 Vide
289 5417 339 5471 lib.
361 5433 413 5484 ιιι,
442 5434 504 5490 cap.
522 5421 549 5486 ⁹2,
573 5417 644 5472 Vitse
672 5424 777 5473 sanctas
797 5419 986 5490 Hildegerdis,
1009 5437 1024 5475 a
1048 5419 1200 5476 Godelrido
1216 5425 1244 5476 et
1255 5419 1431 5475 Theoderico
1454 5419 1600 5475 monachis
1621 5419 1745 5492 scripte,
1774 5437 1837 5494 qne·

93 5495 181 5546 exstat
197 5489 281 5546 initio
294 5489 380 5559 buius
394 5489 558 5544 voluminis.
