3984 6034
144 157 197 215 ara
868 148 896 207 s.
917 146 1162 207 cinomannis.
1577 170 1590 191 ·
1838 143 1895 201 aas
1970 157 1971 226 3

145 285 337 351 stererolcns,
354 282 430 339 uelut
444 282 486 339 ecl
499 285 550 351 est,
567 296 633 337 caro
658 284 753 337 autem
769 279 798 337 in
825 283 909 353 gustu
935 296 987 335 suo
1006 278 1177 337 theodorem
1192 275 1318 348 emittit3
1342 275 1423 334 etsic
1443 277 1474 334 ia
1488 278 1551 350 lpse
1576 276 1726 335 delectatio
1751 276 1894 343 crentur,
1970 267 1971 334 ἦ

142 388 327 445 permanens,
343 371 504 445 quasiluna
519 375 579 440 ast3
593 369 671 426 unde
686 386 751 425 cum
767 370 828 442 ipsa
847 370 989 441 peccando
1044 372 1073 424 et
1099 369 1202 425 deinde
1230 370 1318 425 homo
1336 383 1388 441 per
1408 373 1526 439 gustum
1548 367 1746 424 delectationis
1776 366 1895 439 operari

145 462 251 528 delicit,
263 461 508 535 quemadmodum
522 461 593 515 luna
608 460 813 515 detrimentum
829 459 925 525 sentit,
941 459 990 515 sed
1044 455 1153 528 incipit.
1164 457 1218 514 Sed
1229 472 1293 513 curn
1317 457 1458 511 animuin
1482 456 1603 511 scicntia
1628 472 1680 511 sua
1694 457 1820 511 senserit
1848 472 1897 510 se·

145 557 242 607 tamen
258 552 358 607 eadem
374 551 470 607 auimo
484 554 585 605 contra
604 546 885 603 rolrrntuterncernis
909 546 991 619 quasi
1044 545 1171 601 candum
1196 546 1373 601 voluntatem
1397 550 1427 601 ct
1449 545 1712 616 concupiscentiam
1740 544 1836 599 cernis
1864 560 1899 599 se

146 641 187 700 sol
201 657 230 695 se
252 656 368 695 sursum
386 640 491 712 saepius
506 637 601 710 erigit,
616 641 645 692 et
659 636 698 692 ita
712 637 798 692 laonio
812 652 864 708 per
888 651 990 708 quere·
1045 651 1133 706 opera
1149 634 1255 702 iecisse,
1280 637 1357 689 carrii
1380 634 1526 689 multoties
1550 634 1736 689 alilictionenr
1761 638 1898 706 macalo-

145 727 203 784 lam
218 728 319 802 ipsius,
352 728 407 785 hoc
429 729 515 783 modo
539 726 673 797 resurgit,
702 725 774 781 sicut
788 731 817 780 et
845 726 915 780 luna
936 726 994 797 sper
1046 722 1342 796 ruminspirat,quia
1363 728 1606 795 incomparata
1634 728 1687 790 eet,
1702 728 1732 779 ct
1754 722 1862 778 deinde
1880 738 1901 777 a

146 817 236 873 solem
263 815 469 873 reaccenditur.
500 817 553 871 Per
574 814 776 871 humiditatem
800 814 896 887 itaque
926 830 991 869 caro
1046 813 1278 884 coucupiscentia
1304 812 1399 867 caruis
1427 828 1457 867 se
1481 812 1635 878 subtrahit,
1672 825 1709 867 ne
1740 816 1900 883 ¹peccalum

146 906 178 961 iu
203 905 324 977 peccetis
349 906 517 974 delectatur,
544 908 573 959 at
596 918 648 975 per
674 902 798 957 calorem
825 902 992 974 paenitendo
1047 902 1126 970 sciat,
1143 900 1437 972 etitaetiamcorpus
1459 904 1571 971 optata
1595 900 1718 972 peccetis
1736 900 1899 955 abstinere.

146 994 236 1066 luget,
265 993 335 1066 quia
357 992 513 1048 humiditas
531 1008 565 1047 cx
589 1006 685 1057 carne,
712 996 740 1047 et
756 992 833 1045 calor
845 1007 878 1045 ex
897 991 994 1047 anima
1047 992 1081 1047 Et
1093 990 1191 1045 anima
1204 1005 1388 1063 nequaquam
1402 987 1706 1061 emittitquincorpus
1726 989 1850 1060 ailligat,
1871 994 1901 1043 et

147 1087 208 1149 cst;
226 1086 311 1154 atquc
327 1097 378 1154 per
391 1082 453 1137 haec
468 1081 525 1136 duo
540 1096 625 1135 omna
646 1096 728 1151 opus,
756 1080 863 1135 scilicet
878 1080 993 1153 'malum
1047 1079 1230 1152 asperitatem
1244 1080 1279 1133 dc
1295 1078 1375 1133 luchs
1395 1078 1518 1149 peccatis
1543 1077 1570 1132 ci
1593 1077 1708 1146 inlcrat,
1730 1082 1760 1131 et
1775 1077 1843 1131 ideo
1868 1078 1901 1133 in

148 1170 307 1237 othonum,
325 1170 483 1243 perlinitur,
509 1168 754 1241 quemadmodum
772 1175 800 1223 et
820 1184 871 1240 per
886 1184 920 1223 ea
936 1169 989 1224 lor·
1048 1168 1202 1224 alilicticne
1217 1168 1304 1222 homo
1333 1180 1448 1239 semper
1471 1170 1524 1235 cst,
1551 1166 1591 1221 ita
1611 1166 1721 1223 scilicet
1748 1170 1780 1222 ut
1800 1166 1903 1221 anima

148 1259 240 1314 titudo
251 1264 335 1315 terrae
358 1258 457 1314 omnia
468 1258 582 1313 inutilia
606 1262 634 1312 et
647 1258 729 1312 utilia
749 1257 900 1329 germinat.
917 1259 994 1315 Cou·
1049 1257 1197 1330 querelam
1208 1261 1308 1311 contra
1321 1271 1436 1311 carnem
1450 1255 1564 1323 habeat,
1582 1259 1612 1311 cl
1637 1271 1705 1311 caro
1730 1256 1902 1311 delectatio·

146 1347 354 1403 dictusetenim
370 1347 423 1401 iste
437 1346 467 1402 in
480 1346 597 1401 homine
617 1350 669 1409 cst,
687 1345 819 1401 videlicet
842 1347 910 1418 quia
929 1361 995 1401 caro
1049 1362 1116 1402 uem
1132 1334 1259 1412 nrttriat3
1275 1350 1453 1417 quopropter
1464 1350 1494 1400 et
1516 1343 1547 1399 in
1575 1360 1663 1416 opere
1683 1345 1795 1415 pcccati
1820 1344 1904 1398 velot

148 1436 179 1491 iu
206 1435 328 1508 peccatis
351 1435 518 1504 delectatur,
539 1439 568 1491 ct
584 1433 681 1489 anima
703 1434 733 1490 in
750 1434 819 1506 ipsis
846 1435 995 1507 affligitur,
1049 1436 1081 1491 in
1101 1435 1248 1507 egestione
1284 1436 1391 1490 malam
1419 1434 1611 1505 cognoscitur.
1648 1434 1752 1490 Anima
1790 1435 1903 1506 quippe

147 1524 188 1580 ito
211 1528 243 1579 ot
261 1540 345 1580 carne
370 1529 400 1580 et
422 1523 519 1580 anima
534 1523 630 1579 omnia
652 1538 739 1595 opera
760 1524 885 1579 hominis
907 1526 995 1596 perli—
1016 1524 1237 1631 Bmultotiesiu
1252 1523 1440 1580 delectatione
1460 1521 1556 1578 carnis
1574 1527 1722 1595 operator,
1737 1536 1826 1594 quam
1852 1538 1905 1594 po-

147 1612 269 1681 ciantur,
285 1612 423 1685 quoniam
437 1612 635 1669 animae'mala
655 1613 818 1685 displicent,
833 1630 897 1687 quae
916 1614 995 1670 carni
1050 1619 1110 1669 stea
1129 1612 1273 1684 repudiat,
1297 1612 1371 1669 sicut
1394 1612 1480 1667 stiam
1506 1613 1626 1667 humore
1640 1617 1670 1667 et
1694 1612 1789 1669 calore
1822 1617 1904 1667 terra

148 1702 272 1774 placent,
288 1702 357 1774 quia
370 1701 576 1757 caromortalis
601 1706 653 1770 cst,
669 1700 765 1757 anima
780 1718 847 1758 reru
871 1703 995 1758 immor·
1049 1705 1125 1758 tacta
1143 1701 1262 1757 inutiles
1278 1703 1308 1755 et
1338 1702 1422 1756 utiles
1449 1700 1552 1756 herhas
1566 1700 1719 1772 germinat.
1744 1704 1784 1757 Ac
1808 1702 1904 1757 etiam

147 1788 224 1859 talis,
239 1790 601 1863 animaqueabsquacarne
615 1790 697 1860 vivit,
714 1806 780 1846 earo
805 1794 901 1847 aulem
934 1790 996 1847 sinc
1049 1806 1115 1845 cum
1136 1793 1317 1862 peccatorum
1339 1789 1476 1845 diuturna
1502 1789 1677 1845 consuetudo
1704 1794 1821 1861 peccata
1845 1790 1905 1845 ho·

148 1878 245 1935 anima
273 1879 367 1935 vivere
385 1894 445 1935 non
462 1882 564 1951 potest.
592 1878 695 1935 Anima
716 1880 825 1951 'nempe
857 1879 996 1937 rationale
1050 1878 1121 1934 mini
1148 1878 1253 1934 intesta
1279 1878 1355 1946 lecit,
1383 1883 1452 1934 tuuc
1483 1878 1582 1933 anima
1609 1878 1725 1949 corpori
1751 1879 1904 1934 multoties

149 1966 295 2039 spiramen
324 1972 376 2035 cst,
402 1974 487 2039 atque
515 1967 545 2023 in
563 1967 726 2023 habitaculo
741 1968 833 2024 cordis
857 1968 996 2041 sapientia
1050 1967 1336 2039 inspirat,quatcuns
1354 1966 1551 2038 penitentiam
1566 1966 1716 2023 illoruma
1738 1969 1798 2023 lieo
1819 1984 1901 2039 qnes-

149 2055 380 2127 ipsiusast,qua
404 2055 502 2111 omnia
520 2060 676 2127 cumputat,
699 2060 727 2112 ct
748 2056 884 2129 disponit,
920 2057 998 2113 velut
1050 2056 1454 2124 rat,rclotetiemhumoret
1480 2057 1686 2112 calorsursum
1718 2057 1824 2129 sapius
1854 2074 1903 2112 re·

149 2140 353 2214 paterfamilias
368 2140 399 2196 ia
419 2142 506 2197 domo
525 2157 577 2197 sua
600 2156 700 2198 omnes
714 2158 759 2198 res
780 2160 845 2199 suas
871 2144 996 2213 ordinat,
1050 2146 1214 2211 trahuntur,
1227 2149 1256 2200 et
1271 2143 1353 2200 sicin
1376 2144 1471 2200 medio
1484 2144 1607 2200 istorum
1630 2146 1718 2202 homo
1732 2151 1762 2201 ct
1788 2148 1904 2203 matrim

149 2233 237 2301 atque
253 2228 321 2284 inda
342 2229 431 2285 etiam
459 2227 546 2285 hahet
564 2231 760 2301 prudentiam,
790 2232 919 2303 quamsi
946 2248 998 2287 suo
1050 2239 1079 2290 ct
1095 2235 1202 2290 honum
1217 2237 1362 2305 operatur.
1378 2233 1541 2305 Aliquando
1557 2234 1644 2289 etiarn
1666 2250 1732 2290 cum
1745 2250 1812 2291 caro
1845 2237 1904 2291 ho·

150 2321 253 2373 cuncta
276 2317 359 2374 utilis
378 2322 455 2373 recte
485 2318 644 2387 constituit,
668 2318 741 2375 sicut
766 2323 795 2375 et
814 2335 864 2377 cor
890 2336 906 2375 a
934 2322 998 2392 pul·
1054 2322 1141 2379 minis
1159 2322 1379 2377 delectationem
1402 2338 1484 2377 suam
1501 2322 1624 2395 inspicit,
1647 2324 1743 2378 anima
1767 2324 1804 2379 ad
1825 2326 1905 2379 calo-

152 2406 366 2478 mooetegitur,
392 2410 467 2462 etex
486 2407 540 2462 hoc
553 2421 669 2479 quoquc
683 2408 886 2464 discretionem
909 2410 943 2465 ad
968 2426 998 2465 sc
1050 2427 1112 2467 rem
1123 2410 1325 2466 rationalitatis
1336 2426 1367 2465 se
1379 2409 1517 2479 extendit,
1540 2410 1737 2482 quamvisper
1754 2413 1903 2463 terrenam

151 2494 270 2566 colligit,
296 2494 394 2551 omnia
415 2494 493 2566 juste
524 2493 687 2559 dividendo,
710 2500 744 2551 ut
774 2496 861 2551 ctiam
889 2497 999 2553 viscera
1050 2499 1286 2556 inhabitationem
1298 2500 1403 2570 saepius
1418 2498 1604 2569 impedietur,
1617 2498 1753 2569 quoniam
1768 2512 1833 2552 cum
1849 2513 1907 2569 per

148 2582 278 2639 'hominis
293 2589 370 2639 recte
385 2583 547 2640 etdiscretc
562 2583 617 2641 sihi
640 2585 792 2657 conjuncta
821 2590 897 2642 sunt.
927 2586 999 2641 Nam
1051 2587 1250 2646 tortitudinem
1288 2603 1392 2659 corpus
1434 2586 1664 2657 coagulationem
1706 2586 1906 2657 conceptionis

153 2671 250 2727 anima
264 2672 350 2745 ignea
374 2677 426 2741 cst,
441 2672 518 2729 unde
548 2672 684 2728 ctomnia
708 2674 899 2746 itincrasquaa
918 2674 999 2732 cordi
1051 2694 1111 2734 suae
1133 2679 1267 2733 retractat
1286 2676 1440 2747 peccando,
1466 2680 1535 2731 tunc
1557 2675 1707 2730 rationalis
1735 2674 1831 2729 aalma
1861 2691 1907 2731 re

153 2760 423 2833 deputatcalelacit,
439 2760 727 2833 etiuunumcoquit,
744 2762 861 2819 insimul
890 2778 922 2819 ea
954 2779 999 2819 re·
1051 2765 1179 2838 frigescit
1196 2764 1276 2820 cerni
1290 2763 1504 2821 consentiendo.
1531 2763 1584 2819 Sed
1610 2769 1709 2819 tamen
1732 2763 1836 2819 deinde
1856 2778 1906 2818 ea-

152 2849 260 2919 tinens,
274 2865 312 2905 ne
327 2848 429 2906 aliaah
444 2850 506 2905 aliis
522 2849 734 2922 disjungantur,
750 2867 841 2922 eoque
863 2850 998 2924 implens,
1017 2857 1121 2925 fldem
1142 2852 1239 2908 anima
1267 2853 1303 2910 ad
1330 2852 1553 2908 rationalitatem
1569 2868 1599 2907 sc
1622 2868 1735 2908 sursum
1762 2854 1904 2920 extendit,

79 3008 82 3015 ,
154 2953 190 2993 na
206 2936 257 2994 olli
271 2953 373 2994 eorum
386 2938 544 3011 quidquam
556 2938 641 3007 desit,
658 2942 742 3009 atquc
763 2938 804 2993 sic
819 2938 906 2994 etiam
935 2955 1002 2994 cum
1056 2942 1247 3013 cuietprara
1262 2957 1350 3014 opera
1364 2956 1509 3012 exponens
1523 2956 1572 2996 cor
1586 2941 1713 2996 hominis
1729 2941 1815 2996 etiam
1841 2946 1907 2996 tan·

154 3026 296 3097 sapientia
317 3026 348 3081 in
375 3025 600 3098 cogitationibus
623 3026 780 3097 prudenter
794 3027 892 3083 omnia
908 3027 1002 3083 cilicia
1056 3031 1108 3102 git,
1128 3035 1157 3087 et
1170 3029 1241 3085 illud
1256 3044 1373 3101 gemere
1387 3033 1416 3085 et
1429 3029 1582 3102 lacrymari
1602 3030 1681 3097 lecit,
1695 3034 1724 3086 et
1745 3030 1800 3086 hoc
1816 3032 1906 3085 modo

154 3114 282 3185 corporis
308 3116 443 3170 ordinat:
468 3114 499 3170 in
514 3115 593 3170 hone
619 3130 734 3187 quoquc
748 3120 883 3171 etsaucta
910 3116 1002 3173 inten-
1056 3132 1171 3173 carnem
1193 3121 1320 3188 superat,
1347 3118 1388 3172 ita
1404 3121 1436 3172 ut
1455 3132 1559 3189 corpus
1584 3133 1637 3189 pro
1661 3117 1774 3173 ritihus
1795 3117 1906 3174 animae

156 3201 236 3257 tione
254 3218 306 3274 par
327 3202 414 3259 tidem
427 3202 463 3258 ad
491 3203 582 3259 Deum
606 3203 772 3271 ascendens,
795 3204 933 3275 quoniam
966 3205 1003 3261 ah
1057 3206 1380 3277 ellectumpeccatorum
1395 3220 1454 3260 uon
1469 3206 1609 3276 perficiat,
1625 3205 1674 3261 sed
1694 3207 1730 3263 de
1752 3205 1906 3276 superiore

155 3289 259 3361 ipsose
281 3288 395 3344 missam
417 3290 572 3361 cognoscit.
599 3290 767 3347 Sicuteuim
796 3291 953 3349 humiditas
966 3294 1003 3349 ch
1056 3311 1121 3351 rore
1132 3295 1224 3351 sancti
1237 3294 1360 3366 Spiritus
1375 3297 1482 3349 tactum
1505 3294 1660 3365 pristinam
1683 3294 1819 3351 duritiam
1848 3295 1906 3350 de-

155 3375 343 3433 interioribus
357 3378 486 3449 corporis
512 3378 549 3435 ad
576 3380 725 3436 cerebrum
750 3382 887 3450 ascendit,
911 3382 951 3438 ita
974 3388 1004 3439 ct
1056 3387 1156 3455 ponat,
1172 3386 1327 3454 etpeccete
1341 3398 1393 3437 sua
1406 3381 1601 3449 considerans,
1613 3382 1663 3438 illa
1677 3381 1757 3455 quasi
1772 3398 1826 3455 pro
1841 3383 1907 3439 luto

158 3464 253 3521 anima
267 3480 332 3521 oum
346 3471 445 3523 sancto
458 3465 599 3523 desiderio
613 3470 706 3525 Deam
728 3470 927 3542 cognoscendo
942 3486 1003 3527 cm·
1056 3476 1214 3545 computet.

158 3553 309 3611 uiaoillcia
323 3555 452 3627 corporis
465 3556 593 3612 hominis
604 3572 719 3612 sursum
733 3557 830 3627 trahit,
856 3563 883 3613 et
898 3563 930 3615 ut
948 3558 1003 3615 ite·
1057 3576 1129 3645 Quia
1140 3592 1192 3632 Μ,
1214 3573 1324 3631 metm·
1340 3574 1498 3646 paperem,
1517 3572 1696 3648 {922553010712
1722 3575 1909 3633 accendant,

156 3659 222 3699 rum
236 3643 338 3699 cadem
352 3644 509 3701 humiditas
532 3646 688 3714 descendit,
711 3646 849 3703 interiora
876 3649 1004 3720 corporis
1092 3647 1183 3704 vicem
1198 3649 1302 3711 terreat,
1315 3650 1343 3701 et
1357 3646 1661 3719 humeroquocioerir
1680 3648 1808 3718 ejusdem
1834 3650 1909 3704 sotis

156 3732 317 3804 implendo,
328 3732 368 3789 sic
382 3734 468 3790 ctiam
483 3733 580 3790 anima
591 3734 710 3807 [corpori
731 3736 942 3806 condescendit,
968 3754 1003 3793 nc
1093 3722 1121 3774 ⁶²
1135 3716 1225 3800 ΨΜ
1250 3720 1518 3789 mittamini·
1534 3722 1561 3773 ³²
1577 3717 1675 3773 cmlii
1694 3718 1848 3774 “linium'‘
1869 3738 1909 3775 Μ’

158 3821 253 3877 olllcie
269 3821 348 3878 illius
360 3822 390 3879 in
406 3822 564 3879 oll'cnsiono
580 3824 630 3880 Dei
640 3830 807 3896 operentur.
1092 3788 1387 3857 mmmmm!
1400 3788 1533 3859 praebm'
1550 3790 1578 3843 εἰ
1591 3789 1730 3859 q¹⁴⁰m⁰d⁰
1746 3791 1906 3846 “mum

536 3928 542 3940 ·
1093 3858 1263 3939 moninio
1273 3859 1325 3913 suh
1335 3861 1476 3940 potestate
1501 3858 1554 3939 Dei
1573 3865 1600 3912 et
1613 3858 1722 3927 indicio
1742 3862 1851 3933 posito,
1878 3865 1908 3915 ct

160 3926 237 3995 Quod
250 3927 668 3985 sicutcerehrcmetenlcstino
681 3929 748 3985 dum
771 3929 935 3988 ductoribus
958 3948 1004 3988 re·
1092 3929 1294 3985 rationalitate
1317 3928 1373 3984 sihi
1395 3930 1489 3984 andito
1511 3929 1633 3987 discrete
1647 3936 1676 3984 et
1691 3946 1723 3986 re
1746 3933 1774 3986 et
1801 3946 1909 4003 corpus

193 3997 325 4055 dandam
332 3999 504 4071 purgatione
516 3998 655 4073 indigent,
671 4000 715 4055 ila
728 4003 815 4057 etiam
824 4018 876 4057 ocr
887 4006 915 4056 et
925 4005 1005 4059 terro
1092 4016 1175 4056 suurn
1186 3999 1218 4054 ira
1231 3998 1363 4056 omnihus
1375 3999 1587 4067 regeredeheot.

195 4069 321 4139 tempore
334 4069 477 4139 autumni,
490 4069 543 4125 ille
575 4071 672 4138 erfilss
686 4070 772 4144 lotia
787 4074 816 4128 el
836 4072 1003 4143 maiitiam»
1093 4088 1195 4145 xxvn.
1216 4089 1271 4143 lies
1293 4088 1391 4160 itaquo
1417 4087 1538 4157 cerebri,
1556 4087 1633 4160 quod
1655 4104 1720 4143 cum
1748 4089 1845 4147 lroute
1871 4091 1907 4147 ad

194 4137 475 4280 ἓξὲξὲεξέἴᾶξῗᾭ
484 4142 1006 4283 ᾳὶοέἀῑῖἷάᾞ”’ἵξι”οἶῇαΐαξὲιῖζῖἒξῖα
1023 4151 1045 4205 ⁰
1059 4178 1157 4233 oculos
1172 4176 1346 4245 extenditur,
1358 4176 1539 4247 superiorem
1549 4175 1646 4247 ignem
1666 4183 1756 4243 notat,
1768 4178 1821 4233 suls
1848 4196 1908 4251 quo

196 4278 381 4360 mggagflne
400 4280 550 4350 meari,
584 4282 685 4339 amam,
712 4282 882 4357 mamm
909 4284 1007 4341 labore
1058 4266 1101 4321 sol
1122 4265 1213 4332 ardet,
1237 4264 1320 4337 cnjus
1346 4264 1508 4336 igniacum
1534 4264 1591 4319 leni
1609 4264 1783 4321 humiditate
1803 4269 1907 4339 aquosi

194 4364 310 4421 expiare
320 4352 527 4425 comprobetur.
1060 4353 1134 4409 aeris
1149 4353 1302 4427 permistus
1311 4358 1364 4421 cst,
1376 4352 1510 4425 idemque
1526 4353 1632 4408 trumcr
1646 4360 1786 4425 punctum
1802 4361 1847 4410 est
1861 4372 1907 4411 so·

196 4438 284 4495 xxvl.
310 4440 465 4496 &rebium
489 4442 576 4498 ctiam
606 4443 757 4514 impletam
778 4458 811 4499 er
827 4459 857 4499 sc
885 4442 1007 4501 rheuma
1059 4442 1105 4511 lis,
1131 4458 1183 4513 per
1199 4442 1275 4514 qood
1302 4441 1351 4497 ille
1368 4440 1524 4495 terminum
1553 4440 1607 4495 loci
1630 4440 1675 4496 sui
1696 4443 1821 4497 transire
1848 4460 1907 4500 non

160 4532 285 4598 spumat,
300 4528 464 4602 visceraque
479 4531 677 4604 cumimpleta
703 4532 812 4589 tuerint
830 4532 1007 4605 egestionem
1059 4534 1170 4601 potest3
1192 4535 1222 4586 et
1243 4530 1350 4586 homor
1377 4529 1431 4584 iste
1450 4544 1502 4601 per
1534 4528 1690 4599 puritatem
1726 4530 1843 4587 aetheris
1872 4534 1907 4589 ad

159 4614 279 4684 iaciunt,
304 4621 334 4673 et
355 4617 410 4673 ista
423 4618 589 4691 frequenter
604 4620 635 4675 in
657 4620 773 4676 homine
788 4626 865 4691 suut,
882 4620 955 4678 sicut
978 4627 1008 4678 et
1060 4618 1320 4675 solemascendeus
1341 4616 1473 4673 ardorem
1493 4618 1572 4672 illius
1592 4617 1714 4689 mitigat,
1733 4634 1769 4673 ue
1781 4636 1817 4675 ca
1840 4637 1907 4692 que

161 4702 266 4759 humor
280 4708 309 4760 et
323 4704 402 4761 calor
428 4722 517 4778 super
542 4711 648 4764 terram
671 4709 860 4777 descendunt,
885 4726 1007 4783 eamque
1059 4708 1091 4763 in
1110 4711 1186 4764 terra
1213 4711 1280 4762 sunt
1306 4706 1397 4762 nimio
1421 4707 1532 4763 terrore
1555 4722 1607 4761 suo
1632 4713 1794 4764 consumat.
1807 4709 1855 4765 Sic
1879 4716 1908 4766 ct

161 4793 448 4864 germinarelaciunt,
464 4796 513 4851 sed
532 4802 686 4869 postquam
707 4797 816 4853 tructus
830 4798 921 4869 ipsius
949 4814 1008 4853 rna·
1060 4796 1156 4851 anima
1173 4795 1320 4851 scientiam
1341 4800 1371 4849 ct
1393 4792 1618 4849 rationalitatem
1648 4810 1715 4851 com
1752 4797 1907 4853 manifesta

161 4878 309 4936 toritatem
319 4881 443 4953 pleniter
452 4882 625 4954 acceperint,
640 4884 746 4939 homor
759 4888 788 4939 ct
802 4886 880 4940 calor
892 4900 1006 4941 sursum
1059 4883 1231 4941 verecundia
1241 4889 1270 4940 ct
1282 4882 1391 4939 salubri
1410 4882 1667 4954 circumspectione
1681 4884 1713 4939 iu
1736 4900 1768 4939 se
1784 4885 1906 4952 habeas,

161 4968 358 5025 retrahuntur.
373 4970 555 5044 Quapropter
568 4972 598 5027 in
611 4972 695 5028 initio
709 4972 823 5046 trigoris
838 4975 1007 5030 cumhiems
1060 4971 1219 5044 potentiam
1235 4970 1286 5027 Dei
1301 4968 1436 5040 ostendit,
1471 4969 1524 5025 suh
1550 4985 1609 5041 qua
1632 4970 1772 5027 lordtcdo
1786 4973 1837 5029 illa
1865 4978 1909 5030 est

161 5057 524 5133 appropinquarcvidetur,
539 5077 587 5116 aer
601 5061 828 5126 sorsumtendit,
855 5065 884 5117 et
907 5061 943 5117 de
963 5077 1009 5117 ca·
1061 5076 1126 5132 quse
1150 5057 1244 5116 leticia
1271 5057 1394 5130 suspiria
1423 5057 1571 5113 mentibus
1589 5057 1720 5113 fidelium
1753 5060 1908 5117 hominnm

162 5145 223 5200 lore
242 5146 310 5203 solis
335 5146 433 5219 aliqua
454 5153 536 5221 parte
563 5148 740 5221 coagulatur,
757 5148 807 5222 qui
827 5147 961 5206 sicutfila
976 5166 1008 5206 se
1060 5148 1208 5216 immittit;
1229 5148 1389 5219 eademque
1411 5145 1536 5219 suspiria
1559 5144 1701 5218 judicium
1729 5146 1908 5206 fortitudinis

161 5233 360 5305 prolongando
374 5236 481 5305 volare,
497 5240 527 5293 et
541 5241 610 5293 tnnc
634 5236 722 5292 ctiam
734 5236 769 5293 de
785 5235 927 5309 superiori
952 5238 1007 5295 hu·
1061 5236 1111 5293 uei
1126 5237 1261 5306 retinent,
1272 5251 1309 5292 ne
1322 5235 1353 5290 in
1367 5235 1459 5290 multa
1486 5235 1638 5290 seueritate
1665 5251 1695 5291 se
1715 5236 1907 5307 [demonstret

163 5320 293 5379 miditatc
307 5328 384 5382 terra
398 5325 548 5395 mollescit,
566 5332 595 5383 et
610 5326 754 5383 sordidam
779 5340 911 5398 spumam
939 5342 1006 5383 ero·
1061 5329 1150 5397 atque
1162 5340 1216 5398 per
1237 5340 1335 5381 reram
1355 5323 1555 5397 poenitentiam
1573 5323 1703 5395 ejusdcm
1729 5324 1906 5383 fortitudinis

162 5409 230 5476 mit3
255 5410 388 5469 similiter
415 5428 480 5470 aum
504 5414 598 5473 cilicis
627 5406 720 5471 carnis
747 5414 914 5487 implentur,
940 5430 1007 5471 carc
1062 5414 1304 5471 examinationem
1323 5413 1363 5469 ita
1391 5411 1545 5479 deliniunt,
1574 5416 1607 5468 ut
1638 5417 1754 5484 peccata
1780 5413 1904 5471 hominis
