3984 6034
141 154 194 212 tlt
271 200 274 205 .
873 152 902 209 S.
921 149 1160 208 nthnneeuuts
1839 149 1895 205 448

140 284 363 342 misericorditer
396 282 518 340 reduxit.
558 283 614 350 Qui
647 284 718 340 dum
734 282 767 339 in
794 282 988 340 hereditatem
1006 288 1030 342 A
1046 283 1125 340 Unde
1139 283 1226 340 etiam
1247 283 1283 340 ad
1305 281 1503 338 contusionem
1517 286 1596 340 tuam
1610 297 1660 340 cro
1683 297 1796 340 mmerrr
1817 282 1895 348 tuus,

142 391 223 431 snam
256 377 458 446 pervenerunt,
492 372 614 427 excitata
651 377 720 427 sunt
742 378 881 445 tympana
906 378 934 428 et
952 372 991 428 oi·
1044 370 1167 440 inferne,
1193 387 1258 428 cum
1281 376 1406 444 potestas
1441 388 1505 427 mea
1528 371 1560 426 in
1586 387 1692 442 magna
1715 370 1821 425 virtute
1842 369 1898 424 tibi

138 461 230 519 thare
260 461 413 533 omnisque
444 459 619 515 musicorum
642 466 797 515 concentus
821 461 992 516 innumera·
1045 460 1138 532 spolie
1160 461 1210 516 illa
1233 461 1364 517 detrahet
1389 476 1453 532 qna
1475 459 1674 515 fraudulenter
1697 459 1833 530 rapuisti;
1855 458 1898 512 ita

138 550 192 611 biti
213 549 324 618 deeora,
348 549 417 622 quia
435 549 523 604 homo
545 549 596 620 qui
619 548 649 604 iu
674 549 835 621 perditione
848 551 988 622 jacuerat,
1046 552 1116 604 utel
1127 555 1169 619 to,
1186 565 1302 616 omors,
1315 550 1391 621 juste
1409 548 1577 620 despoliata,
1596 563 1744 619 nunqnam
1760 545 1898 617 deinceps

137 641 200 710 jam
222 639 252 695 in
274 638 453 694 beatitudine
469 642 580 692 erectus
603 641 725 693 mortem
741 655 865 709 superna
886 641 991 695 virtute
1044 637 1130 708 plana
1149 637 1180 693 in
1200 639 1307 694 divitiis
1332 636 1388 693 tuis
1405 653 1555 708 appareas,
1570 636 1619 691 sed
1641 635 1807 691 uulneribus
1826 651 1897 689 con·

140 727 279 783 liberatus
301 730 442 795 evaserat,
466 729 500 780 nt
518 741 569 796 par
590 741 705 780 sarsum
729 743 826 781 meum
855 728 926 783 Osee
949 729 989 784 lo·
1043 727 1162 782 inesset
1189 728 1220 783 in
1245 727 1372 782 loedltate
1398 729 1541 798 prostrata
1567 726 1675 796 jacens,
1696 723 1898 780 contusionem

139 822 222 871 entus
246 830 327 869 sum:
352 812 495 886 colligata
517 815 561 868 sat
580 812 723 886 iniquitas
745 816 901 886 Ephraim,
925 817 990 873 obs-
1044 819 1125 872 tuam
1143 816 1359 888 inperpetuum
1376 819 1515 885 reportes.

139 904 285 961 conditum
298 907 450 977 peccatam
462 903 542 974 ejus:
558 903 866 976 doloreapnrturientia
877 907 992 964 uenient
1079 903 1134 959 Sed
1161 909 1192 958 ot
1214 905 1294 959 vides
1315 903 1365 958 illo
1389 905 1502 958 lucente
1528 902 1644 958 homine
1668 901 1718 974 qui
1731 900 1767 957 de
1792 914 1900 954 aurora

140 992 335 1065 ei,ipreltlius
352 1008 410 1048 reon
433 993 566 1064 rapieris.
589 993 677 1048 Nunc
698 992 776 1048 enim
789 1011 849 1052 ιιοιι
858 994 947 1052 stabit
959 996 992 1051 in
1045 1008 1177 1064 egressus
1203 998 1245 1048 ast
1285 993 1317 1047 in
1357 996 1435 1046 tanta
1470 991 1597 1046 claritate
1631 997 1787 1063 apparente
1820 988 1901 1044 ultra

139 1079 457 1148 contritionefiliorum.
475 1083 618 1136 lismona
629 1081 731 1135 mortis
743 1081 868 1138 liberabo
880 1099 937 1146 eor,
957 1084 992 1142 dc
1046 1097 1132 1153 quarn
1164 1081 1290 1136 humana
1308 1081 1408 1152 lingon
1439 1079 1519 1136 effari
1550 1079 1649 1151 possit,
1683 1079 1901 1133 demonstratur

140 1172 234 1225 morte
250 1169 392 1225 redimam
405 1185 460 1224 eor.
477 1168 538 1224 Ero
552 1184 630 1223 mora
649 1171 837 1237 tua,omora‚
854 1188 901 1227 cro
915 1189 988 1228 mor·
1046 1170 1123 1242 quod
1153 1169 1387 1240 augustissimum
1408 1183 1512 1238 corpus
1540 1165 1604 1222 Filii
1619 1165 1669 1222 Dei
1690 1182 1723 1220 ex
1742 1164 1900 1236 speciosis·

139 1274 190 1315 eree
203 1261 278 1329 tare,
295 1258 410 1319 inferne
429 1259 501 1328 (Ore.
524 1264 595 1327 xus).
616 1257 689 1323 Quid
715 1260 792 1316 hoe?
813 1261 845 1315 ln
861 1261 989 1317 efficacia
1045 1257 1247 1329 simaVirgius
1260 1262 1361 1312 natum
1385 1262 1414 1311 et
1434 1272 1486 1328 par
1505 1255 1633 1310 triduans
1649 1254 1680 1308 in
1703 1254 1835 1324 sepulcro
1853 1267 1901 1306 re-

141 1347 274 1420 ligatura
289 1346 406 1418 alligata
428 1351 472 1400 est
485 1345 657 1416 perversitas
680 1346 818 1418 nequitie
837 1348 946 1405 diaboli
959 1355 992 1405 ut
1047 1346 1208 1415 conditum,
1231 1345 1265 1400 ad
1281 1344 1488 1400 insinuandum
1503 1344 1581 1415 qnod
1603 1348 1661 1398 tres
1676 1357 1805 1414 persona
1829 1345 1902 1396 sunt

142 1436 235 1492 ezelo
256 1435 363 1491 furoris
388 1433 439 1489 Dei
468 1449 527 1487 non
549 1437 693 1487 mereatur
716 1435 798 1501 solvi,
821 1435 891 1507 quia
912 1450 991 1491 nnn·
1045 1432 1076 1488 in
1100 1450 1162 1489 una
1198 1433 1357 1500 divinitate,
1381 1436 1500 1505 palerna
1525 1431 1638 1486 claritas
1667 1430 1787 1492 infulsit,
1809 1433 1902 1500 atque

141 1539 229 1596 quam
253 1522 336 1578 illum
358 1528 435 1578 recta
459 1521 633 1592 cogitantem
653 1515 741 1592 vidit,
755 1523 795 1578 sic
809 1540 904 1596 neque
925 1540 991 1579 eum
1045 1521 1085 1576 ita
1097 1520 1237 1593 Spiritum
1257 1521 1376 1592 recepit,
1392 1525 1420 1576 st
1443 1520 1474 1576 in
1494 1517 1704 1592 fulgentissima
1724 1515 1902 1572 immortali·

142 1611 287 1684 aspiciunt
305 1611 357 1683 qni
371 1611 462 1666 [lenm
476 1609 600 1665 fideliter
617 1608 730 1666 timent.
749 1612 821 1667 Nam
834 1627 864 1667 se
878 1628 992 1684 semper
1010 1582 1031 1637 Β
1046 1613 1104 1664 tate
1122 1609 1281 1666 resurrexit
1307 1625 1395 1682 quam
1419 1609 1516 1664 nullus
1546 1607 1699 1664 hominum
1723 1605 1903 1678 cogitatione

142 1701 237 1756 elevet
252 1703 352 1755 contra
375 1698 477 1764 Deum,
502 1713 533 1752 ss
551 1696 643 1752 Deum
662 1713 724 1754 esse
747 1699 855 1768 dicens,
880 1716 994 1772 semper
1046 1703 1097 1753 ant
1119 1699 1207 1754 verbo
1229 1697 1371 1770 explicare
1395 1697 1511 1770 poterit.
1535 1697 1626 1762 Quam
1648 1700 1678 1752 et
1701 1697 1785 1752 Pater
1805 1695 1905 1750 nuda-

49 1805 54 1814 ·
143 1804 243 1844 emens
273 1793 373 1843 contra
399 1786 501 1854 Deum,
537 1788 567 1840 et
599 1790 719 1856 propter
752 1785 847 1858 ipsum
882 1788 994 1844 nomini
1047 1786 1084 1841 lis
1106 1787 1283 1854 vulneribus,
1311 1787 1474 1844 celestibus
1497 1785 1591 1842 choris
1621 1783 1757 1854 ostendit,
1782 1782 1901 1838 dicens:

142 1874 304 1933 Christiano
330 1872 538 1930 contradicens.
569 1871 603 1926 Et
625 1869 690 1926 ideo
711 1873 821 1928 malitie
841 1873 932 1944 ipsius
954 1874 995 1929 ila
1049 1873 1259 1931 HicealFiliur
1272 1891 1352 1931 mene
1366 1873 1493 1932 dilectur
1512 1874 1631 1944 (Mettis.
1654 1875 1708 1941 ιιι),
1725 1887 1811 1944 qoem
1830 1871 1903 1926 misi

141 1963 318 2036 profundata
338 1966 429 2018 estut
449 1960 530 2015 nulla
550 1958 692 2014 medicina
717 1961 907 2033 reparationis
928 1976 994 2033 pec·
1048 1969 1081 2020 ut
1096 1971 1257 2020 moreretur
1280 1980 1332 2035 pro
1348 1964 1471 2036 populo:
1490 1963 1531 2019 Oh
1554 1979 1640 2035 quam
1658 1976 1719 2016 ram
1739 1976 1826 2033 supra
1841 1960 1899 2015 hu-

142 2056 238 2107 catnm
269 2052 332 2123 ejus
374 2049 451 2123 qnod
482 2048 512 2103 in
539 2048 838 2118 contemptibilissima
859 2049 995 2122 superbia
1050 2068 1167 2107 manum
1183 2052 1362 2107 intellectum
1386 2051 1597 2106 innumerabile
1628 2047 1766 2120 gaudium
1785 2048 1813 2102 ιιι
1829 2046 1904 2118 ipsis

142 2139 232 2212 impie
253 2138 408 2209 commisit,
432 2137 461 2192 in
487 2135 644 2190 salvatione
660 2137 781 2208 dignum
801 2137 847 2207 sit,
868 2139 944 2194 unde
966 2145 995 2195 et
1050 2140 1217 2199 innovatum
1252 2144 1294 2196 est
1326 2139 1395 2212 quia
1426 2155 1500 2194 casca
1532 2137 1636 2194 oblivio
1661 2153 1719 2209 qua
1741 2136 1816 2191 Dans
1849 2151 1904 2190 ne-

142 2229 205 2300 ipse
224 2228 279 2284 erit
306 2228 337 2282 in
366 2223 572 2298 perduratione
595 2224 702 2279 doloris
735 2226 809 2282 sicut
830 2228 996 2299 parturiens
1049 2227 1192 2284 sciebatur
1223 2227 1264 2282 sic
1285 2229 1419 2299 depressa
1448 2231 1493 2282 est
1517 2231 1549 2281 nt
1570 2225 1746 2280 rationalitas
1773 2222 1903 2279 hominis

143 2317 173 2372 in
188 2314 343 2372 afflictione
357 2311 565 2387 desperationis
581 2327 646 2383 quac
656 2313 762 2369 diffidit
774 2316 851 2387 quod
865 2315 897 2370 in
911 2331 996 2387 aper·
1049 2333 1114 2390 qnae
1138 2317 1278 2372 suadente
1307 2316 1421 2373 diabolo
1452 2319 1594 2387 prostrata
1612 2313 1737 2384 jacebat,
1761 2312 1795 2367 ad
1819 2311 1904 2383 agni-

144 2405 222 2461 tione
242 2403 317 2460 uteri
339 2403 383 2458 sui
405 2403 499 2457 vivere
523 2414 582 2455 non
604 2401 704 2471 possit.
729 2403 799 2458 ltam
823 2403 886 2459 hac
901 2403 996 2459 inieli·
1049 2406 1157 2461 tionem
1174 2406 1225 2461 [ιιι
1241 2405 1350 2460 elevata
1364 2404 1410 2473 sit,
1427 2403 1565 2475 quoniam
1581 2417 1632 2474 per
1654 2417 1796 2457 summam
1810 2401 1903 2456 beati·

143 2492 213 2546 citas
231 2505 347 2562 semper
360 2505 447 2561 snper
460 2503 527 2542 eum
543 2488 673 2543 monebit
689 2490 797 2562 quoda
816 2491 995 2547 beatitudine
1050 2494 1179 2549 tudinem
1204 2495 1316 2550 homini
1341 2493 1383 2549 via
1411 2492 1541 2549 raritatis
1565 2497 1682 2546 ostensa
1704 2495 1756 2559 est,
1788 2489 1816 2547 in
1839 2506 1902 2562 qua

145 2575 318 2646 ejectusast,
338 2576 407 2647 qnia
429 2574 555 2630 filiorum
578 2572 719 2644 sapientia
743 2575 817 2648 fugit
840 2577 996 2648 absequi
1051 2583 1087 2638 ds
1118 2588 1209 2638 morte
1242 2584 1276 2638 ad
1302 2583 1389 2637 vitam
1417 2582 1549 2636 reductus
1581 2587 1634 2635 est.
1655 2579 1709 2636 Sed
1740 2580 1899 2634 secundum

145 2665 180 2720 ad
191 2681 220 2719 se
237 2680 297 2720 non
310 2663 474 2732 revertitur,
490 2665 563 2720 sicut
581 2665 658 2720 lilius
681 2665 820 2736 prodigus
844 2662 879 2720 ad
902 2681 932 2720 se
951 2681 996 2720 re·
1051 2672 1107 2727 hoo
1132 2676 1165 2727 ut
1187 2670 1240 2726 filii
1264 2671 1351 2726 lsrael
1375 2686 1409 2724 ex
1424 2672 1544 2742 AEgypto
1568 2667 1682 2724 liberati
1704 2684 1757 2738 per
1778 2669 1903 2740 quadra·

145 2770 243 2809 ιιιιιιι
264 2755 299 2810 de
320 2749 475 2826 iniquitate
499 2771 551 2810 sna
583 2756 619 2810 ed
649 2744 871 2826 patrem'sonm
899 2756 994 2811 rediit.
1050 2757 1130 2830 ginta
1153 2775 1245 2814 annos
1264 2759 1411 2814 desertum
1429 2762 1622 2825 transeuntes,
1643 2755 1796 2811 interram
1812 2758 1854 2811 lac
1871 2759 1902 2811 ιι

145 2843 326 2916 Quapropter
353 2858 503 2913 nunqnam
536 2843 661 2898 confidet
690 2843 720 2897 in
749 2843 922 2899 contritione
947 2844 997 2899 illa
1014 2875 1035 2932 C
1052 2849 1108 2902 mel
1126 2847 1264 2904 liuentem
1280 2853 1492 2920 pervenerunt,
1523 2846 1562 2901 ita
1588 2845 1675 2900 Filius
1690 2845 1742 2900 liei
1765 2861 1780 2898 a
1806 2849 1899 2900 morte

145 2946 202 3004 qua
230 2930 283 2986 srlii
301 2931 467 2986 salvationis
489 2931 519 2986 in
545 2930 665 3002 superni
688 2928 742 2985 lilii
764 2936 856 2985 morte
872 2936 995 2986 mortem
1049 2951 1202 3009 resurgens
1225 2951 1276 3008 par
1295 2935 1486 3009 qnadraginta
1510 2934 1571 2989 dias
1591 2932 1738 3005 discipulis
1753 2931 1811 2987 suis
1831 2947 1900 2986 eum

145 3017 310 3074 saevissimae
338 3018 499 3090 iniqnitatis
520 3023 684 3087 conterunt,
714 3033 801 3090 quam
832 3019 893 3090 ipse
912 3019 995 3074 catli-
1048 3023 1142 3080 beatis
1166 3024 1282 3080 leminis
1304 3041 1369 3096 qnae
1391 3028 1454 3095 post
1475 3023 1569 3094 ipsum
1594 3022 1776 3093 suspirabant
1799 3025 1901 3075 etma-

146 3107 200 3162 dus
218 3123 337 3179 serpens
353 3105 473 3162 ebullire
496 3107 564 3162 iecit
586 3107 762 3178 comprimo
786 3107 996 3163 hominidolo-
1050 3129 1107 3185 gno
1143 3111 1287 3167 desiderio
1328 3111 1425 3167 videre
1465 3109 1676 3171 desiderabant,
1710 3124 1740 3162 se
1773 3106 1899 3177 benigne

146 3195 259 3250 sitalem
279 3210 366 3266 qoam
393 3195 481 3250 bomo
510 3196 655 3251 nesciebat
677 3196 830 3267 suggessit.
857 3195 911 3251 Sed
928 3196 996 3268 quia
1048 3200 1182 3268 ostendit,
1209 3200 1245 3254 ad
1270 3215 1318 3255 eas
1344 3199 1376 3254 in
1401 3197 1457 3254 fide
1486 3195 1708 3264 confirmandas,
1730 3211 1767 3250 ne
1788 3194 1900 3250 dubita·

146 3282 200 3339 filii
221 3282 374 3340 salvatoris
397 3299 539 3340 venenum
560 3283 787 3339 funestissimum
805 3284 996 3355 suggestionis
1049 3293 1123 3357 rent,
1150 3287 1291 3342 diceutes:
1317 3287 1374 3341 Nos
1396 3301 1455 3340 non
1481 3284 1606 3339 vidimus
1636 3283 1807 3338 Dominum:
1830 3280 1899 3336 ideo

146 3374 333 3427 contemnunt
371 3374 400 3426 et
439 3371 475 3426 ad
501 3370 623 3425 salutem
651 3385 734 3424 5118111
765 3371 935 3441 “spiciunt
959 3369 995 3424 dt
1049 3378 1165 3432 credere
1185 3393 1242 3431 non
1264 3391 1415 3447 possumus
1439 3373 1517 3446 qnod
1545 3373 1607 3444 ipse
1630 3373 1666 3427 sit
1689 3377 1785 3426 nostre
1809 3372 1897 3436 salus,

146 3457 450 3513 ³01Vii¹1i05d⁰l⁰fflm
481 3458 611 3515 lib⁰fflb⁰
633 3475 692 3525 00³»
717 3459 753 3514 ⁶0
777 3458 923 3527 servitute,
947 3459 994 3513 iss-
1048 3465 1097 3520 sed
1122 3464 1288 3536 frequenter
1312 3461 1507 3519 manifestavit
1540 3477 1570 3516 se
1597 3459 1664 3528 illis,
1700 3459 1736 3513 ed
1759 3459 1898 3514 corrobo-
1982 3483 1983 3494 ι

147 3562 244 3619 quam,
268 3543 495 3619 idolorumque
517 3546 659 3603 fallaciam
684 3545 715 3602 in
738 3551 876 3619 potestate
899 3548 995 3619 perdi·
1048 3553 1153 3609 randos
1167 3553 1245 3626 ipsos
1260 3568 1296 3608 ne
1311 3553 1456 3608 caderent.

146 3634 233 3691 lionis
254 3634 361 3691 hebent
383 3639 412 3690 et
430 3635 460 3689 in
483 3635 589 3708 quibus
607 3634 737 3691 infideles
755 3635 894 3690 honorem
910 3635 994 3691 Crea-
1083 3643 1165 3708 Quod
1176 3658 1241 3697 vero
1254 3641 1285 3696 in
1295 3639 1553 3697 eminentissimam
1562 3637 1744 3693 altitudinem
1760 3635 1899 3690 imnume.

146 3723 218 3779 toris
232 3724 277 3779 sni
299 3729 490 3793 commutant,
510 3741 540 3779 se
561 3725 592 3779 in
617 3725 754 3796 laqueum
769 3723 878 3779 diaboli
901 3723 994 3778 invol-
1048 3731 1146 3786 rabilis
1160 3729 1261 3802 gloriae
1283 3727 1402 3784 tetendit
1415 3727 1465 3783 nbi
1481 3727 1512 3782 in
1526 3724 1706 3797 plenitudine
1721 3723 1899 3779 omnimodas

147 3817 244 3868 ventes
267 3817 294 3867 et
324 3827 411 3884 opera
436 3827 489 3866 sna
518 3812 678 3868 secundum
704 3813 884 3866 voluntatem
914 3812 993 3867 illins
1049 3817 1186 3874 ubertatis
1208 3823 1238 3872 et
1266 3816 1363 3872 odoris
1395 3813 1514 3870 mirifice
1536 3813 1647 3869 radiat:
1673 3812 1729 3868 hoc
1752 3817 1794 3866 est
1820 3810 1899 3876 nuod

146 3899 336 3972 perficientes.
354 3901 388 3955 Et
404 3900 469 3956 ideo
492 3901 601 3958 mima
615 3901 730 3957 illorum
754 3900 804 3973 qui
817 3916 865 3956 ms
884 3901 993 3969 colunt,
1046 3906 1126 3963 idem
1146 3906 1233 3962 eibos
1255 3905 1306 3960 bei
1330 3903 1459 3960 asendit
1489 3903 1524 3959 ad
1547 3903 1661 3958 Patrem
1684 3900 1730 3955 cui
1754 3915 1812 3955 aaa
1829 3915 1898 3955 cum

148 3990 259 4045 animas
275 3989 382 4044 scilicet
404 3995 567 4046 sanctornm
587 3996 616 4046 et
635 3991 780 4062 justorum
804 3991 840 4047 ab
859 3989 995 4045 infernali
1049 3995 1120 4050 Filio
1141 3999 1171 4050 et
1191 3993 1296 4064 Spiritu
1318 3997 1415 4048 structo
1440 3989 1670 4047 eminentissima
1692 3992 1720 4042 at
1733 3987 1900 4058 precellen-

148 4095 232 4150 poena
256 4077 408 4147 redimam,
437 4079 574 4152 qnoniam
597 4082 694 4135 nullus
715 4078 867 4135 bominum
888 4079 995 4151 poterit
1047 4083 1159 4139 tissima
1184 4081 1303 4137 altitudo
1324 4079 1525 4135 inenarrabilis
1543 4077 1641 4151 gaudii
1656 4080 1685 4132 et
1711 4075 1817 4132 letitiae
1841 4079 1896 4142 est,

148 4166 211 4221 croi
233 4182 251 4221 a
275 4167 396 4222 vincetis
419 4167 526 4223 diaboli
550 4168 708 4241 inquibus
733 4167 886 4223 durissima
901 4173 993 4222 morte
1011 4171 1097 4229 liubi
1126 4170 1202 4226 idem
1234 4169 1321 4226 Filius
1351 4169 1382 4222 in
1415 4165 1591 4223 abnndantia
1618 4163 1897 4237 praefulgentissimae

148 4259 268 4326 propter,
285 4255 550 4328 prevaricationem
576 4262 787 4329 praceptorum
810 4256 862 4312 nsi
881 4257 993 4312 rinctus
1048 4259 1207 4316 sanctitatis
1240 4263 1270 4314 ct
1301 4255 1488 4313 beatitudiuis
1518 4253 1653 4311 fidelibus
1685 4253 1744 4308 suis
1772 4239 1897 4323 gloriose

148 4348 200 4412 est,
218 4343 273 4398 nisi
294 4344 325 4399 in
348 4345 545 4417 redemptione
559 4343 636 4400 illins
658 4345 709 4418 qni
724 4346 829 4401 eleetos
845 4361 912 4400 snos
930 4361 994 4417 pro
1048 4353 1183 4421 apparet;
1205 4347 1255 4420 qni
1279 4347 1374 4419 ipsum
1397 4361 1471 4416 puro
1496 4349 1525 4399 et
1548 4342 1674 4414 simplici
1693 4341 1777 4398 corde
1795 4356 1896 4395 verum

148 4432 212 4504 prio
230 4434 370 4505 sangnine
393 4434 594 4506 redempturus
618 4439 670 4489 est.
692 4435 746 4490 Ubi
768 4434 802 4491 ad
820 4432 992 4489 internecio·
1048 4438 1138 4493 Deum
1163 4441 1191 4491 at
1213 4435 1352 4490 hominen
1382 4449 1444 4488 esse
1474 4432 1605 4488 credunt.
1629 4431 1699 4486 llam
1719 4431 1807 4486 etiam
1829 4433 1897 4484 tuno

147 4537 216 4576 nem
230 4525 269 4590 te,
295 4538 312 4576 o
339 4537 425 4592 mors,
447 4521 630 4590 interficiam,
652 4522 719 4595 qnia
735 4523 767 4577 in
784 4528 884 4596 quote
898 4522 993 4578 virere
1047 4540 1123 4580 nora
1143 4539 1249 4595 sponsa
1276 4522 1405 4592 ejusdem
1441 4518 1508 4591 agni
1539 4518 1583 4574 illi
1604 4522 1776 4590 praesentata
1798 4521 1842 4572 est
1866 4515 1898 4570 in

147 4616 242 4682 putas,
262 4611 317 4666 hoc
334 4609 387 4666 tihi
407 4612 563 4680 extraham,
587 4612 628 4668 ita
648 4613 724 4684 quod
748 4611 851 4669 inutile
873 4613 994 4668 cadaver
1047 4612 1165 4670 dirersis
1197 4610 1372 4666 ornamentis
1400 4608 1504 4680 quibus
1541 4608 1671 4662 ornanda
1693 4611 1735 4661 est
1757 4605 1788 4660 ιιι
1816 4603 1896 4660 omni

147 4700 302 4770 vocaberis,
326 4700 463 4773 qnoniam
485 4700 516 4756 in
536 4701 700 4756 fortissimis
715 4701 823 4760 viribus
847 4702 903 4757 tuis
924 4719 992 4774 pro·
1048 4716 1154 4773 genere
1175 4700 1313 4754 virtutum
1336 4695 1485 4752 fortissimi
1508 4694 1673 4751 certaminis
1693 4694 1779 4749 totius
1802 4693 1897 4750 fidelis

147 4794 235 4845 strata
252 4790 371 4862 jacebis,
390 4792 464 4846 sicut
485 4796 513 4846 st
536 4806 640 4863 corpas
654 4792 732 4864 quod
755 4792 791 4848 ab
805 4792 994 4848 animadese·
1047 4788 1162 4862 populi;
1185 4789 1235 4860 qui
1259 4791 1359 4842 contra
1387 4784 1522 4840 callidum
1550 4789 1715 4855 serpentem
1739 4781 1896 4854 pugnaturi

148 4879 222 4934 ritnr
243 4879 362 4934 omnino
383 4879 417 4934 ad
438 4879 587 4935 interitum
611 4881 812 4952 prosternitur.
835 4882 905 4936 Nam
930 4881 993 4936 lons
1048 4885 1125 4934 sunt.
1146 4877 1201 4933 Sed
1225 4877 1276 4948 qni
1301 4874 1485 4947 vigilantibus
1504 4873 1594 4928 oeulis
1615 4872 1702 4938 ridet,
1727 4877 1756 4927 et
1778 4871 1897 4926 attentis

147 4967 316 5039 aquaviva
332 4974 361 5022 te
381 4967 541 5036 suffocabit,
558 4967 735 5024 cumlelices
755 4969 994 5041 enimaperno·
1049 4968 1166 5025 auribus
1202 4965 1290 5031 audit,
1323 4966 1371 5021 hic
1395 4963 1523 5036 mysticis
1555 4963 1649 5018 verbis
1674 4962 1745 5017 meis
1772 4975 1838 5032 qua
1862 4959 1897 5015 de

149 5073 215 5112 snm
230 5055 377 5112 hominem
401 5057 452 5128 qni
467 5072 619 5112 venenosae
634 5056 811 5127 deceptionis
827 5057 925 5112 insons
940 5055 996 5111 erit
1049 5058 1230 5114 maritante
1261 5059 1407 5123 emanant,
1433 5049 1564 5109 osculnm
1591 5052 1719 5124 praebeat
1743 5048 1898 5121 amplexio·

148 5144 374 5201 misericorditer
404 5144 440 5215 ιιι,
470 5161 595 5218 ιιιριιιιι
626 5144 803 5202 heatitudine
836 5144 994 5217 rapientur.
1052 5145 1107 5202 nis.
