3984 6034
128 190 181 245 aaa
854 191 884 250 S.
904 191 1139 250 ultusultums
1197 243 1199 248 .
1823 195 1876 250 tau

129 319 169 376 ita
194 318 282 376 ctiam
307 320 438 392 prrcdicti
451 321 637 394 pigmentarii
664 321 715 393 qui
742 319 810 378 tiliis
828 320 970 390 Ecclesiae,
990 324 1145 394 Apropter
1158 338 1315 394 supernam
1341 322 1522 378 dilectionem
1544 339 1630 395 quam
1661 323 1691 379 in
1706 322 1793 379 corde
1821 339 1876 378 suo

127 409 216 465 idest
238 408 341 465 ovibus
367 409 473 466 Christi
486 409 577 482 ipsius
601 409 813 481 dispensatione
842 409 879 465 ad
907 425 972 480 pas·
1028 411 1151 468 fideliter
1174 411 1285 481 habuit,
1316 410 1466 468 imitando.
1495 412 1674 484 Quapropter
1688 417 1718 468 el
1743 413 1793 468 ubi
1814 412 1877 485 ipsc

126 498 251 554 candum
272 515 322 554 eos
344 499 458 570 praelati
472 503 549 566 sunt,
572 498 650 569 ipsos
678 498 708 552 in
723 498 817 553 verbis
834 498 974 554 doctrinae
1028 501 1105 555 velut
1128 517 1232 556 aurora
1261 501 1370 570 rutilat,
1401 500 1560 557 claritatem
1588 517 1669 557 suam
1694 517 1808 557 sursum
1839 503 1877 556 ad

127 587 325 643 ecclesiastice.
353 587 513 658 disciplinae
528 587 653 642 fideliter
667 586 805 654 nutriant,
832 586 973 642 eteoaeb
1028 595 1136 644 secreta
1165 590 1229 644 coeli
1250 589 1386 660 extendit,
1411 591 1548 662 quoniaur
1573 591 1623 646 illa
1646 590 1782 662 perfectio
1809 606 1877 662 quae

126 675 238 730 insidiis
265 674 377 747 antiqui
405 675 581 730 insidiatoris
609 675 724 730 sortiter
756 676 899 744 muniant,
940 692 974 732 ac
1027 675 1058 732 in
1084 677 1254 748 virginitatis
1277 679 1388 733 honora
1418 679 1511 744 tioret,
1540 679 1675 734 virtutem
1701 694 1783 732 suem
1815 693 1878 732 nou

126 763 214 820 etiam
228 765 339 820 sincera
357 764 589 819 consideratione
604 763 760 834 inspectori
774 764 905 820 omnium
921 763 971 819 ali·
1028 766 1161 821 deorsum
1184 766 1220 821 ad
1246 772 1371 837 terrena,
1398 769 1447 822 scd
1462 783 1576 822 sursum
1601 767 1702 823 edilia
1728 783 1793 842 quse
1808 770 1878 822 suut

126 869 197 924 quas
211 852 382 909 donationes
410 869 445 907 ex
473 852 515 907 eis
544 852 676 908 offerant.
707 853 877 918 Quomodo?
899 853 974 918 Quo·
1026 853 1226 911 iucrelestibus
1244 854 1415 910 mirabiliter
1429 855 1535 925 dirigit.

125 941 204 997 ιιιιιιι
227 941 252 996 si
267 942 331 996 illos
354 957 408 1013 per
422 941 520 996 omnia
545 942 687 1014 periectos
711 943 805 998 facere
820 958 878 996 nou
905 957 973 1012 pos·
1061 945 1092 998 ln
1109 960 1166 1015 qua
1179 943 1373 1015 pulcherrima
1401 949 1429 999 et
1451 944 1587 1015 puellaris
1610 942 1707 1016 imago
1729 943 1806 1000 oudo
1827 961 1876 1000 ca·

125 1036 202 1097 sunt,
223 1031 310 1084 talem
337 1031 463 1102 aliquem
487 1030 612 1086 fructum
631 1046 665 1086 ex
688 1030 758 1101 ipsis
776 1030 972 1103 egredientem
1026 1032 1085 1106 pite
1099 1039 1128 1087 et
1148 1032 1292 1104 subnigris
1313 1032 1424 1104 capillis
1439 1040 1570 1105 apparet,
1596 1049 1660 1106 quee
1685 1039 1728 1088 ast
1748 1033 1874 1088 screnis-

126 1118 185 1173 llco
201 1118 333 1187 offerant,
353 1119 480 1191 primunr
506 1118 614 1175 scilicet
641 1124 749 1174 rectam
781 1119 972 1176 intentionem
1027 1121 1099 1176 sima
1120 1126 1148 1177 et
1166 1123 1202 1177 ab
1227 1121 1306 1176 omni
1328 1121 1457 1177 faeditate
1479 1123 1615 1194 bumapae.
1637 1121 1875 1192 concupiscentiae

125 1208 210 1263 bonae
231 1210 384 1264 voluntatis
411 1223 511 1264 eorum
538 1207 623 1281 quasi
647 1208 768 1280 simplex
795 1224 915 1279 germen
936 1209 972 1266 de
1026 1210 1166 1266 innocens
1193 1211 1353 1282 virginitas,
1369 1211 1477 1266 nudam
1501 1215 1628 1266 mentem
1643 1210 1680 1266 ab
1707 1209 1788 1265 omni
1808 1210 1873 1264 rin-

125 1297 327 1368 primogenitis
342 1297 439 1369 gregis
465 1296 607 1368 ipsorum,
630 1313 665 1352 ac
681 1296 785 1352 deinde
814 1298 972 1369 perlectum
1026 1301 1091 1356 culo
1112 1300 1306 1372 corruptionis
1322 1300 1441 1368 babens,
1467 1300 1515 1355 sed
1533 1305 1629 1355 tamen
1650 1300 1779 1354 nondum
1806 1314 1873 1370 per-

125 1400 198 1456 opus
220 1385 396 1457 operationis
425 1386 456 1440 in
487 1385 587 1441 cadem
616 1385 764 1441 voluntate
786 1385 902 1441 illorum
927 1404 973 1442 ve-
1026 1389 1098 1446 iectc
1131 1389 1333 1459 fatigationem
1368 1387 1629 1444 tenebrescentium
1667 1387 1875 1459 cogitationum

126 1475 169 1530 lnt
183 1489 299 1530 suarem
321 1475 445 1530 tructam
466 1475 502 1530 de
530 1474 664 1546 adipibus
684 1491 796 1530 corum.
820 1475 874 1531 Sed
894 1477 972 1532 unda
1025 1475 1138 1530 inliliis
1156 1477 1215 1530 suis
1238 1475 1368 1547 quandiu
1388 1477 1416 1530 in
1436 1476 1489 1531 boc
1513 1476 1621 1531 mundo
1643 1480 1711 1531 sunt
1737 1476 1872 1532 deserere

125 1561 257 1632 hociuit,
282 1579 348 1635 quar
374 1564 441 1620 atat
458 1566 549 1620 ιιιιιιι
575 1568 635 1618 tam
659 1562 761 1618 devote
785 1563 893 1620 coluit?
924 1566 970 1620 Fi·
1026 1564 1132 1634 valens,
1157 1565 1203 1620 cui
1233 1569 1328 1620 umen
1343 1569 1376 1620 ut
1402 1565 1523 1632 resistat,
1548 1564 1662 1620 lortiter
1689 1581 1719 1620 se
1741 1563 1873 1637 opponit.
1982 1587 1983 1596 ι

126 1650 198 1707 dalis
211 1651 326 1707 castitas
352 1651 536 1725 integritatis,
561 1651 681 1708 eumad
708 1656 819 1708 ιιιιιιιιι
847 1651 972 1710 devotio·
989 1621 1011 1676 B
1028 1652 1106 1708 Unde
1121 1657 1150 1709 ct
1168 1652 1255 1708 rubra
1276 1653 1373 1708 tunica
1396 1668 1462 1726 que
1485 1651 1560 1708 circa
1575 1653 1662 1724 pedes
1680 1654 1743 1724 ejus
1766 1651 1877 1708 dilituit

126 1756 193 1797 nem
208 1741 373 1812 impulerat.
1025 1740 1169 1808 induitur3
1200 1741 1270 1815 quia
1304 1756 1356 1812 per
1383 1742 1519 1798 sudorem
1547 1740 1654 1798 laboris
1681 1741 1712 1797 in
1741 1740 1878 1796 virtuosis

161 1830 342 1902 Quapropter
363 1828 414 1902 qui
442 1829 472 1884 in
491 1828 707 1885 consecratione
733 1829 970 1899 constitutivae
1026 1830 1164 1901 operibus
1187 1845 1277 1902 usque
1299 1831 1335 1886 ad
1359 1831 1448 1887 ilnem
1475 1832 1539 1887 latae
1560 1835 1588 1886 et
1608 1830 1699 1887 beatae
1721 1829 1874 1902 perfectio·

125 1924 338 1974 sacrosanctum
364 1916 536 1973 sacrificinm
562 1915 666 1972 olierra
693 1917 808 1986 debent,
823 1917 854 1972 in
880 1918 973 1974 suavi·
1027 1917 1072 1972 nis
1097 1922 1271 1988 perseverat,
1295 1918 1403 1974 scilicet
1438 1919 1615 1974 circumdata
1650 1919 1788 1974 varietate
1817 1916 1876 1972 vir·

126 2010 184 2061 tate
210 2006 348 2061 castitatis
381 2005 418 2061 ad
445 2005 536 2061 altare
559 2004 649 2076 ipsius
678 2005 823 2073 accedant,
848 2005 919 2077 quia
947 2005 973 2060 si
1026 2010 1132 2075 tntum,
1156 2006 1238 2062 illum
1253 2007 1370 2062 imitans
1393 2006 1443 2078 qni
1469 2006 1618 2079 plenitudo
1643 2006 1801 2062 sanctitatis
1821 2011 1878 2064 est.
1982 2077 1983 2084 ἵ

125 2093 181 2167 ipsi
208 2100 338 2151 auctores
361 2094 555 2167 corruptionis
572 2098 653 2149 suot:
685 2094 830 2164 quomodo
857 2094 889 2150 in
914 2110 975 2150 cor·
1026 2093 1097 2158 Quae
1117 2094 1205 2149 etiam
1225 2099 1255 2150 ut
1278 2094 1331 2150 tibi
1346 2095 1377 2150 in
1401 2101 1509 2151 secreto
1531 2095 1650 2167 superni
1679 2095 1798 2150 luminis
1827 2111 1876 2150 os-

125 2182 261 2254 ruptiona
287 2183 445 2238 vulneratis
473 2198 594 2237 manum
621 2182 753 2237 salutmis
769 2182 973 2238 medicamenti
1027 2181 1164 2251 tenditur,
1193 2188 1237 2238 est
1258 2183 1472 2240 nobilissimum
1504 2199 1625 2256 germen
1647 2184 1676 2240 in
1700 2183 1808 2240 cmlasti
1830 2184 1878 2238 Je-

125 2271 272 2343 porrigere
301 2273 441 2342 possunt?
466 2273 500 2326 Et
514 2271 580 2326 ideo
608 2276 642 2360 ut
670 2270 735 2327 aliis
757 2275 839 2326 tanto
855 2270 973 2327 liducia-
1026 2269 1162 2334 ruralem,
1191 2270 1323 2326 videlicet
1348 2271 1440 2343 gloria
1469 2276 1496 2328 et
1511 2272 1597 2328 decos
1622 2272 1741 2328 illorum
1770 2271 1820 2342 qui
1838 2271 1878 2326 ob
1982 2273 1983 2300 ι

126 2361 183 2415 lius
207 2360 333 2416 salutare
353 2359 513 2416 remedium
536 2359 668 2415 conterre
698 2359 821 2428 valeant,
848 2359 912 2415 volo
940 2365 973 2415 ut
1027 2374 1155 2414 amorem
1181 2359 1353 2430 virginitatis
1383 2361 1555 2432 sanguinem
1571 2375 1656 2416 suum
1683 2360 1830 2426 fuderunt,
1846 2364 1878 2415 et
1982 2411 1983 2434 ,

128 2448 231 2504 Filiam
252 2459 350 2504 meum
373 2449 404 2504 in
431 2464 531 2504 amore
554 2448 692 2504 castitatis
716 2447 837 2503 viriliter
860 2448 974 2504 imiten·
1028 2449 1078 2520 qui
1115 2449 1202 2503 aliam
1241 2449 1273 2504 in
1306 2448 1430 2504 candore
1474 2448 1645 2504 humilitatis
1679 2447 1876 2520 virginitatem
1982 2443 1983 2512 ξ

127 2543 184 2593 ιιι.
208 2537 289 2603 Quod
310 2538 335 2593 si
360 2538 525 2606 ceciderint,
540 2536 676 2593 festinent
693 2541 726 2593 ut
747 2537 832 2593 citius
847 2553 901 2608 per
914 2555 973 2610 por·
1027 2551 1109 2592 suam
1131 2553 1184 2608 pro
1212 2537 1325 2594 Christo
1347 2537 1539 2602 observantes,
1573 2538 1602 2592 in
1633 2537 1772 2592 suavitate
1795 2537 1878 2607 pacis

127 2626 278 2682 nitentium
301 2631 430 2698 surgant,
451 2630 480 2682 et
511 2626 543 2680 in
572 2627 627 2682 boc
646 2626 838 2698 ignominiam
864 2626 974 2698 peccati
1027 2629 1207 2700 quieverunt,
1241 2626 1379 2697 quoniam
1410 2625 1474 2698 ipsa
1497 2626 1569 2681 Filio
1598 2624 1802 2697 omnipotentis
1823 2624 1876 2680 liei

127 2715 205 2771 velut
241 2715 313 2771 nudi
350 2715 473 2787 fugiant,
503 2713 649 2770 salubrem
668 2715 842 2788 medicinam
875 2716 973 2788 requi·
1028 2715 1079 2787 qui
1109 2730 1160 2770 rex
1189 2719 1357 2770 cunctorum
1395 2720 1438 2768 cst
1454 2715 1635 2786 desponsata,
1665 2713 1877 2769 nobilissimam

126 2807 233 2870 rentes,
265 2807 295 2859 et
324 2803 395 2860 abet
426 2803 509 2875 cujus
540 2803 713 2860 sacrificium
736 2804 794 2860 lieo
824 2808 972 2874 acceptum
1028 2803 1150 2876 prolem,
1165 2803 1195 2858 id
1213 2809 1257 2859 ast
1271 2803 1518 2875 elegantissimum
1533 2804 1654 2858 chorum
1677 2802 1823 2874 virginum
1846 2802 1878 2858 ei

127 2897 198 2961 erat,
226 2892 350 2948 fideliter
382 2898 544 2966 sequentes.
569 2892 623 2949 Sed
646 2893 697 2965 qui
721 2909 755 2948 er
777 2893 814 2949 iis
842 2893 874 2949 in
895 2894 973 2949 clau·
992 2915 1013 2974 C
1029 2889 1159 2963 protulit,
1185 2906 1250 2946 cum
1274 2889 1306 2946 in
1331 2906 1401 2964 paca
1424 2890 1556 2948 Ecclesiae
1585 2889 1738 2963 proficiens
1760 2889 1876 2946 confor-

127 2996 196 3036 sura
214 2980 400 3052 subjectionis
424 2982 455 3036 in
475 2997 571 3037 amora
596 2981 660 3037 Filii
687 2981 745 3037 mei
765 2999 795 3036 sa
813 2983 972 3050 continent,
1029 2984 1088 3036 tata
1100 2985 1152 3036 est.

128 3068 202 3124 etin
217 3070 345 3126 moribus
360 3069 420 3125 suis
433 3068 645 3126 institutionem
659 3084 814 3141 pravorum
824 3085 912 3141 quam
927 3085 974 3125 me
1062 3068 1143 3134 Quod
1158 3073 1254 3124 autem
1283 3068 1357 3124 circa
1383 3068 1514 3124 eamdem
1543 3067 1668 3140 puellam
1683 3067 1761 3123 rides
1781 3067 1876 3123 maxi·

23 3169 27 3174 ’
127 3157 462 3230 inspiranteprolcrunt,
490 3158 652 3226 observant,
679 3159 904 3214 sollicitudiuem
927 3174 974 3213 cn·
1028 3172 1105 3212 maur
1134 3156 1247 3213 turbam
1270 3157 1427 3234 ¹hominnm
1457 3156 1626 3213 lucidiorem
1654 3158 1714 3212 sole
1736 3160 1875 3224 stantem,
1982 3235 1983 3238 Ἴ

128 3246 247 3302 rationis
281 3245 541 3319 pigmentariorum
580 3263 640 3303 non
680 3246 833 3315 habentes;
875 3252 974 3302 umen
1028 3245 1078 3320 qni
1092 3262 1193 3302 omnes
1214 3245 1287 3301 miro
1302 3246 1389 3302 modo
1409 3261 1479 3301 auro
1495 3252 1525 3300 et
1538 3245 1661 3317 gemmis
1674 3245 1769 3302 ornati
1791 3249 1874 3301 sunt:

128 3335 258 3406 quamvis
274 3351 364 3390 onera
386 3335 539 3404 anxietatis
559 3350 660 3391 eorum
687 3351 747 3392 non
772 3339 883 3407 garant,
902 3351 974 3408 quo·
1027 3332 1081 3388 boc
1103 3338 1146 3389 ast
1172 3334 1265 3406 quoad
1290 3333 1497 3390 ardentissimis
1525 3335 1703 3406 amplexibus
1728 3333 1874 3390 nobilissi-

128 3423 207 3478 niam
233 3428 352 3495 propter
379 3430 486 3479 aeterna
513 3424 633 3495 praemia
655 3423 884 3496 majoribussuis
906 3423 974 3480 sub·
1029 3437 1105 3477 mam
1141 3421 1335 3494 virginitatem
1377 3421 1539 3494 precipuus
1584 3421 1688 3478 chorus
1727 3423 1876 3495 virginum

124 3512 194 3583 jecti
217 3518 294 3580 sunt,
328 3529 394 3568 cum
429 3513 539 3568 eisdem
578 3512 780 3584 pigmentariis
818 3529 972 3584 supernam
1027 3511 1238 3583 complectitur,
1259 3513 1309 3583 qui
1329 3527 1429 3567 omnes
1456 3510 1615 3567 ardentiori
1634 3513 1764 3567 claritate
1777 3527 1876 3568 coram

128 3599 288 3656 mercedem
303 3600 334 3656 in
352 3601 442 3656 electa
453 3601 567 3658 civitate
582 3600 697 3658 sibimet
712 3601 874 3673 acquirunt.
1029 3602 1087 3657 Deo
1103 3601 1216 3671 fulgent
1230 3615 1317 3672 quam
1343 3600 1385 3654 sol
1407 3598 1529 3655 interra
1552 3607 1699 3671 appareat,
1716 3598 1784 3671 quia
1803 3615 1832 3654 sa
1848 3598 1875 3654 i-

163 3687 246 3754 Quod
265 3694 363 3746 autem
385 3689 464 3745 rides
482 3690 620 3761 quoniam
639 3678 661 3745 a'
683 3694 800 3762 gutture
824 3705 913 3762 usquc
937 3691 972 3745 ad
1027 3705 1094 3762 psos
1136 3688 1345 3756 conculcantes,
1378 3693 1499 3743 mortam
1537 3687 1657 3744 viriliter
1695 3688 1873 3756 devicerunt,

127 3777 297 3833 umbilicum
317 3779 408 3851 ipsius
428 3779 566 3850 imaginis
591 3778 709 3850 quidam
728 3779 803 3834 alius
838 3778 974 3849 splendor
1028 3777 1104 3832 unde
1118 3775 1206 3831 etiam
1230 3775 1400 3831 mirabiliter
1415 3775 1446 3830 in
1470 3791 1584 3832 summa
1602 3775 1743 3848 sapientia
1757 3781 1878 3850 propter

128 3865 214 3921 rubei
234 3866 337 3922 coloris
364 3883 431 3922 eum
457 3867 630 3924 circumdat:
664 3867 720 3922 boc
743 3872 787 3922 est
810 3867 880 3938 quia
910 3872 973 3938 post
1027 3864 1184 3920 clar-issima
1211 3879 1298 3935 opera
1326 3879 1391 3936 que
1420 3879 1472 3936 pro
1496 3864 1609 3920 Christo
1638 3864 1789 3919 humiliter
1807 3879 1877 3936 ges-

128 3954 288 4010 doctrinam
313 3957 507 4027 apostolorum
530 3971 596 4010 cum
624 3955 748 4011 Ecclesia
776 3956 816 4010 ιιι
838 3956 975 4010 roborata
1028 3957 1136 4024 serunt,
1168 3952 1371 4008 decentissime
1411 3957 1597 4009 exornantur.
1637 3953 1818 4024 Quapropter
1847 3957 1878 4006 et

129 4043 281 4114 estquod
305 4042 460 4099 salutarem
485 4044 581 4099 cibum
604 4043 743 4099 veraciter
763 4042 853 4097 valuit
868 4043 973 4099 discer-
1028 4041 1145 4113 quidam
1174 4041 1291 4096 illorum
1323 4041 1353 4096 in
1373 4040 1514 4113 capitibus
1550 4041 1610 4096 suis
1635 4041 1721 4096 velati
1744 4039 1876 4096 candidis

129 4144 209 4196 nere,
224 4136 254 4185 et
269 4146 336 4186 eum
366 4131 401 4186 ad
425 4130 564 4186 interiora
591 4130 768 4186 fortitudinis
793 4146 853 4186 suae
880 4136 972 4186 trans·
1027 4129 1216 4188 velaminibus
1241 4145 1329 4185 aurea
1358 4146 1430 4186 zoua
1470 4129 1673 4185 circumornati
1699 4135 1776 4195 sunt,
1808 4129 1876 4200 quia

128 4217 254 4288 mittere,
277 4219 399 4274 surrexit
426 4219 604 4276 nobilissima
622 4220 759 4290 perfactio
775 4220 971 4276 ecclesiasticae
989 4213 1012 4267 ι)
1027 4218 1084 4290 ipsi
1113 4218 1145 4273 in
1166 4216 1261 4289 gloria
1292 4217 1466 4289 virginitatis
1491 4217 1646 4288 fulgentes,
1678 4216 1877 4272 demonstrant

128 4305 286 4378 religionis,
301 4324 367 4380 quae
381 4323 537 4380 supernam
564 4308 746 4365 dulcedinem
773 4310 907 4381 flagranti
928 4326 974 4366 ar·
1028 4307 1105 4378 qnod
1138 4306 1160 4360 ii
1182 4305 1233 4377 qni
1268 4306 1355 4360 docus
1390 4304 1561 4376 virginitatis
1589 4308 1737 4376 appetunt,
1766 4309 1876 4359 mentes

129 4389 200 4446 dore
228 4392 398 4464 degustavit,
423 4399 452 4450 et
476 4410 507 4450 sa
531 4395 690 4465 asperrima
715 4395 918 4466 constringens
938 4395 974 4450 ad
1028 4411 1092 4450 suas
1107 4394 1143 4451 ab
1171 4394 1251 4450 omni
1278 4393 1365 4450 noxio
1394 4394 1487 4449 calore
1518 4395 1734 4465 circumtegant,
1750 4398 1779 4448 et
1803 4409 1875 4448 can-

128 4478 288 4537 coctionem
313 4483 475 4538 secretioris
502 4482 682 4539 fortitudinis
704 4499 735 4538 se
756 4483 890 4551 tetendit,
914 4499 974 4540 non
1028 4483 1128 4539 dorem
1160 4482 1331 4538 innocentiae
1370 4481 1567 4553 pulcherrimo
1599 4481 1710 4554 fulgore
1738 4481 1874 4538 castitatis

128 4571 226 4623 tamen
249 4570 285 4624 ad
299 4570 470 4626 divisionem
497 4571 621 4627 carnalis
648 4571 848 4627 amaritudinis
876 4586 974 4644 perre-
1028 4571 1155 4628 decorati
1170 4571 1295 4628 fideliter
1315 4570 1541 4642 apprehendant.
1571 4571 1664 4643 Supra
1679 4586 1802 4643 quorum
1817 4571 1874 4626 rir-

128 4655 223 4723 niens,
255 4659 393 4730 quoniam
435 4660 569 4730 copulam
600 4659 736 4715 humane
763 4660 974 4732 conjunctionis
1027 4663 1102 4716 tutas
1114 4661 1273 4716 similitudo
1295 4659 1449 4716 ineffabilis
1470 4660 1627 4728 Trinitatis,
1651 4659 1740 4716 veluti
1759 4659 1809 4716 tibi
1826 4675 1875 4715 su-

128 4745 241 4816 abjecit.
259 4747 430 4813 Quomodo?
442 4747 515 4804 Nam
545 4748 622 4804 idem
638 4748 774 4820 splendor
798 4749 833 4804 de
857 4755 975 4822 gutture
1028 4750 1124 4822 parius
1151 4749 1245 4820 typice
1262 4749 1457 4804 demonstrata
1484 4754 1537 4816 est,
1553 4749 1635 4820 quasi
1649 4748 1681 4804 in
1703 4748 1819 4821 spboera
1845 4747 1876 4804 in

127 4835 278 4904 usquead
304 4837 393 4892 ubera
418 4836 495 4892 iliius
525 4837 605 4893 velut
627 4853 731 4893 aurora
760 4837 871 4908 rutilat,
905 4854 975 4911 quo
1028 4838 1098 4910 ipsis
1125 4836 1316 4894 velaminibus
1340 4838 1448 4908 sculpta
1464 4844 1593 4910 apparat,
1622 4838 1760 4910 quoniam
1779 4842 1876 4893 osten·

127 4919 207 4978 niam
220 4922 271 4978 illa
300 4925 437 4996 perfectio
460 4930 584 4998 agusta
611 4925 751 4982 mirabilis
777 4926 974 4998 vegetationis,
1028 4927 1101 4982 dunt
1115 4925 1193 4998 quod
1219 4925 1394 4982 intentiones
1423 4925 1574 4982 bominum
1602 4926 1740 4982 honorem
1771 4941 1876 4998 supar-

127 5009 164 5065 ad
188 5011 354 5068 dulcissima
385 5014 563 5071 autumenta
597 5015 795 5070 ecclesiastice
827 5015 975 5088 religionis
1027 5032 1073 5072 nee
1089 5013 1260 5087 etgloriosae
1276 5013 1424 5070 Trinitatis
1439 5014 1483 5086 (ut
1508 5013 1605 5070 tibiin
1620 5014 1782 5070 ostensione
1799 5030 1876 5086 mys-

128 5097 159 5152 in
194 5099 325 5172 virginea
363 5101 545 5172 jucunditate
574 5117 605 5157 se
646 5102 785 5170 dilatavit,
825 5103 865 5158 ita
897 5104 975 5176 quod
1027 5103 1093 5159 terii
1108 5103 1257 5158 verissime
1281 5103 1485 5174 presignatum
1505 5102 1559 5172 est)
1580 5102 1611 5157 in
1637 5102 1878 5174 comprehensio-

129 5187 216 5244 etiam
230 5189 268 5244 ab
286 5189 425 5246 uberibus
439 5189 582 5263 usquead
602 5190 769 5247 umbilicum
791 5191 870 5247 illius
892 5191 977 5264 quasi
1027 5211 1064 5251 ne
1085 5193 1191 5249 amoris
1207 5196 1236 5247 et
1260 5191 1416 5248 stabilitate
1439 5191 1576 5246 castitatis
1592 5191 1714 5248 tirmiter
1744 5197 1772 5246 at
1799 5195 1877 5248 stre-

129 5290 258 5346 purpura
270 5270 425 5350 hyacintho
448 5279 611 5335 intermista
633 5278 734 5352 fulget,
756 5279 827 5352 quia
854 5281 975 5338 anobi·
1027 5296 1084 5338 nue
1111 5285 1236 5336 teneant.
1263 5277 1345 5346 Quod
1365 5284 1394 5335 at
1421 5279 1607 5334 intrantibus
1631 5280 1760 5352 ipsorum
1775 5281 1877 5351 Agnus

131 5361 245 5420 lissimis
279 5365 498 5424 educationibus
522 5369 559 5423 ad
591 5367 825 5424 constrictionem
864 5369 975 5426 intimes
1029 5368 1080 5430 liei
1093 5384 1126 5424 ec
1139 5369 1170 5424 ιιι
1190 5369 1264 5424 collo
1292 5383 1393 5424 eorum
1417 5368 1527 5440 species
1547 5368 1684 5440 bominis,
1701 5374 1731 5424 et
1754 5368 1785 5424 in
1802 5368 1876 5424 dex-

130 5453 268 5510 caatitatis
285 5472 314 5511 se
340 5457 486 5525 muniunt,
519 5455 652 5530 passione
671 5457 806 5515 videlicet
827 5458 891 5516 l'ilii
916 5459 974 5516 mai
1027 5463 1088 5515 tera
1116 5473 1185 5514 aare
1214 5456 1363 5527 cherubin,
1380 5461 1409 5514 et
1426 5455 1457 5513 in
1485 5455 1599 5514 sinistra
1621 5456 1676 5514 alia
1697 5456 1805 5530 specics
1820 5474 1875 5514 an-
