3984 6034
144 209 209 266 4444
870 207 1157 266 summanus
1832 211 1913 266 ress
1972 187 1973 252 l

142 337 277 413 operibus
290 338 349 396 ileo
368 336 519 406 servierat;
536 341 566 393 44
587 336 638 392 ubi
658 335 720 410 ipse
734 353 767 392 sr
788 337 843 394 hac
858 337 916 394 vita
933 337 986 393 mi·
1006 339 1134 395 4444444
1148 339 1223 396 lacte
1237 343 1317 407 sunt,
1339 340 1406 412 plus
1420 343 1449 396 st
1474 339 1680 412 negligentius,
1702 356 1791 414 quam
1814 341 1915 398 debe·

106 501 111 507 .
142 445 239 502 gaus,
260 426 373 483 felicem
400 425 534 498 spiritum
566 426 687 482 Domino
715 426 887 482 reddiderat.
919 427 991 484 llam
1045 433 1118 490 rent,
1149 427 1322 498 gaudebant,
1348 426 1478 483 undeet
1502 428 1605 484 amodo
1626 433 1705 484 tanta
1732 429 1914 501 trequente-

143 522 209 588 post
237 516 390 584 transitum
423 515 496 587 ejus,
526 515 698 587 quibusdam
724 514 808 570 aunis
831 515 989 583 transactis,
1045 516 1123 570 tione
1147 532 1205 571 uon
1229 515 1418 589 apparebant,
1444 521 1477 572 ut
1491 517 1570 589 prius
1593 533 1734 590 apparare
1753 518 1910 574 solebant

144 622 250 680 magua
272 621 405 677 pressura
426 594 568 660 bellorum
592 620 708 660 omnem
732 604 899 676 praedictam
923 620 992 676 pro·
1047 604 1100 660 4444
1119 609 1215 660 sutem
1237 620 1326 677 opera
1347 604 1469 675 Spiritus
1483 607 1573 662 sancti
1587 606 1723 664 videntur
1739 613 1769 664 at
1787 623 1912 679 coguo-

144 695 266 751 riuciaur
289 694 457 766 occupavit:
479 693 519 748 ila
534 694 609 760 quod
633 694 762 766 quidam,
782 694 932 766 tyrannica
946 709 991 748 ra·
1047 699 1174 760 suuntur,
1195 694 1244 748 sed
1268 700 1364 749 4444444
1391 695 1418 746 iu
1445 695 1640 752 ostensionem
1662 696 1821 764 ducuntur,
1847 695 1914 750 illic

144 785 191 842 bie
214 783 461 856 supervenientes,
476 787 572 852 partes
595 788 624 836 et
646 788 738 838 terras
754 783 853 838 Rheno
870 781 996 837 circum·
1047 782 1123 837 idem
1142 781 1265 853 Spiritus
1287 789 1400 838 4444444
1429 785 1578 855 usquead
1604 784 1794 840 novissimum
1827 800 1909 856 qua·

146 887 260 947 quaqua
285 872 446 944 contiguas,
469 886 536 925 cum
569 869 668 926 eadem
692 871 841 941 provincia
865 872 993 926 4444444-
1048 867 1180 924 drentem
1192 868 1562 940 judicialtpeoaeamdsm
1576 870 1765 928 offensionem
1783 870 1910 928 exami-

146 963 231 1030 hent;
271 978 329 1033 quo
359 961 479 1015 horrore
500 963 529 1016 et
562 958 665 1014 timore
699 957 863 1016 habitantes
894 960 925 1014 in
953 958 994 1014 eis
1049 955 1136 1012 nevit.

146 1048 303 1122 perterriti,
319 1062 491 1119 quocunque
514 1050 656 1116 poterant,
677 1046 825 1116 fugeruut.
848 1044 995 1115 Principes
1084 1048 1128 1100 45.
1150 1044 1278 1116 Cumque
1299 1045 1335 1100 ed
1359 1045 1524 1117 sepulerum
1548 1047 1624 1103 beati
1642 1047 1729 1119 huius
1745 1046 1843 1104 Patris
1865 1047 1910 1102 si·

147 1143 243 1194 autam
271 1135 442 1208 supradicte
469 1133 624 1206 provincie
645 1149 711 1189 cum
734 1133 846 1207 reliquo
874 1131 994 1204 populo,
1050 1149 1108 1206 gna
1122 1138 1151 1189 44
1174 1133 1313 1188 miracula
1326 1133 1391 1189 lieri
1404 1140 1570 1203 cessassent,
1587 1151 1653 1190 eum
1672 1140 1769 1191 tamen
1789 1135 1908 1207 posteri

150 1225 303 1299 prelatum
327 1228 456 1279 moutam
480 1223 570 1278 altum
586 1228 615 1277 et
636 1221 890 1294 inexpugnabilem
903 1220 992 1278 scien·
1051 1223 1113 1293 eJus
1125 1221 1222 1277 mullis
1236 1221 1320 1278 annis
1330 1221 1485 1279 transitum
1499 1222 1589 1296 ipsius
1606 1224 1643 1280 ad
1661 1225 1751 1280 Deum
1764 1225 1909 1296 religiose

148 1321 202 1384 tea,
226 1329 292 1369 cnm
316 1312 408 1368 multa
427 1310 621 1374 testinatione,
635 1316 791 1382 antequam
813 1310 849 1365 eh
868 1307 998 1365 hostibus
1051 1315 1262 1374 conservarent,
1278 1311 1396 1366 taudem
1415 1311 1458 1368 illi
1481 1328 1546 1367 cum
1568 1312 1698 1383 suspiriis
1713 1313 1791 1368 intra
1808 1329 1842 1370 se
1858 1330 1910 1387 ge-

150 1407 349 1474 occupsretur,
365 1400 531 1457 nolentibus
550 1398 689 1455 fratribus
704 1399 811 1455 ibidem
830 1399 888 1455 lieo
903 1399 995 1454 famu·
1051 1395 1170 1464 mentes,
1195 1398 1292 1454 divino
1315 1404 1388 1455 nutu
1411 1400 1554 1456 recordati
1576 1407 1653 1469 sunt,
1679 1402 1756 1473 qnod
1774 1404 1909 1474 peccatis

150 1492 285 1560 lantibus,
310 1505 398 1562 aupar
416 1504 482 1544 eum
505 1488 652 1561 legerunt,
668 1504 699 1542 ac
714 1488 806 1544 lirnris
825 1502 893 1542 eum
908 1485 999 1541 muris
1052 1487 1110 1541 auis
1133 1486 1325 1558 exigentibus,
1354 1488 1429 1542 Deus
1448 1499 1567 1543 manum
1592 1505 1672 1543 suam
1700 1490 1731 1544 in
1761 1489 1911 1561 prodigiis

151 1581 316 1636 munientes
342 1577 506 1633 habitacula
535 1576 567 1632 in
594 1592 628 1632 en
651 1575 798 1644 lecerunt,
811 1575 996 1642 confidentes,
1018 1574 1258 1670 Bmiraculorum
1275 1574 1316 1631 ibi
1338 1576 1534 1644 subtraxisset,
1562 1581 1591 1632 et
1611 1577 1688 1649 quod
1707 1593 1742 1632 ea
1770 1577 1909 1633 nonnisi

151 1668 228 1740 quod
242 1672 301 1722 tam
320 1681 373 1738 par
395 1664 497 1720 merila
510 1663 588 1720 beati
610 1664 749 1732 Disihodi,
762 1679 849 1736 quam
870 1679 998 1734 permu-
1052 1663 1208 1729 interdum,
1235 1663 1272 1719 oh
1294 1664 1464 1720 memoriam
1487 1663 1617 1736 ejusdem
1638 1665 1740 1733 sancti,
1765 1665 1908 1722 ostende-

152 1757 289 1813 uimeuta¹
304 1753 432 1826 ejusdem
455 1753 574 1821 montis,
599 1770 617 1809 a
650 1753 788 1825 predicte
814 1751 922 1807 crudeli
950 1755 999 1824 ty·
1051 1757 1106 1820 ret,
1124 1767 1213 1824 seque
1237 1758 1412 1821 accusantes,
1439 1752 1475 1808 44
1506 1753 1628 1808 invicem
1651 1753 1805 1809 dixerunt:
1828 1754 1906 1820 0444

153 1843 275 1900 renuide
289 1845 469 1898 eruerentur.
1051 1840 1172 1896 lecimus
1193 1838 1224 1895 iu
1246 1839 1421 1912 negligentia
1444 1845 1601 1911 torpentes,
1623 1840 1702 1912 quod
1732 1841 1812 1897 hunc
1835 1857 1907 1896 sau·

188 1933 233 1988 43.
255 1933 318 1988 Prae
343 1929 529 1985 multitudine
551 1935 660 1998 autern,
682 1933 711 1984 44
733 1928 935 2001 inquietudine
947 1927 1001 1984 ho·
1052 1934 1128 1985 ctum
1146 1928 1196 1984 Dei
1209 1945 1267 1984 non
1289 1933 1472 1993 venerantur,
1488 1943 1553 1984 curu
1572 1928 1699 2000 plurima
1721 1929 1863 1984 miracula
1878 1935 1908 1983 et

153 2021 268 2076 minum
293 2018 410 2073 illorum
432 2016 482 2088 qui
506 2016 601 2087 ipsum
631 2022 759 2072 montem
782 2020 998 2088 occupaverant,
1052 2018 1129 2075 hona
1163 2023 1281 2092 propter
1309 2017 1413 2074 merita
1440 2015 1531 2088 ipsius
1557 2017 1658 2072 4444444
1685 2017 1770 2073 uobis
1807 2017 1905 2072 Deus?

154 2106 340 2180 congregatio
376 2107 499 2161 fratrum
534 2104 607 2161 inihi
640 2107 697 2160 lteo
723 2105 939 2174 famulantium,
969 2104 1001 2159 iu
1053 2107 1151 2180 ltaque
1173 2107 1296 2178 maiores
1316 2110 1385 2162 natu
1409 2105 1538 2177 ejusdem
1561 2105 1714 2178 provincie
1734 2109 1761 2160 st
1784 2104 1905 2177 sapien·

157 2196 253 2269 quiete
286 2209 415 2262 manere,
439 2198 468 2248 st
493 2193 550 2248 Deo
573 2193 604 2250 in
628 2193 797 2249 rectitudine
815 2193 921 2249 servire
942 2209 1002 2250 non
1053 2199 1095 2251 les
1117 2211 1247 2268 quosque
1277 2194 1426 2260 adeuntes,
1459 2194 1669 2266 consiliumque
1692 2193 1728 2250 ab
1755 2193 1796 2250 eis
1829 2195 1903 2249 aeci-

155 2282 299 2352 valebant,
330 2288 359 2337 ct
389 2281 455 2337 ideo
487 2281 607 2337 consilio
633 2286 662 2336 et
696 2285 798 2352 rogatu
832 2280 1001 2336 eorumdem
1054 2282 1176 2354 pientes,
1195 2299 1261 2338 cum
1284 2297 1426 2337 consensu
1440 2285 1470 2336 44
1492 2281 1661 2336 auctoritate
1676 2280 1827 2342 Bonifscii,
1843 2279 1902 2336 14-

155 2371 322 2444 principum
336 2375 366 2427 44
378 2369 529 2426 hominnm
542 2371 575 2446 in
583 2370 753 2443 longinquas
768 2368 900 2440 regiones
912 2368 1002 2424 iidem
1055 2370 1185 2442 guatinas
1202 2370 1276 2426 sedis
1300 2368 1446 2436 antistitis,
1478 2373 1592 2441 tempus
1612 2375 1641 2425 et
1667 2369 1744 2426 44444
1772 2370 1905 2441 praelixa·

155 2459 259 2516 iratres
277 2475 307 2514 se
329 2459 488 2516 diviserunt
509 2457 589 2531 (quia
623 2458 829 2531 promittebant
851 2457 902 2525 eis,
924 2456 1003 2529 quod
1055 2463 1133 2526 runt,
1157 2474 1215 2531 quo
1238 2473 1302 2514 ossa
1330 2456 1408 2514 beati
1429 2456 1556 2514 liisihodi
1581 2457 1738 2524 elevarent,
1765 2457 1904 2529 diemque

156 2552 222 2620 post
243 2547 444 2604 tribulationes
465 2553 494 2603 et
518 2548 632 2603 labores
654 2547 737 2615 istos,
766 2546 924 2602 honorilice
952 2561 1003 2601 eos
1054 2546 1132 2602 huuc
1156 2563 1209 2618 per
1233 2561 1349 2602 omnem
1365 2544 1505 2619 populum
1524 2546 1653 2618 ejusdem
1669 2550 1754 2601 terre
1775 2545 1905 2617 divulga·

157 2636 338 2706 reducerent)
356 2635 480 2706 erceptis
503 2634 676 2708 quibusdam
697 2635 797 2708 paucis
821 2643 849 2691 et
870 2634 1004 2706 perfectis
1056 2640 1127 2692 rent
1144 2636 1176 2690 Et
1194 2651 1259 2690 cum
1279 2633 1339 2689 dies
1354 2634 1490 2706 prelixus
1505 2634 1676 2702 advenisset,
1689 2634 1904 2706 multitudoque

157 2724 237 2793 viris,
258 2724 310 2796 qui
328 2724 366 2780 ad
388 2724 518 2779 tumbam
545 2723 624 2779 beati
646 2724 710 2792 viri,
734 2723 868 2778 videlicet
889 2723 1003 2797 patroni
1056 2723 1156 2796 populi
1179 2723 1357 2792 accurrisset,
1386 2727 1524 2796 presente
1552 2723 1672 2794 prelato
1695 2724 1834 2790 antistite,
1860 2741 1904 2778 se·

158 2812 211 2881 soi,
236 2815 267 2868 ut
290 2829 353 2868 eam
382 2812 414 2869 in
435 2812 545 2868 honore
577 2817 733 2881 servarent,
754 2828 784 2868 ae
809 2813 1002 2881 contulerunt,
1057 2813 1188 2884 pulcrum
1213 2812 1303 2868 sancti
1324 2811 1376 2870 viri
1403 2812 1552 2880 adeuntes,
1572 2827 1637 2868 cum
1662 2828 1767 2884 magna
1790 2827 1905 2868 venera-

158 2901 209 2972 qui
233 2900 320 2958 ctiam
343 2900 527 2972 perfectionis
558 2906 641 2976 erant
663 2905 761 2970 tonte,
788 2901 865 2973 qnod
887 2917 939 2956 nec
967 2900 1003 2957 ds
1022 2901 1136 2962 ctione
1160 2918 1224 2958 ossa
1249 2901 1417 2974 cineresque
1446 2901 1509 2970 ejus
1531 2902 1719 2971 sustulerunt,
1748 2915 1840 2974 eaque
1868 2902 1903 2957 ds

158 2991 217 3044 rita
242 3006 294 3046 aua
313 2989 473 3062 quidquam
495 2989 643 3045 curabant.
657 2988 826 3061 Supradicta
844 3005 911 3045 uero
931 2989 1004 3044 effli-
1059 2990 1227 3048 umbraculo
1252 2989 1382 3055 oratorii,
1410 2989 1441 3044 in
1471 3004 1529 3060 quo
1553 2991 1696 3044 tumulata
1727 2989 1902 3057 lucrantia

157 3077 215 3134 ctio
235 3079 303 3151 (58),
320 3095 379 3136 uon
394 3080 552 3151 permulta
569 3083 699 3148 tempora
715 3094 856 3134 annorum
871 3078 1002 3146 durabat,

159 3167 208 3222 sed
223 3169 370 3239 provincie
391 3166 483 3223 heca
505 3166 657 3238 tyrannide
680 3166 885 3222 incursantium
909 3166 1005 3222 iuimi-

159 3269 258 3309 corum
282 3271 335 3325 per
355 3253 532 3324 adjutorium
556 3253 608 3309 usi
627 3253 811 3310 liberabatur.
837 3255 899 3321 Quo
929 3254 1004 3310 lacto

159 3342 191 3408 ii,
212 3342 263 3413 qui
285 3342 419 3397 eumdem
440 3347 569 3398 montem
589 3348 808 3415 occupaverant,
824 3343 1005 3414 pollicitatio-

160 3430 204 3484 nis
225 3447 283 3485 soe
302 3431 494 3499 recordantes,
513 3431 648 3488 timerem
676 3449 791 3505 quoque
816 3432 868 3488 nsi
889 3433 1006 3489 intuen-

160 3524 211 3586 tes,
234 3518 337 3574 iratres
367 3519 537 3591 supradicte
568 3520 811 3592 congregationis,
839 3520 1005 3592 ubicunque

159 3610 305 3676 poterant,
321 3607 540 3680 investigabant,
559 3613 588 3662 44
607 3625 656 3663 eos
676 3624 742 3663 cunr
767 3624 870 3679 magun
895 3607 1005 3663 honore

159 3693 344 3763 reducebant,
364 3701 452 3768 etque
476 3696 585 3759 omnia,
601 3712 666 3768 que
691 3696 730 3752 ibi
749 3700 960 3767 congesserant,
977 3700 1006 3751 44

159 3798 224 3854 que
247 3783 287 3839 ibi
309 3784 529 3853 edificaverant,
546 3801 611 3840 curn
632 3784 1004 3857 majoribus-lacultstibus,

159 3872 406 3945 amplioribusque
421 3873 546 3943 allodiis,
561 3889 648 3945 quam
672 3875 751 3946 prins
768 3873 810 3930 illi
826 3873 1003 3940 habuissent,

159 3960 200 4016 eis
215 3963 408 4018 contulerunt.

195 4049 240 4104 44.
257 4049 336 4105 Unde
352 4049 459 4105 lactum
484 4054 537 4118 sat,
553 4049 630 4122 quod
648 4049 807 4104 secuudum
822 4048 908 4104 verba
926 4048 1003 4105 beati

1059 3079 1276 3144 monasterium,
1310 3093 1383 3150 pene
1419 3093 1517 3132 444444
1558 3076 1733 3134 occidentem
1772 3079 1902 3150 ejusdem

1059 3167 1166 3223 montis
1188 3172 1394 3234 constructum,
1420 3183 1487 3222 cum
1501 3167 1674 3239 hymnorum
1692 3167 1822 3224 laudibus
1843 3183 1901 3224 nsa-

1059 3257 1183 3327 gnisqua
1195 3256 1372 3328 populorum
1386 3255 1512 3322 vocibus,
1528 3263 1593 3327 post
1604 3255 1745 3327 plurimos
1758 3256 1902 3328 migratio·

1060 3344 1105 3400 nis
1128 3344 1190 3415 ejus
1212 3344 1247 3399 ad
1269 3343 1425 3400 Dominum
1450 3358 1552 3410 anuos,
1581 3343 1801 3412 transferebant,
1826 3351 1854 3400 44
1874 3345 1902 3400 in

1060 3432 1121 3488 leco
1136 3433 1170 3488 ad
1182 3433 1235 3488 lanc
1249 3437 1410 3504 praeparato
1422 3431 1582 3488 honorifice
1596 3432 1769 3488 condebant.

1094 3522 1140 3577 46.
1163 3521 1218 3576 Sed
1240 3521 1324 3588 44444,
1352 3520 1402 3592 qui
1427 3521 1538 3576 occulta
1559 3521 1648 3588 novit,
1672 3520 1778 3576 iterum
1802 3522 1902 3577 merila

1059 3609 1207 3666 seuctiani
1225 3609 1296 3666 inibi
1315 3608 1517 3678 manileatavil,
1531 3609 1571 3664 444
1590 3609 1667 3682 quod
1683 3610 1715 3664 in
1731 3610 1831 3665 eodem
1846 3611 1900 3676 die,

1059 3699 1176 3756 iuterim
1193 3699 1263 3754 dum
1276 3699 1337 3756 hec
1349 3697 1467 3765 liabent,
1482 3698 1601 3770 quidem
1611 3699 1787 3770 hydropicus
1796 3699 1901 3771 aliique

1059 3787 1179 3856 intirmi,
1206 3787 1318 3841 diversa
1352 3785 1520 3841 infirmitate
1546 3785 1667 3858 gravati,
1691 3787 1784 3842 curati
1809 3792 1899 3842 sunt:

1059 3880 1088 3932 44
1101 3875 1177 3947 quod
1205 3874 1330 3946 gravius,
1355 3873 1541 3929 suavissimus
1566 3873 1645 3942 odor,
1665 3874 1761 3947 quiin
1782 3876 1898 3930 transito

1059 3963 1121 4035 ejus
1143 3967 1323 4036 apparuerat,
1340 3967 1398 4016 tole
1413 3962 1458 4017 die
1471 3962 1521 4017 illa
1533 3963 1639 4018 iterum
1654 3963 1728 4018 44444
1746 3962 1899 4035 fragrantis

1058 4057 1227 4124 appareret;
1243 4051 1319 4107 unde
1340 4051 1447 4106 lactum
1471 4057 1524 4120 444,
1540 4051 1620 4138 quod!
1633 4052 1757 4122 populus
1774 4050 1896 4123 ejusdam

160 4135 288 4204 ltisiholi,
312 4153 376 4208 que
410 4137 506 4192 vivens
539 4136 721 4208 predixerat,
754 4136 909 4193 novissima
932 4143 1005 4192 tem·
1057 4139 1223 4212 provincie,
1250 4141 1328 4196 diem
1357 4139 1523 4205 annualem,
1552 4155 1610 4210 quo
1638 4140 1698 4194 trec
1725 4139 1800 4194 44444
1823 4146 1895 4204 4444,

159 4239 231 4295 pora
253 4241 354 4280 eorum
376 4225 520 4297 prioribus
552 4227 672 4281 meliora
693 4232 722 4280 et
736 4224 917 4298 prosperiora
937 4235 1004 4298 post
1023 4189 1192 4300 ”diemque
1209 4225 1387 4299 migrationis
1398 4225 1505 4296 eiusad
1519 4226 1675 4282 Dominum
1690 4225 1725 4282 ed
1737 4228 1896 4298 sepulcrum

159 4313 270 4368 obitum
284 4312 385 4385 ipsius,
405 4329 438 4369 ac
459 4319 526 4386 post
545 4314 745 4370 tribulationes
765 4329 868 4370 eorum
889 4315 1001 4384 tierent,
1057 4317 1120 4388 ejus
1139 4315 1297 4386 venientes,
1317 4331 1383 4370 cum
1407 4329 1512 4385 magno
1535 4315 1718 4370 veneratione
1742 4327 1897 4387 precanter

159 4417 247 4473 quam
269 4401 508 4474 priusluisssnt:
530 4403 572 4459 ila
589 4403 767 4476 quodetiam
788 4419 824 4458 es
839 4403 1004 4476 longinquis
1057 4404 1249 4471 oblationum,
1278 4402 1411 4474 deinceps
1446 4402 1663 4474 frequentarent
1694 4406 1759 4473 (aa).
1792 4405 1897 4460 Fratres

159 4490 326 4560 regionibus
347 4491 564 4564 quamplurimi,
587 4498 645 4548 tam
668 4491 832 4564 spirituales
850 4507 938 4564 quam
952 4507 1004 4547 se-
1057 4494 1154 4566 itaque
1175 4492 1347 4567 supradicte
1370 4491 1600 4562 congregationis
1624 4507 1676 4564 per
1696 4492 1836 4563 plurimos
1851 4510 1896 4547 su-

158 4580 278 4648 culares,
299 4580 349 4635 illo
376 4580 516 4644 venirent,
542 4585 571 4635 et
597 4581 716 4636 consilis
744 4595 776 4650 44
798 4579 917 4648 4444444,
943 4585 1004 4635 tem
1057 4600 1109 4639 nos
1123 4582 1153 4638 44
1167 4599 1238 4654 pace
1260 4580 1403 4648 vivebant,
1418 4586 1447 4636 et
1461 4582 1517 4636 Dee
1531 4580 1671 4651 beatoque
1688 4579 1823 4637 Diaihedo
1838 4583 1895 4638 sins

158 4668 322 4724 animarum
347 4683 436 4740 qnam
456 4683 619 4740 corporum,
642 4668 676 4724 ab
696 4669 737 4724 ais
759 4673 890 4740 peterent
914 4674 943 4723 et
956 4683 1002 4723 sc·
1057 4673 1214 4728 offensione
1236 4671 1266 4727 in
1289 4671 1386 4742 quieta
1410 4669 1595 4725 serviebant:
1622 4669 1661 4724 its
1677 4669 1754 4742 qued
1776 4672 1894 4742 populus

158 4757 294 4829 ciperent.
316 4756 369 4812 Sed
393 4757 468 4812 Dans
496 4757 594 4812 beatos
623 4757 753 4813 homiues
777 4757 857 4825 istos,
885 4762 1004 4829 propter
1056 4773 1104 4816 eos
1120 4758 1200 4816 valde
1227 4759 1351 4825 emebat,
1366 4762 1395 4812 et
1407 4755 1598 4824 beatificabat,
1618 4761 1647 4812 et
1671 4756 1750 4828 quod
1771 4755 1813 4811 eis
1833 4773 1893 4812 4444

157 4845 348 4918 negligentias
370 4861 435 4900 suas
457 4845 542 4902 toties
565 4847 709 4919 purgavit,
724 4846 836 4920 quoties
853 4846 1003 4917 delinque·
1056 4848 1197 4920 adiutorio
1217 4846 1346 4903 strabus
1365 4846 1426 4901 suis
1450 4844 1555 4917 ubique
1577 4846 1695 4912 adarat;
1724 4850 1753 4902 44
1772 4854 1894 4916 propter·

157 4934 240 5004 hent;
264 4934 510 5006 quemadmodum
534 4940 564 4990 st
590 4940 657 4990 tunc
679 4936 755 5003 lecit,
778 4936 894 5008 quaudo
917 4935 953 4990 ds
967 4934 1003 4989 si·
1055 4953 1090 4993 ea
1115 4935 1271 5008 locupletes
1294 4951 1327 4990 ac
1350 4933 1451 4990 divites
1475 4933 1504 4990 in
1529 4933 1628 4989 multis
1641 4933 1824 4989 facultatibus
1832 4934 1892 4989 laeti

156 5022 221 5095 guia
242 5028 271 5080 et
294 5023 451 5092 miraculis,
471 5039 536 5095 qne
557 5038 611 5096 per
632 5022 737 5080 merita
758 5023 889 5097 predicti
912 5023 1003 5078 Patris
1055 5030 1132 5082 sunl.

188 5180 270 5264 im.
294 5181 334 5236 De
358 5180 411 5264 hec
433 5179 529 5253 prima
547 5181 753 5262 monachorum
782 5198 798 5236 a
826 5186 926 5238 monte
948 5196 1001 5236 suo
1056 5188 1087 5238 ut
1113 5180 1160 5236 hic
1183 5180 1288 5235 lrustrn
1311 5177 1357 5262 sit·
1374 5181 1471 5252 plures
1502 5177 1712 5261 adnotationes¹
1732 5193 1887 5260 congerere.

156 5257 328 5335 migratione
341 5251 391 5334 4444
402 5251 519 5333 mutuae
537 5251 680 5333 descripta
698 5260 786 5324 atque
805 5251 875 5334 item
897 5254 933 5309 de
956 5269 1002 5307 se·
1091 5251 1147 5335 (litt)
1164 5253 1299 5322 Expressa
1328 5251 1375 5305 4444
1398 5254 1478 5332 notat
1499 5249 1527 5306 S.
1550 5249 1728 5332 llrldegardrs
1753 5249 1888 5330 duplicem

154 5327 228 5378 cutrs
249 5324 314 5378 alus
336 5322 458 5383 44444444.
478 5337 509 5378 ru
526 5337 620 5447 {sumo
643 5323 849 5379 commentare
870 5338 1003 5405 paragra·
1054 5323 1252 5390 lastrutatem3
1268 5328 1298 5377 at
1316 5321 1392 5402 quod
1420 5320 1744 5393 narrare,ueequ1dem
1766 5319 1837 5375 daem
1851 5336 1888 5374 sr-

155 5390 213 5462 pho
228 5393 296 5448 satis
323 5392 432 5449 dietum
450 5397 503 5448 est.

541 5393 608 5448 dem
623 5393 658 5448 de
674 5394 831 5450 elevatione
845 5409 919 5449 sacra
940 5410 1002 5450 cor·
1055 5399 1134 5466 guat,
1149 5409 1207 5466 quo
1220 5393 1314 5466 prium
1335 5397 1391 5447 rste
1407 5391 1529 5448 elevatio
1544 5392 1628 5459 lacte,
1648 5391 1768 5463 ejusque
1790 5405 1887 5446 memo·

155 5463 233 5534 poris
255 5479 307 5535 per
333 5464 360 5519 S.
387 5463 574 5530 Bonilacium,
600 5463 722 5536 aliisque
752 5464 1000 5532 translationibus,
1054 5465 1097 5521 riu
1108 5463 1251 5521 celebrata
1260 5462 1356 5520 luerit.
