3984 6034
54 226 128 291 tout
600 224 997 328 alamannicarum
1017 232 1045 293 s
1067 227 1265 294 taanbtctt.
1745 232 1813 293 locu

53 367 190 428 devitare
208 367 296 425 debet
317 382 351 423 sx
374 366 499 439 integro,
524 366 581 424 uisi
597 367 708 425 abbatis
727 367 771 423 soi
793 370 913 441 perinis-
930 372 1024 441 Aque
1050 367 1328 427 murmurationibus
1351 366 1418 424 sint.
1442 366 1513 424 Nam
1543 364 1593 425 ubl
1619 366 1699 441 regio
1725 370 1813 427 mata

54 458 153 525 sione,
170 474 223 513 nec
237 474 302 512 com
321 457 423 512 fratrm
445 457 648 514 communibus
660 457 840 513 emtionibus
863 464 914 514 ant
964 458 1130 531 frigiditatis
1139 463 1191 528 est,
1217 457 1294 531 quod
1317 458 1450 513 homiues
1473 458 1603 513 acalldis
1630 457 1812 515 indumentis

56 545 282 617 operationibus
307 544 457 611 insistunt,
488 544 606 616 propria
634 546 782 601 voluntate
809 561 861 601 sue
875 547 912 603 ab
965 548 998 603 in
1016 549 1184 605 necessitate
1199 564 1229 603 se
1249 546 1393 603 abstinere
1411 562 1470 601 non
1492 548 1596 612 valent,
1621 547 1690 617 quia
1714 563 1813 619 super·

57 634 104 690 eis
118 633 286 700 declinabit,
302 632 358 687 nisi
372 649 389 687 a
402 632 525 704 spiritali
542 634 626 687 Patre
645 649 697 689 suo
711 634 767 689 sibi
785 633 911 706 permis-
965 637 1107 693 fluitatem
1121 636 1238 691 illorum
1254 635 1395 699 vitabunt,
1412 639 1471 687 tem
1485 633 1590 704 agirina
1612 634 1678 689 lana
1706 635 1813 707 pellicii

59 738 130 777 snm
142 721 241 777 fuerit.
264 721 319 776 Sed
334 727 431 777 umen
450 720 485 776 de
499 721 628 792 quolibet
644 722 770 793 regulari
789 728 819 779 et
832 738 911 778 com·
965 740 1053 797 quam
1070 725 1208 796 agninum
1223 724 1304 778 filum
1318 721 1435 776 'tunicae
1451 737 1503 793 pro
1527 722 1696 778 indumento
1713 739 1813 779 mona-

60 810 147 865 mnni
174 808 239 864 cibo
262 814 291 863 et
321 815 401 880 potu,
431 810 462 862 in
485 815 629 865 conventu
651 811 773 867 fratrum
793 827 912 868 suorum
965 814 1085 869 chorum
1112 828 1237 884 superno
1259 811 1350 884 judici
1374 813 1497 881 placent.
1526 811 1588 865 fdox
1603 826 1719 881 qnoque
1747 812 1815 867 sub-

60 895 120 951 sibi
143 894 316 966 regulariter
342 900 371 949 et
396 895 590 951 communiter
627 899 770 969 apposito,
797 898 913 970 corpori
964 901 1114 973 sequitur:
1145 904 1199 959 Nos
1212 907 1302 957 tumea
1322 898 1504 955 mediocribus
1525 900 1590 953 locis
1614 900 1816 972 0011000100-

61 999 118 1037 sno
133 989 245 1055 partem
261 982 430 1039 subtrahere
459 984 578 1040 licenter
599 986 717 1057 poterit,
738 987 778 1042 itu
793 1003 861 1042 sane
876 1002 914 1043 nc
966 991 1058 1046 110100
1076 988 1215 1045 monacbis
1243 1004 1294 1058 per
1308 988 1430 1057 01000100
1457 988 1590 1043 cucullam
1616 993 1642 1043 et
1670 992 1813 1045 tumeam:

60 1074 173 1127 clamor
187 1071 253 1127 inde
262 1071 389 1128 rumoris
408 1079 550 1144 exsurget,
571 1073 612 1128 sic
636 1090 819 1132 communem
845 1091 912 1131 con-
965 1078 1107 1133 cucullam
1123 1077 1254 1133 videlicet
1276 1078 1413 1148 amplam,
1435 1083 1464 1132 et
1482 1076 1518 1132 ad
1534 1077 1623 1131 telum
1639 1076 1814 1133 descenden-

61 1160 249 1217 suetadinem
289 1160 457 1216 monasterii
497 1161 669 1233 regulariter
707 1170 736 1218 ot
765 1163 915 1219 humiliter
966 1172 1036 1233 tem,
1053 1166 1173 1221 manicis
1196 1165 1331 1221 brevibus
1359 1171 1387 1220 et
1420 1181 1538 1221 manum
1561 1165 1673 1221 modice
1703 1180 1814 1238 praece-

61 1247 323 1319 sinequerimouia
352 1248 459 1320 ubique
483 1250 640 1321 sequendo.
654 1252 755 1306 Postea
779 1250 820 1305 sic
843 1251 913 1305 scri·
966 1256 1110 1322 dentibus,
1142 1254 1254 1310 duobus
1285 1268 1400 1325 qnoque
1435 1253 1594 1324 gyronibus
1630 1252 1661 1309 ia
1691 1260 1814 1326 utroque

60 1336 106 1393 bit
123 1354 130 1391 :
147 1338 208 1393 lloa
221 1344 372 1405 prasumat
383 1339 454 1404 saris
467 1337 643 1408 munducare,
663 1342 746 1396 etiam
759 1342 785 1395 si
805 1344 913 1396 0010100
967 1344 1057 1399 latere
1073 1344 1126 1399 snb
1147 1343 1239 1398 axella
1261 1344 1394 1398 deorsum
1417 1340 1637 1411 perfluentibus,
1653 1342 1704 1414 qui
1727 1358 1814 1413 capn-

61 1442 81 1480 0
95 1428 191 1494 quouis
210 1430 334 1493 ropefur,
349 1428 406 1481 nisi
425 1430 498 1495 forte
523 1428 558 1481 ab
577 1427 675 1483 abbate
697 1429 752 1483 sibi
765 1430 913 1499 00001010-
965 1432 1039 1487 tiam
1059 1431 1183 1502 desuper
1211 1430 1386 1496 adherebat,
1413 1429 1493 1501 quod
1523 1430 1669 1500 singulare
1698 1430 1815 1501 signnm

61 1520 120 1569 tur.
136 1514 255 1579 Quodsi
269 1514 355 1569 aliter
373 1514 485 1584 iecerit,
510 1518 774 1572 excommunicetur
795 1533 913 1573 excum-
967 1519 1101 1577 monachi
1114 1524 1167 1585 est,
1180 1520 1356 1591 significans,
1372 1535 1409 1574 ne
1423 1518 1529 1573 hacvel
1543 1518 1609 1573 illac
1626 1519 1661 1574 ed
1677 1520 1814 1575 saeculum

62 1603 271 1671 saranicatione,
287 1619 345 1674 que
370 1610 523 1659 contumax
552 1612 581 1660 et
602 1606 773 1662 inobediens
794 1608 914 1663 fratera
932 1609 1132 1705 Cprospiciat,
1146 1624 1212 1664 cum
1237 1608 1307 1663 illud
1330 1623 1417 1678 snper
1445 1614 1532 1678 caput
1550 1622 1635 1661 suum
1657 1607 1815 1663 hahetlu·

63 1693 268 1747 commuuione
282 1700 312 1747 et
329 1693 464 1747 societate
477 1692 600 1749 fratrum
625 1709 757 1760 suorum,
773 1700 805 1749 nt
826 1695 913 1749 etiam
969 1697 1062 1752 nicam
1083 1712 1150 1751 vero
1175 1698 1287 1752 laneam
1311 1701 1341 1752 et
1359 1696 1540 1767 aliquantum
1561 1696 1672 1751 cuculla
1696 1695 1816 1751 0000101-

64 1782 264 1854 supradrctum
289 1784 341 1848 est,
367 1796 458 1853 usque
490 1783 528 1835 ad
553 1782 775 1837 satisfactionem
795 1798 914 1854 separe-
967 1786 1097 1851 ctiorem,
1119 1784 1168 1839 sed
1197 1785 1272 1839 circa
1290 1799 1374 1839 orara
1403 1781 1614 1855 aliquantulum
1649 1783 1813 1854 largiorem,

64 1877 123 1924 tur.
140 1870 175 1924 lit
189 1869 259 1923 dixit
275 1871 425 1939 :inpleto
445 1885 525 1940 opere
538 1873 596 1936 liei,
611 1885 700 1925 omnes
727 1886 788 1926 cum
810 1885 914 1926 summo
967 1880 997 1927 et
1008 1874 1043 1929 ad
1059 1874 1147 1944 pedes
1162 1873 1339 1938 tendentem,
1364 1870 1528 1927 brachialiis
1546 1887 1599 1927 nec
1613 1870 1737 1927 multum
1752 1887 1814 1926 am·

64 1958 173 2013 silentio
187 1964 295 2023 eaeuat,
310 1964 335 2013 et
348 1962 612 2026 agaturreoerentia
641 1960 708 2026 Deo,
733 1965 764 2014 at
789 1974 913 2014 reserem
966 1962 1032 2033 plis,
1049 1977 1103 2016 nec
1124 1960 1248 2016 multum
1271 1960 1431 2016 constrictis
1448 1960 1483 2015 01
1502 1974 1603 2014 manus
1616 1959 1813 2027 tendentibus,

64 2052 249 2101 terebrantes
271 2049 450 2101 incursentur
478 2051 504 2101 ef
526 2053 558 2102 ut
582 2050 762 2103 reverentiam
783 2051 815 2102 in
848 2049 914 2103 aliis
966 2050 1025 2104 imo
1055 2055 1150 2105 antem
1181 2064 1290 2121 gyrone
1322 2049 1352 2104 in
1377 2054 1499 2120 utroque
1526 2049 1613 2102 latere
1635 2047 1688 2103 snb
1711 2048 1814 2102 ascella

65 2135 193 2205 operibus
204 2138 262 2207 suis
275 2135 402 2194 babeartt.
418 2139 499 2204 quusi
523 2140 553 2190 in
565 2139 676 2191 seruitio
699 2139 749 2192 ilci
776 2139 843 2204 sint,
865 2152 914 2192 nec
966 2138 1102 2193 deorsum
1118 2138 1318 2205 descendente,
1335 2152 1400 2209 ques
1414 2139 1540 2207 desuper
1557 2135 1671 2207 caputio
1688 2136 1812 2191 carebat.

65 2225 313 2291 almratatctoium,
330 2239 378 2279 uec
392 2225 626 2280 ullumeacessum
639 2226 789 2293 arripiant.
806 2225 914 2281 Deinde
966 2227 999 2280 Et
1014 2226 1133 2281 deinde:
1163 2226 1257 2280 Abbus
1281 2232 1373 2281 autem
1397 2224 1431 2279 dc
1453 2238 1582 2279 morsura
1600 2224 1762 2294 presidem,
1783 2228 1815 2278 ut
1876 2293 1881 2305 Ι

65 2313 181 2367 infert:
212 2314 247 2368 Ut
271 2317 362 2367 autem
390 2316 535 2367 nuntiatus
555 2316 642 2381 fucrit
665 2314 772 2382 hospes,
787 2328 913 2367 occurra-
965 2316 1085 2370 aoasiat
1099 2319 1188 2376 curta,
1206 2314 1284 2367 relrrt
1307 2313 1501 2385 quorumdam
1528 2310 1678 2381 laicorum,
1706 2312 1755 2367 sed
1779 2312 1813 2366 ad

65 2407 112 2455 tur
126 2401 341 2470 alaprioreoei
360 2416 379 2455 a
399 2401 538 2468 (ratribus
560 2416 620 2456 cum
648 2404 723 2457 omni
747 2402 913 2471 officiocba-
966 2404 1056 2457 telum
1081 2401 1293 2467 descendentia,
1315 2401 1453 2473 quoniam
1474 2400 1661 2455 femoralibus
1689 2400 1720 2455 in
1743 2401 1814 2455 cella

63 2491 172 2549 ritulis,
188 2494 214 2543 et
228 2491 360 2558 primitus
375 2495 453 2544 orent
470 2492 588 2559 pariter,
609 2490 707 2556 idest,
731 2505 832 2545 omnes
852 2490 915 2561 qni·
968 2506 1021 2545 sna
1044 2504 1101 2545 non
1130 2488 1296 2543 utebantur.
1328 2490 1509 2559 Quapropter
1536 2487 1699 2542 subinfert:
1726 2490 1815 2543 Fama

63 2593 188 2649 cumque
217 2577 274 2632 sint
297 2576 333 2632 ad
358 2578 506 2633 ecclesiam
533 2577 569 2633 ad
598 2574 776 2633 adorandum
803 2578 917 2633 decan-¹
967 2577 1084 2633 ruiiabi
1099 2580 1149 2649 qui
1163 2584 1193 2631 in
1211 2576 1439 2644 vindicabuntur,
1454 2575 1489 2630 de
1508 2578 1638 2631 vestiario
1651 2577 1811 2645 accipiant:

63 2673 124 2733 tur,
138 2667 180 2721 ita
201 2668 277 2738 quod
306 2667 409 2722 fratres
431 2668 522 2721 Deum
543 2673 636 2736 orent,
665 2668 786 2739 nepum
805 2667 914 2722 eisdem
966 2669 1016 2735 qui
1030 2669 1201 2732 reuomentes,
1217 2664 1318 2721 ibidem
1338 2666 1394 2719 lota
1414 2668 1584 2719 restituant:
1613 2664 1662 2719 ubi
1684 2662 1813 2735 {intelligi

63 2754 228 2833 hospitibus
238 2754 371 2810 ordinem
386 2771 471 2810 sunm
494 2753 656 2825 infringat:
680 2754 724 2810 illi
745 2761 853 2822 autem,
882 2761 915 2811 ut
965 2760 1061 2826 potest
1074 2753 1296 2827 quodmonachi
1309 2753 1362 2808 sub
1377 2752 1542 2823 magisterio
1561 2750 1689 2822 ejusdcm
1722 2750 1813 2807 Patris

64 2843 314 2899 conversationem
341 2844 463 2899 istorum
498 2843 637 2911 ridentes,
673 2844 806 2899 meliores
831 2844 911 2899 flant.
967 2843 1116 2914 degentes,
1138 2858 1197 2898 non
1221 2841 1276 2897 0101
1299 2842 1335 2897 10
1352 2841 1423 2897 00110
1445 2846 1591 2907 exeuntes,
1626 2839 1812 2896 femoralibus

66 2932 101 2986 Et
113 2931 219 2985 iterum
236 2948 243 2985 ι
260 2931 394 2986 lacliaato
417 2931 574 3001 capitanei
598 2935 736 2999 prostrato
758 2930 835 2986 omni
852 2943 912 2986 cor·
930 2924 1131 2988 Cutebantur.
1149 2932 1219 2985 Nam
1236 2930 1304 3001 quia
1319 2929 1496 2995 multimnlto
1509 2928 1660 2984 bominum
1685 2930 1812 2983 femora-

62 3021 172 3090 porein
197 3023 280 3087 terra,
306 3021 436 3077 cbristus
454 3024 485 3074 to
511 3019 702 3086 eisadcretur,
718 3020 806 3088 quiet
824 3022 911 3075 susci-
966 3021 1042 3077 libus
1056 3037 1090 3075 eo
1105 3026 1235 3091 tempore
1247 3034 1306 3075 non
1324 3018 1469 3086 utebatur,
1499 3017 1603 3073 idcirco
1630 3016 1706 3073 idem
1731 3018 1813 3073 Pater

63 3111 159 3178 ptiar,-
184 3107 253 3179 qnia
285 3122 352 3163 com
376 3107 505 3178 hospites
540 3107 756 3178 superueniunt,
786 3108 838 3179 qui
864 3124 912 3163 eos
965 3106 1398 3180 proptermoreshominumet
1414 3110 1534 3177 propter
1551 3104 1664 3176 signum
1694 3103 1813 3177 puerilis

64 3195 312 3267 tuncsnscipiunt‚
332 3212 381 3250 seu
415 3211 481 3250 cnm
509 3195 669 3265 discedunt,
697 3196 748 3267 qui
776 3212 826 3250 eos
844 3202 913 3252 tunc
966 3196 1159 3270 simplicitatis
1180 3202 1207 3251 et
1233 3195 1414 3256 humilitatis,
1447 3195 1517 3249 dum
1549 3194 1579 3247 iu
1603 3194 1675 3248 cella
1707 3193 1812 3247 reside-

62 3284 263 3357 prosequendo
278 3283 464 3351 benedicunt,
488 3289 539 3339 aut
552 3299 648 3339 coram
663 3284 705 3339 eis
719 3284 756 3339 ob
780 3299 912 3339 reveren·
967 3293 1040 3355 rent,
1067 3285 1214 3357 discipulis
1239 3283 1298 3339 suis
1324 3283 1475 3339 femoralia
1502 3298 1561 3338 non
1584 3282 1732 3348 concessit,
1763 3282 1810 3337 sed

63 3375 135 3428 tiam
148 3373 264 3441 Christi,
284 3388 314 3427 se
335 3372 526 3439 inclinabunt,
541 3379 593 3427 eut
618 3388 716 3427 coram
732 3373 773 3426 eis
798 3373 913 3427 veniam
966 3374 1136 3431 exeuntibus
1159 3375 1218 3429 siue
1244 3372 1435 3445 equestribus,
1452 3372 1510 3426 sive
1529 3370 1720 3442 pedestribus,
1749 3386 1814 3442 pro·

62 3468 173 3533 petent,
190 3460 273 3533 quasi
287 3461 415 3517 Christos
427 3476 554 3531 praesens
569 3460 616 3517 sit.
628 3462 687 3515 llox
701 3476 819 3533 quoque
842 3460 913 3515 snb·
966 3468 1032 3535 pter
1046 3465 1209 3534 exemplum
1230 3461 1377 3527 castitatis,
1407 3464 1435 3515 et
1451 3466 1571 3531 propter
1592 3459 1702 3514 virilem
1722 3460 1814 3515 hone-

63 3550 468 3619 intauzbtpostteaamau
501 3548 663 3603 exhibeatur
693 3551 719 3604 ci
744 3550 911 3615 humanitas,
966 3555 1069 3606 statem
1086 3555 1114 3605 et
1139 3550 1329 3605 reverentiam
1354 3547 1517 3616 hominum,
1547 3548 1589 3602 eis
1612 3546 1742 3602 indulsit.
1757 3548 1812 3603 Sed

63 3639 142 3710 quod
158 3645 202 3693 est
232 3644 292 3693 tam
319 3637 351 3694 in
366 3636 473 3694 effabili
491 3642 519 3693 et
544 3635 644 3692 sociali
674 3635 912 3692 sermocinatione
967 3654 1044 3694 nuno
1074 3642 1204 3709 tempore
1231 3636 1296 3703 isto,
1325 3635 1464 3708 quoniam
1490 3650 1583 3691 mores
1603 3634 1755 3691 hominum
1773 3636 1814 3691 ita

61 3725 262 3782 collocutionis
286 3741 374 3797 quam
401 3725 433 3780 in
465 3725 545 3780 omni
585 3724 747 3780 necessaria
770 3725 914 3795 corporali
966 3725 1130 3793 ostendunt,
1155 3726 1213 3779 lieo
1237 3740 1296 3779 non
1315 3723 1454 3795 displicet,
1484 3722 1508 3777 si
1538 3722 1670 3777 monachi
1695 3728 1815 3795 propter

61 3814 242 3870 necessitate.
265 3815 299 3868 lit
326 3813 450 3869 iterum:
477 3813 572 3870 ribbus
594 3829 696 3882 aquam
732 3815 762 3867 in
787 3813 913 3868 matribus
966 3813 1176 3885 blasphemiam
1205 3812 1341 3877 incestus,
1370 3827 1456 3882 quam
1492 3810 1523 3866 iu
1552 3810 1682 3866 nuditate
1720 3812 1814 3867 caruis

62 3902 218 3972 hospitibus
238 3901 294 3968 det,
319 3905 438 3974 propter
467 3901 639 3957 humilitatis
655 3900 870 3971 exhibitionem,
884 3907 915 3957 et
966 3903 1121 3974 degustare
1140 3906 1288 3971 poterunt,
1321 3899 1507 3955 femoralibus
1530 3904 1660 3969 utantur,
1683 3916 1720 3970 pe
1743 3900 1812 3955 andi

63 3992 149 4063 pedes
165 3991 317 4062 hospitibus
330 3992 454 4046 omatibus
477 3996 534 4046 tam
555 3992 640 4046 abbas
663 4006 747 4061 quam
768 4006 914 4061 cougrega-
966 4006 1053 4047 cerne
1076 4004 1192 4046 carnem
1214 3990 1400 4059 attingentes,
1446 3990 1604 4044 carnalium
1632 3994 1813 4060 peccatorum

65 4082 104 4136 tio
117 4080 199 4147 iuuet,
219 4077 329 4133 scilicet
352 4078 403 4146 illi,
420 4078 525 4150 quibus
541 4079 630 4135 abbas
661 4080 739 4153 idern
771 4097 843 4152 opus
867 4080 913 4136 in·
966 4080 1200 4137 reminiscantur.
1225 4079 1261 4133 Et
1278 4078 1405 4133 iterum:
1428 4078 1585 4134 Stramenta
1618 4083 1708 4133 autem
1733 4078 1813 4134 lecto

62 4168 169 4239 iungit.
192 4168 264 4228 iiam
278 4167 379 4223 beatus
400 4168 483 4222 Pater
503 4168 682 4235 benedictus,
699 4184 764 4224 cum
786 4170 912 4241 hospites
930 4185 1029 4267 Drum
1042 4169 1182 4239 sufficiant
1209 4171 1308 4234 matta,
1322 4182 1428 4235 sagum,
1450 4165 1639 4222 videliceteut
1664 4166 1699 4221 de
1714 4183 1813 4237 gnomo

64 4265 319 4328 quossnsceperat,
348 4255 502 4311 comesturi
526 4261 630 4323 essent,
652 4273 758 4329 aquam
779 4258 912 4313 manibus
967 4259 1039 4328 lino,
1054 4257 1150 4313 antde
1164 4256 1272 4311 canabe
1285 4255 1402 4319 facturn,
1426 4254 1526 4311 elfere
1542 4254 1572 4309 in
1596 4256 1714 4311 modum
1741 4256 1813 4310 sacci

64 4360 166 4400 eorum
188 4344 333 4417 porrexit;
357 4349 465 4401 etcum
481 4360 611 4401 emensa
633 4346 833 4415 surrexissent,
860 4364 909 4419 pe·
966 4350 1133 4414 formatum,
1151 4345 1319 4417 etquodam
1343 4359 1449 4416 genere
1473 4348 1699 4399 stramentorum
1724 4345 1813 4415 reple-

65 4434 228 4489 deseorum
257 4433 347 4501 larit;
377 4439 407 4489 et
435 4434 490 4490 hoc
510 4440 628 4507 propter
656 4437 819 4508 exemplum
848 4437 912 4494 Filii
965 4441 1040 4505 tam,
1057 4440 1085 4490 et
1100 4435 1140 4489 sic
1157 4448 1245 4506 super
1271 4438 1393 4489 mattam
1412 4432 1549 4505 positum,
1574 4432 1652 4504 quod
1681 4432 1813 4487 monachi

66 4523 127 4589 Dei,
143 4522 219 4593 qnod
233 4522 264 4596 in
284 4539 366 4578 coena
390 4521 539 4595 discipulis
555 4523 696 4591 exhibuit,
721 4526 805 4593 fecit:
833 4540 912 4581 exce-
965 4524 1095 4596 profecti
1109 4522 1216 4578 sternio
1232 4521 1386 4589 habebant,
1410 4526 1440 4575 et
1454 4520 1528 4575 lrena
1542 4520 1650 4575 scilicet
1679 4536 1712 4575 ea
1735 4520 1812 4586 lana,

37 4670 41 4677 s
64 4611 121 4682 ptis
137 4609 318 4678 mulieribus,
334 4627 459 4683 quarum
473 4613 561 4684 pedes
576 4628 636 4668 non
653 4613 758 4685 tetigit,
783 4614 832 4670 sed
847 4630 913 4669 con·
966 4628 1054 4686 quam
1070 4612 1100 4667 in
1126 4611 1172 4667 die
1193 4626 1281 4681 super
1299 4611 1406 4665 lectum
1429 4612 1549 4681 propter
1571 4608 1750 4663 honestatem
1765 4623 1813 4661 ex-

64 4703 210 4769 temptnm
229 4698 332 4755 mundi
353 4704 381 4757 et
401 4700 433 4756 in
450 4700 562 4770 babitu,
577 4701 646 4757 etin
662 4708 760 4758 sancto
788 4718 912 4757 conver·
966 4701 1141 4774 pandebant,
1156 4704 1185 4755 01
1215 4716 1272 4771 qua
1299 4699 1330 4754 in
1347 4704 1441 4767 nocte,
1460 4713 1525 4752 oum
1547 4697 1662 4765 vellent,
1688 4710 1718 4751 se
1735 4699 1813 4767 tege·

64 4788 175 4842 sutione
198 4804 251 4843 sua
277 4788 318 4843 eis
341 4788 522 4846 ostendebat.
547 4789 601 4845 lllo
630 4791 740 4847 etenim
771 4795 911 4862 tempore.
966 4791 1045 4847 bant.
1058 4790 1217 4860 Statimque
1230 4787 1301 4843 dicit
1316 4804 1323 4843 :
1339 4790 1442 4843 Dmlur
1463 4786 1497 4841 ab
1521 4785 1618 4841 abbate
1640 4787 1732 4841 omnia
1755 4800 1815 4854 quer

69 4874 201 4932 monachi
226 4878 385 4936 tumultum
408 4878 671 4949 supervenientium
711 4882 913 4935 extraneorum
966 4882 1031 4935 sunt
1063 4879 1231 4944 necessaria:
1255 4881 1284 4931 et
1314 4875 1478 4931 subinfert:
1505 4876 1590 4939 Zona,
1623 4871 1652 4928 id
1682 4875 1734 4939 est,
1756 4886 1814 4943 qua

70 4964 200 5020 nondum
214 4965 395 5034 sentiebant;
411 4966 523 5039 sedqui
537 4983 587 5023 eos
613 4968 740 5036 adibunt,
768 4968 913 5024 Christum
967 4982 1055 5040 snper
1068 4967 1196 5021 tunicam
1218 4964 1419 5036 cingebantur,
1446 4980 1481 5019 ne
1497 4962 1546 5017 illa
1567 4960 1723 5026 difflueret,
1746 4960 1815 5031 qnia

67 5047 99 5109 et
111 5054 254 5110 nonaliud
267 5054 310 5109 ibi
329 5055 508 5128 querebant,
529 5072 617 5127 quem
645 5055 733 5112 etiam
753 5056 785 5111 in
808 5056 914 5112 sanctis
968 5056 1077 5128 absque
1101 5053 1287 5109 femoralibus
1306 5053 1497 5121 dormiebant,
1515 5055 1545 5107 et
1567 5048 1712 5105 brachiale
1737 5048 1814 5121 qnod

68 5142 204 5213 operibus
218 5142 258 5197 ibi
268 5138 465 5213 inuehiebant.
968 5144 1005 5201 ad
1020 5148 1114 5199 cutem
1137 5147 1208 5211 erat,
1223 5159 1241 5198 a
1255 5159 1313 5215 quo
1325 5141 1424 5213 caligae
1438 5141 1535 5212 ligatae
1547 5138 1758 5210 dependebant,
1787 5143 1816 5192 et

105 5230 279 5286 lit-idemsic
297 5230 451 5301 procedit:
481 5232 644 5288 Vestimenta
654 5231 803 5301 (ratribus,
819 5246 914 5287 secun·
968 5248 1035 5288 mox
1054 5232 1257 5303 prosequitur:
1279 5232 1414 5301 llappulu
1435 5230 1515 5285 velut
1532 5227 1681 5283 sudarium
1706 5241 1739 5282 cx
1755 5226 1816 5281 lino
1902 5220 1908 5230 '

69 5319 132 5375 dum
148 5319 514 5391 mammaemammal
539 5319 676 5386 lubduat,
699 5321 742 5375 uel
755 5323 827 5375 aeris
848 5324 914 5375 tem·
967 5319 1102 5383 formata,
1121 5334 1179 5391 qua
1197 5319 1334 5375 sudorem
1360 5334 1425 5373 ase
1447 5316 1652 5388 profluentem,
1678 5316 1749 5371 dnm
1785 5314 1815 5371 ln

67 5411 169 5480 portem
191 5409 299 5464 dentur.
323 5406 376 5464 Ubi
407 5407 542 5475 ostendit,
581 5406 718 5463 fratribus
744 5408 916 5464 vestimenta
969 5423 1055 5479 opere
1069 5407 1247 5475 laborabant,
1265 5406 1476 5477 abstergebant.

68 5495 129 5551 dari
144 5496 303 5553 secundnm
321 5494 468 5569 quodpati
482 5499 611 5566 possunt,
626 5499 656 5550 st
682 5498 716 5551 ut
736 5494 825 5552 etiam
847 5495 915 5552 abs-
1005 5496 1106 5552 Postea
1127 5501 1221 5552 autem
1242 5495 1312 5552 dicit
1337 5495 1403 5553 :Et
1421 5510 1481 5551 cum
1508 5494 1643 5551 oblatione
1661 5498 1751 5565 ipsam
1770 5508 1815 5565 pe
