3984 6034
69 177 125 226 dit
703 174 949 231 scillas-tta.
969 173 1016 242 ΙΙΙ,
1029 175 1117 230 VlSlO
1137 175 1192 230 ΙἸΙ.
1778 181 1828 235 titt

68 305 215 376 procedat
236 304 266 358 in
287 303 420 358 cordibus
445 303 596 359 homiuum
623 310 743 376 propter
765 305 927 362 mercedem
946 306 1088 361 nteriore
1119 305 1189 361 facie
1213 306 1330 374 aalma,
1354 307 1504 363 adherens
1524 323 1599 364 verae
1621 314 1650 364 et
1672 310 1829 381 splendida

68 393 176 465 operis
192 392 355 447 saeuissime
382 391 573 459 considerans,
597 392 648 447 ubi
666 398 711 447 est
734 394 928 449 remuneratio
980 394 1110 464 justitia,
1139 395 1178 450 ita
1200 395 1277 466 quod
1303 395 1471 466 exquirebat
1492 395 1654 452 felicitatem
1678 402 1825 454 aeternam.

67 481 103 536 in
122 483 196 548 lieo,
217 485 249 536 ut
271 481 359 536 etiam
382 479 413 535 in
433 480 527 536 serbis
546 479 605 536 suis
619 481 764 554 quomodo
787 497 928 553 praemon·
982 483 1129 539 conlidens
1147 483 1178 540 in
1193 483 1324 538 albedine
1343 483 1447 540 ritaret
1469 483 1682 542 in'liberatione
1700 485 1828 542 lldelium

68 574 202 625 stratum
221 569 423 641 estpropalat.
982 573 1180 628 membrorum
1211 571 1324 627 Christo
1348 572 1436 644 capiti
1468 587 1519 628 suo
1546 573 1755 630 adherentium
1779 589 1831 646 per

109 658 168 712 tila
180 662 277 714 autem
296 657 394 728 imago
412 671 479 727 qaam
494 655 525 712 in
548 657 607 714 line
624 663 681 715 stat
697 675 784 732 snper
801 675 926 729 maram,
980 675 1087 716 novam
1111 659 1368 730 regenerationem,
1390 665 1420 716 et
1440 675 1493 730 per
1516 676 1612 717 reram
1630 661 1759 718 infantiae
1784 663 1828 718 in·

71 746 225 816 significat
246 745 435 801 salvationem
464 745 639 814 animarum,
662 747 799 820 qnoniam
820 748 927 820 ipsein
981 749 1142 804 nocentiam
1168 748 1286 804 salutari
1309 749 1341 803 in
1361 748 1418 804 sita
1433 749 1649 820 caelestiumque
1665 753 1824 820 pertotum

70 849 181 889 occasu
200 835 306 890 veteris
331 834 447 890 duritie
477 834 585 890 effulsit
611 836 643 890 in
661 836 787 892 culmine
809 836 929 892 auctori·
981 851 1086 910 corpus
1100 853 1186 893 suum
1207 836 1324 909 effulget
1346 842 1379 893 ut
1398 853 1489 908 purus
1512 842 1541 892 et
1561 837 1673 894 lucidus
1696 837 1831 909 splendor

68 923 145 978 tatis
176 938 259 978 norae
289 923 404 995 gratiam
429 922 470 978 ita
496 924 572 996 quod
602 926 684 996 quasi
706 925 927 982 fundamentum
980 925 1079 982 illucet
1096 926 1308 988 inclaritatem,
1323 925 1461 997 qnoniam
1484 925 1547 996 ipsa
1566 925 1648 998 quasi
1665 941 1717 994 per
1733 927 1831 982 omnia

70 1011 141 1082 eius
165 1011 267 1067 cantat
290 1011 434 1080 diseretio,
456 1027 522 1068 cum
545 1029 603 1084 qna
622 1019 651 1068 et
665 1029 752 1085 saper
772 1029 859 1086 quam
881 1031 928 1086 ap·
981 1031 1034 1070 sae
1059 1014 1190 1070 membra
1214 1030 1267 1086 per
1288 1013 1403 1070 fidelem
1423 1013 1531 1069 scilicet
1548 1013 1687 1086 populum
1709 1012 1765 1069 eibi
1779 1029 1831 1085 per

70 1104 161 1172 paret
184 1100 283 1155 eadem
305 1100 425 1155 salvatio
447 1100 620 1169 animarum,
646 1109 709 1157 orta
727 1103 759 1158 in
781 1104 852 1159 Filio
876 1104 927 1158 liei
982 1103 1086 1160 fillium
1113 1118 1210 1158 meum
1231 1103 1391 1172 subjectum
1410 1101 1482 1157 facta
1506 1106 1550 1157 est
1569 1117 1651 1172 pura,
1677 1101 1708 1158 in
1724 1101 1830 1157 colum-

70 1205 145 1244 cum
165 1193 252 1244 natas
275 1194 319 1244 cst
336 1205 372 1244 ex
395 1187 512 1260 Virgine
524 1205 578 1261 pro
601 1190 693 1246 salute
715 1191 878 1247 bominum.
894 1193 929 1248 Et
982 1193 1050 1248 bina
1068 1191 1260 1263 simplicitate,
1284 1191 1360 1245 clara
1382 1190 1413 1246 in
1429 1189 1605 1246 lucidissima
1618 1189 1830 1262 pulchritudine

70 1277 190 1332 nudum
229 1281 314 1350 caput
349 1283 379 1333 et
400 1277 499 1348 nigros
525 1295 558 1334 ac
587 1279 698 1350 crispos
718 1280 811 1335 crines
829 1280 926 1348 habet,
979 1281 1099 1353 jarstitiae
1132 1281 1193 1335 llei.
1225 1279 1307 1345 Quod
1339 1283 1436 1334 autem
1468 1279 1548 1334 rides
1575 1279 1605 1332 in
1631 1281 1745 1349 pectore
1768 1279 1830 1350 ejus

69 1365 146 1436 quia
164 1365 242 1420 nude
265 1371 308 1419 est
332 1381 351 1420 a
370 1367 507 1420 servitute
534 1368 720 1438 subjectionis
738 1368 837 1423 tibere
852 1369 926 1423 scili·
982 1367 1243 1442 splendidissimam
1268 1383 1380 1422 crucem
1397 1383 1460 1422 cram
1477 1367 1603 1439 imagine
1625 1366 1728 1422 Christi
1745 1367 1824 1432 iesu,

69 1458 119 1506 cet
153 1453 302 1525 dignitatis
326 1467 457 1521 manens,
481 1456 619 1527 quoniam
652 1456 723 1512 Filio
753 1455 802 1510 llei
828 1461 927 1529 aperte
982 1473 1069 1529 super
1092 1457 1273 1512 arbusculam
1304 1456 1381 1511 inter
1406 1455 1477 1510 diros
1515 1456 1600 1510 flores
1626 1455 1678 1510 lilii
1702 1460 1731 1510 et
1754 1471 1827 1510 rosae

69 1541 216 1609 adhaeret,
256 1555 273 1596 a
312 1557 369 1614 qtro
397 1543 483 1597 etiam
515 1544 672 1600 clementer
703 1545 838 1600 suscitata
873 1549 925 1612 est,
982 1549 1105 1602 stantem
1128 1545 1263 1615 positam,
1290 1545 1340 1616 qni
1364 1560 1394 1597 se
1418 1558 1533 1598 sarsum
1555 1543 1590 1597 ad
1615 1542 1746 1598 eamdem
1768 1559 1830 1598 erir-

70 1629 260 1701 nigredincm
290 1634 386 1685 tumen
409 1630 521 1701 patiens
546 1633 727 1703 capillorum,
742 1633 880 1707 qnoniam
894 1634 925 1688 in
946 1603 1043 1689 Bcarra
1074 1633 1286 1706 aliquantulum
1321 1633 1488 1687 incurrant:
1519 1630 1572 1686 hoc
1600 1636 1642 1686 est
1669 1631 1745 1702 quod
1778 1647 1828 1686 ea·

68 1718 192 1774 iudaice
225 1718 311 1788 plebe
343 1719 481 1774 offuscata
513 1721 682 1792 apparebat,
710 1738 769 1776 non
802 1723 925 1778 habente
982 1722 1048 1778 dem
1072 1724 1162 1778 rirlus
1184 1721 1257 1776 lacta
1276 1725 1319 1776 est
1342 1719 1520 1776 credentium
1549 1719 1726 1791 populorum
1754 1719 1827 1775 forle

71 1821 175 1861 veram
207 1806 378 1877 claritatem,
416 1807 466 1863 sed
498 1809 688 1880 multiplicem
719 1811 925 1880 diversitatem,
980 1810 1173 1879 praecordium
1199 1809 1229 1864 in
1245 1809 1377 1881 passione
1403 1810 1467 1864 lesa
1489 1806 1653 1876 salvatoris,
1679 1806 1729 1879 qui
1752 1823 1827 1862 mar-

72 1895 160 1965 quasi
183 1894 308 1966 crispam
333 1911 445 1951 comam
475 1897 650 1953 diversarum
678 1898 925 1955 observationum,
980 1897 1055 1967 tyrio
1075 1913 1127 1951 suo
1152 1898 1183 1952 in
1197 1897 1325 1968 vestigiis
1339 1897 1408 1952 boni
1427 1902 1456 1952 et
1477 1896 1547 1950 recti
1571 1895 1693 1966 exempli
1709 1894 1765 1962 sui,
1781 1911 1829 1949 ar-

74 1982 169 2040 llabet
200 1998 317 2055 quoqne
357 1983 459 2039 faciem
491 1986 658 2055 obscuram;
694 1988 830 2060 quoniam
858 1993 925 2044 ante
981 1986 1079 2041 borem
1110 1985 1213 2040 mortis
1238 1989 1267 2040 et
1288 1985 1460 2055 perditionis
1486 1983 1553 2039 Adae
1578 1981 1719 2054 depressit
1741 1986 1827 2054 atque

73 2071 303 2126 incarnationem
330 2072 392 2127 iiiiii
409 2072 470 2141 liei,
491 2073 522 2127 in
544 2074 647 2129 ambra
672 2075 772 2131 mortis
792 2092 851 2130 non
866 2075 927 2131 risa
981 2073 1125 2140 contrivit,
1164 2073 1298 2128 adversus
1325 2089 1413 2144 quiam
1437 2072 1523 2127 etiam
1547 2071 1605 2126 dno
1637 2070 1827 2138 Testamenta,

73 2163 118 2212 est
140 2158 265 2214 retinere
289 2159 454 2215 felicitatem
474 2165 589 2218 mternse
611 2163 722 2219 salutis.
746 2164 825 2220 Unde
839 2164 926 2220 etiam
980 2161 1089 2217 scilicet
1113 2162 1198 2216 Vetus
1226 2161 1256 2216 in
1281 2162 1404 2216 candore
1424 2165 1452 2216 at
1475 2161 1584 2216 Novum
1606 2159 1637 2214 in
1658 2159 1764 2214 rubore
1786 2158 1829 2214 illi

74 2247 179 2301 indute
208 2251 252 2302 est
273 2247 352 2302 rarle
383 2248 490 2317 tunica,
530 2249 656 2319 plurimo
686 2251 783 2306 colore
807 2251 925 2319 intexta,
980 2249 1173 2322 repugnantia
1187 2264 1240 2321 per
1266 2249 1484 2320 dispositionem
1507 2248 1557 2303 liei
1579 2246 1781 2318 procedebant,
1800 2263 1829 2302 se

73 2334 214 2406 quioniam
236 2335 268 2390 in
290 2336 380 2391 reteri
404 2338 513 2408 populo
528 2339 628 2394 mullis
650 2339 746 2394 modis
765 2339 925 2396 circumda·
980 2339 1010 2394 in
1042 2338 1195 2394 altitudine
1222 2338 1380 2409 spiritualis
1411 2337 1572 2392 intellectus
1606 2336 1640 2391 ad
1669 2335 1828 2408 passionem

73 2425 162 2479 batur
205 2423 343 2479 varietate
400 2441 531 2496 operum,
575 2427 704 2482 immista
762 2428 926 2484 diversitate
981 2427 1109 2499 ejusdem
1131 2426 1173 2498 pii
1202 2432 1231 2481 et
1247 2425 1420 2482 nobilissimi
1448 2422 1657 2495 Redemptoris,
1682 2427 1770 2494 atque
1794 2423 1828 2478 ad

74 2514 234 2568 multorom
257 2513 402 2570 vitiorum.
436 2515 491 2571 Sed
514 2515 593 2587 qarod
611 2515 690 2572 vides
712 2516 857 2587 quomodo
879 2522 925 2571 tn·
980 2532 1098 2572 omnem
1116 2514 1260 2587 justitiam
1287 2515 1384 2584 ejnsa
1421 2512 1582 2584 perditione
1621 2511 1720 2566 mortis
1750 2511 1831 2566 refle-

75 2600 172 2656 nicam
204 2605 232 2654 et
261 2596 455 2658 calceamenta
476 2619 527 2659 sua
550 2605 630 2660 exuit
650 2610 728 2659 stans
752 2605 848 2660 anda:
873 2606 927 2662 lroc
981 2603 1095 2661 clentis.
1132 2603 1215 2659 Unde
1243 2602 1323 2657 sides
1347 2603 1432 2657 etiam
1456 2600 1534 2672 quod
1562 2604 1678 2656 existam
1703 2599 1828 2654 tunicam

70 2694 116 2743 cst
133 2689 210 2760 quod
227 2689 257 2744 in
278 2691 411 2762 passione
436 2693 499 2748 Filii
522 2693 588 2758 mei,
606 2699 699 2749 morte
718 2694 844 2749 abstersa
859 2709 925 2750 cum
981 2702 1068 2766 atque
1091 2693 1283 2747 calceamenta
1315 2705 1366 2744 sua
1390 2688 1502 2744 fortiter
1533 2687 1650 2754 excutit,
1683 2688 1722 2742 ita
1751 2687 1830 2758 quod

70 2778 160 2831 etiam
176 2781 242 2847 post
256 2778 411 2834 adrentum
434 2778 558 2850 Spiritus
579 2781 671 2835 sancti
690 2796 778 2836 sonus
792 2786 820 2835 et
835 2781 925 2837 rerba
981 2781 1074 2854 pulvis
1095 2781 1203 2836 multus
1229 2780 1265 2835 ab
1285 2779 1327 2833 eis
1346 2777 1516 2842 excutiatur,
1541 2775 1608 2847 quia
1631 2775 1750 2830 salvatio
1764 2775 1829 2830 ani-

74 2864 397 2934 apostoloramemissa
424 2872 492 2922 sunt
519 2866 549 2922 in
573 2867 726 2935 mnndum,
746 2869 866 2924 excitata
881 2875 924 2926 est
941 2878 963 2934 c
979 2886 1091 2928 marum
1111 2867 1237 2925 ostendit
1251 2867 1283 2921 in
1310 2866 1391 2921 noris
1419 2870 1448 2919 et
1463 2863 1549 2935 justis
1576 2862 1711 2933 operibus
1733 2863 1829 2919 lierni·

76 2955 105 3007 in
126 2953 285 3010 salvatione
312 2955 484 3023 animarum,
516 2955 557 3011 ita
581 2958 658 3029 quod
690 2958 753 3030 ipsa
786 2974 925 3030 spernens
981 2975 1064 3027 num,
1086 2959 1256 3014 abstractam
1277 2954 1405 3012 tonicam
1432 2950 1537 3024 prioris
1565 2949 1779 3006 consuetudinis
1802 2955 1830 3003 et

75 3041 152 3096 mala
175 3057 275 3113 opera,
300 3047 328 3098 et
364 3043 503 3114 abjiciens
533 3046 677 3101 contraria
699 3046 819 3119 vestigia
843 3053 926 3105 exuta
981 3047 1111 3104 omnium
1143 3045 1277 3101 vitiorum
1307 3047 1436 3098 veterum
1461 3039 1640 3106 delictorum,
1666 3042 1753 3109 atque
1782 3037 1829 3092 ab·

74 3134 128 3196 aa,
151 3129 265 3186 fortiter
281 3131 426 3186 denudata
445 3132 586 3189 diabolica
610 3134 827 3207 magistratione
849 3136 926 3192 intra
977 3138 1086 3208 Jectnm
1103 3133 1210 3188 nietam
1234 3131 1397 3202 exemplum
1419 3127 1652 3199 transgressionis
1671 3127 1750 3190 Adae,
1768 3126 1826 3181 for-

75 3233 107 3270 se
121 3217 214 3288 ipsam
231 3217 273 3273 sic
289 3219 406 3275 dicens:
432 3221 455 3276 0
472 3224 514 3291 tu,
531 3222 697 3293 turpissime
712 3223 837 3291 diabole,
853 3241 926 3282 nan·
979 3226 1090 3280 tissima
1113 3220 1323 3278 examinatione
1349 3233 1383 3274 ea
1406 3216 1562 3273 discutiens
1589 3221 1676 3288 atqua
1701 3219 1827 3270 contem-

78 3319 166 3375 qnam
195 3305 375 3377 relinqueres
397 3323 454 3376 me,
476 3309 501 3362 si
522 3323 581 3365 non
606 3311 757 3382 redempta
778 3327 872 3366 essem
894 3313 924 3367 in
979 3329 1061 3381 nens,
1082 3315 1112 3366 et
1137 3309 1286 3380 pulverem
1301 3321 1381 3363 ranae
1404 3305 1505 3377 gloriae
1521 3303 1702 3375 aliorumque
1727 3315 1829 3374 pecca-

76 3393 218 3463 sanguine
241 3393 326 3466 agni.
352 3396 425 3452 llam
447 3396 479 3452 in
507 3397 572 3452 lacu
593 3397 700 3454 inferni
725 3397 925 3454 soluistimti·
979 3404 1078 3454 torum
1109 3413 1125 3452 a
1151 3411 1182 3450 se
1213 3393 1378 3466 projiciens,
1412 3392 1485 3446 sient
1510 3391 1597 3446 etiam
1626 3389 1759 3461 superius
1800 3389 1829 3443 in

74 3497 143 3535 nere
164 3497 221 3551 me,
237 3483 286 3539 sed
306 3499 384 3539 nunc
412 3483 504 3557 gretia
526 3485 577 3541 Dei
596 3486 717 3541 liberata
739 3501 813 3542 eum.
839 3487 926 3542 liteic
980 3484 1177 3559 prolocutione
1191 3499 1242 3538 sua
1269 3482 1304 3538 de
1333 3496 1362 3536 sa
1382 3481 1446 3552 ipso
1475 3477 1637 3534 confltetur.
1662 3477 1827 3542 Oaiaotem

73 3571 167 3625 crines
189 3587 222 3627 ac
242 3570 330 3627 facies
359 3571 422 3644 ejas
442 3573 628 3644 resplendent
649 3573 680 3628 in
711 3574 925 3646 pulchritudine
980 3577 1077 3630 acutas
1110 3586 1194 3627 arares
1223 3568 1371 3624 interioris
1404 3568 1566 3623 intellectus
1596 3566 1700 3622 habet:
1729 3565 1777 3620 hic
1799 3566 1828 3618 in

74 3658 217 3714 albedinis
242 3665 272 3716 et
296 3659 440 3728 novitatis,
464 3665 496 3717 nt
524 3663 584 3734 jem
616 3663 676 3717 nati
698 3662 826 3731 infantis,
856 3662 925 3734 quia
979 3663 1090 3718 ardenti
1107 3673 1206 3714 amora
1221 3657 1330 3730 speculi
1345 3657 1402 3711 mei
1426 3655 1461 3710 ad
1476 3654 1563 3710 rerba
1577 3655 1638 3710 hac
1653 3653 1778 3720 antrelet,
1799 3659 1828 3705 et

74 3751 140 3816 post
158 3745 388 3804 iacamationem
411 3748 474 3805 Filii
500 3749 558 3805 mei
574 3749 664 3805 crevit
677 3751 785 3806 multus
799 3752 925 3822 populns
979 3751 1049 3807 eain
1068 3746 1244 3805 conscientia
1258 3744 1347 3802 animi
1363 3745 1406 3800 etri
1420 3743 1590 3799 conscribat.

74 3835 104 3887 in
127 3833 221 3904 figure
242 3834 399 3890 eriminum
417 3835 506 3905 illius,
525 3837 598 3894 bene
623 3838 802 3895 illuminatus
823 3839 856 3894 in
875 3839 923 3894 in·

879 3973 1007 3987 —·

717 4082 879 4156 VISIO
927 4080 1175 4156 SEPTIMA.

76 4216 251 4269 Sousarmia.
271 4243 306 4255 ·-
322 4213 400 4280 Quod
420 4214 577 4287 ineffabilis
597 4215 725 4272 Trinitas
739 4216 770 4271 in
790 4217 851 4287 fine
874 4221 1035 4290 lamponem
1053 4214 1213 4294 maturata.
1236 4211 1365 4284 simplici
1383 4213 1411 4265 et
1428 4207 1532 4292 tramiti
1549 4208 1634 4265 corde
1651 4223 1672 4289 a
1687 4204 1828 4288 fidelibus

109 4284 252 4340 medenda
265 4285 491 4368 etcoiendaeat:
505 4304 542 4341 ne
559 4287 624 4369 quis
635 4288 704 4360 plus
721 4287 898 4359 investigans
909 4305 998 4360 quam
1018 4287 1138 4358 oportet,
1152 4299 1222 4356 quea
1235 4281 1437 4364 comprehende
1458 4295 1516 4362 non
1533 4282 1637 4365 polest,
1653 4295 1685 4333 aa
1703 4277 1831 4333 deferens

106 4355 203 4411 cadat.
219 4355 298 4423 Quod
307 4372 341 4412 aa
350 4372 491 4428 maurae
499 4358 605 4416 cassa
614 4358 738 4415 maridas
748 4358 879 4414 soleatus
891 4362 944 4427 est,
957 4362 986 4414 et
996 4357 1092 4414 cultus
1109 4359 1215 4411 sanctae
1237 4355 1390 4410 Tnmtalts
1405 4351 1643 4432 manifestissime
1663 4348 1831 4432 declaratus

110 4429 153 4481 eet
163 4442 171 4480 :
185 4425 251 4496 ipsu
274 4430 373 4482 tamen
391 4427 504 4484 nullius
511 4427 673 4513 intellectui
689 4433 780 4510 patet.
802 4429 880 4509 Quod
898 4427 1056 4499 ineffabilis
1073 4426 1201 4482 Trinitas
1209 4423 1287 4506 omni
1305 4426 1442 4506 menturae
1462 4423 1645 4546 affertismme
1657 4433 1784 4500 emperia
1801 4421 1830 4499 et

109 4497 1249 4640 salsamentarii?atitlltsttziliuttnlutitant<
1261 4489 1828 4621 attitulationis-‘tinisa

108 4637 188 4719 Quod
202 4637 522 4720 divinitasjacianfiam
536 4639 659 4696 Jaaaica·
666 4641 766 4712 populi
776 4641 884 4709 dejicit.
905 4641 989 4708 Quod
1001 4639 1177 4719 diabolicum
1189 4635 1316 4692 mbienta
1324 4634 1444 4707 geniales
1461 4631 1562 4713 populi
1578 4647 1597 4686 a
1618 4635 1674 4711 lieu
1687 4627 1829 4709 adrasum

106 4706 231 4764 ‘ramea
243 4707 441 4780 paduanae.
457 4711 607 4767 Parodola
621 4711 660 4766 ad
677 4711 808 4767 eamdem
820 4728 892 4767 rem.
917 4711 1012 4774 Verba
1025 4714 1143 4767 loannes
1153 4707 1329 4763 adeamdem
1347 4722 1418 4761 rem.
1438 4706 1480 4758 lie
1494 4703 1659 4772 differentia
1673 4705 1699 4756 et
1717 4701 1829 4754 enatato
1856 4719 1861 4728 ·

107 4779 195 4834 trium
207 4794 408 4850 personarum.
427 4784 464 4837 lte
473 4781 565 4838 tribus
576 4781 814 4838 similitudinibus
823 4782 864 4839 ad
878 4781 1059 4837 Trinitatem.
1079 4779 1174 4836 Verba
1181 4777 1216 4833 de
1230 4777 1303 4834 libro
1314 4777 1423 4850 Rapum
1434 4773 1472 4830 ed
1493 4771 1623 4828 camdem
1633 4785 1704 4826 rem.

108 4986 216 5042 Deinde
248 4988 307 5043 ridi
338 4990 368 5044 in
401 4989 507 5061 angulo
539 4990 707 5046 occidentali
735 4990 923 5046 demonstrati
942 4989 1070 5060 Dipsius
1100 4985 1257 5043 intellectui
1279 5001 1343 5041 meo
1377 4987 1497 5056 pateret,
1528 4981 1578 5036 sed
1615 4979 1691 5052 quod
1715 4981 1826 5034 tentum

73 5072 184 5129 atinati
209 5075 371 5132 mirabilem
393 5082 422 5133 et
452 5080 591 5133 secretam
618 5083 705 5150 atque
735 5077 922 5134 fortissimam
977 5077 1050 5132 miro
1072 5075 1156 5131 modo
1180 5074 1347 5146 planissima
1362 5073 1470 5144 absque
1494 5069 1573 5126 omni
1594 5085 1666 5139 roga
1690 5067 1754 5122 fuit.
1771 5066 1828 5124 fla-

74 5161 236 5218 columnam
250 5164 375 5218 colorem
396 5179 552 5238 purpureae
576 5165 734 5238 nigredinis
756 5167 920 5236 habentem,
975 5167 1062 5222 hebet
1076 5171 1171 5220 sutem
1187 5165 1218 5220 in
1242 5163 1381 5220 exteriore
1396 5161 1441 5217 sui
1464 5164 1545 5233 parte
1572 5163 1629 5213 tres
1646 5155 1767 5227 angulos
1781 5169 1825 5209 oa-

74 5247 225 5320 aidemqne
253 5252 360 5322 angulo
386 5252 429 5308 ita
451 5253 619 5325 impositam
647 5257 680 5309 at
696 5259 726 5310 et
738 5254 814 5332 iutra
831 5259 921 5311 etex·
974 5254 1050 5326 lpbei
1064 5253 1168 5310 coloris
1183 5251 1282 5324 apede
1299 5266 1389 5324 osque
1417 5249 1453 5305 ad
1474 5262 1611 5304 cacumen
1627 5245 1727 5317 ipsius,
1746 5244 1824 5298 volut

74 5338 119 5389 tra
138 5335 233 5407 ipsum
255 5337 412 5396 edificium
443 5345 607 5414 appareret.
632 5340 700 5406 osiae
724 5342 811 5398 etism
832 5346 921 5398 tantae
975 5341 1155 5398 acutissimus
1169 5341 1282 5413 gladius
1301 5338 1470 5408 incidentes,
1501 5351 1625 5410 quornm
1638 5348 1714 5388 unus
1727 5335 1827 5388 contra

74 5425 245 5496 emutilatis
279 5432 352 5500 erat,
383 5434 417 5488 ut
448 5445 502 5488 nee
524 5430 697 5504 magnitudo
728 5446 782 5490 nee
800 5431 922 5489 altitudo
978 5429 1103 5488 aldeam
1117 5429 1289 5504 respiciebat
1302 5427 1352 5485 nbi
1372 5425 1533 5501 plurimum
1555 5421 1665 5498 putridi
1681 5420 1827 5480 straminis
