<?xml version="1.0" encoding="UTF-8"?>
<!DOCTYPE html PUBLIC "-//W3C//DTD XHTML 1.0 Transitional//EN"
    "http://www.w3.org/TR/xhtml1/DTD/xhtml1-transitional.dtd">
<html xmlns="http://www.w3.org/1999/xhtml" xml:lang="en" lang="en">
 <head>
  <title>
</title>
<meta http-equiv="Content-Type" content="text/html;charset=utf-8" />
  <meta name='ocr-system' content='tesseract 3.04.00' />
  <meta name='ocr-capabilities' content='ocr_page ocr_carea ocr_par ocr_line ocrx_word'/>
</head>
<body>
  <div class='ocr_page' id='page_1' title='image "./patrologiaecurs125unkngoog_0652.png"; bbox 0 0 3984 6034; ppageno 0'>
   <div class='ocr_carea' id='block_1_1' title="bbox 199 227 1946 323">
    <p class='ocr_par' dir='ltr' id='par_1_1' title="bbox 199 227 1946 323">
     <span class='ocr_line' id='line_1_1' title="bbox 199 227 1946 323; baseline -0.003 -11"><span class='ocrx_word' id='word_1_1' title='bbox 199 254 268 314; x_wconf 80' lang='lat' dir='ltr'><strong>ress</strong></span> <span class='ocrx_word' id='word_1_2' title='bbox 468 267 476 281; x_wconf 56' lang='lat'><em>1</em></span> <span class='ocrx_word' id='word_1_3' title='bbox 931 250 960 310; x_wconf 86' lang='lat' dir='ltr'><strong>s.</strong></span> <span class='ocrx_word' id='word_1_4' title='bbox 982 227 1218 323; x_wconf 80' lang='grc' dir='ltr'><strong>ιιιιιιιιίιιιιε</strong></span> <span class='ocrx_word' id='word_1_5' title='bbox 1879 252 1946 309; x_wconf 81' lang='lat' dir='ltr'><strong>lasa</strong></span> 
     </span>
    </p>
   </div>
   <div class='ocr_carea' id='block_1_2' title="bbox 182 383 1949 5059">
    <p class='ocr_par' dir='ltr' id='par_1_2' title="bbox 182 383 1949 5059">
     <span class='ocr_line' id='line_1_2' title="bbox 195 383 1948 462; baseline -0.002 -15"><span class='ocrx_word' id='word_1_6' title='bbox 195 390 347 448; x_wconf 79' lang='lat' dir='ltr'><strong>cervicalis</strong></span> <span class='ocrx_word' id='word_1_7' title='bbox 362 388 426 462; x_wconf 90' lang='lat' dir='ltr'><strong>plns</strong></span> <span class='ocrx_word' id='word_1_8' title='bbox 441 387 551 459; x_wconf 75' lang='lat' dir='ltr'><strong>ualent,</strong></span> <span class='ocrx_word' id='word_1_9' title='bbox 571 394 668 462; x_wconf 87' lang='lat' dir='ltr'><strong>quam</strong></span> <span class='ocrx_word' id='word_1_10' title='bbox 683 402 787 461; x_wconf 84' lang='lat' dir='ltr'><strong>pennae</strong></span> <span class='ocrx_word' id='word_1_11' title='bbox 810 387 985 460; x_wconf 73' lang='lat' dir='ltr'><strong>gallinarum</strong></span> <span class='ocrx_word' id='word_1_12' title='bbox 998 385 1048 459; x_wconf 84' lang='grc' dir='ltr'><strong>(ι),</strong></span> <span class='ocrx_word' id='word_1_13' title='bbox 1068 389 1186 451; x_wconf 78' lang='lat' dir='ltr'><strong>Ateste</strong></span> <span class='ocrx_word' id='word_1_14' title='bbox 1203 383 1250 441; x_wconf 87' lang='lat' dir='ltr'><strong>ori</strong></span> <span class='ocrx_word' id='word_1_15' title='bbox 1272 383 1398 457; x_wconf 87' lang='lat' dir='ltr'><strong>capiunt,</strong></span> <span class='ocrx_word' id='word_1_16' title='bbox 1417 388 1446 441; x_wconf 92' lang='grc' dir='ltr'><strong>ει</strong></span> <span class='ocrx_word' id='word_1_17' title='bbox 1473 384 1618 441; x_wconf 90' lang='lat' dir='ltr'><strong>modicum</strong></span> <span class='ocrx_word' id='word_1_18' title='bbox 1646 384 1682 441; x_wconf 90' lang='lat' dir='ltr'><strong>de</strong></span> <span class='ocrx_word' id='word_1_19' title='bbox 1708 385 1826 459; x_wconf 85' lang='lat' dir='ltr'><strong>pulvere</strong></span> <span class='ocrx_word' id='word_1_20' title='bbox 1848 384 1948 443; x_wconf 84' lang='lat' dir='ltr'><strong>cinna·</strong></span> 
     </span>
     <span class='ocr_line' id='line_1_3' title="bbox 194 471 1948 553; baseline -0.003 -16"><span class='ocrx_word' id='word_1_21' title='bbox 194 483 260 539; x_wconf 81' lang='lat' dir='ltr'><strong>Car.</strong></span> <span class='ocrx_word' id='word_1_22' title='bbox 282 477 349 533; x_wconf 81' lang='lat' dir='ltr'><strong>xlv,</strong></span> <span class='ocrx_word' id='word_1_23' title='bbox 374 507 409 517; x_wconf 84' lang='lat'>-</span> <span class='ocrx_word' id='word_1_24' title='bbox 424 478 464 533; x_wconf 84' lang='lat' dir='ltr'><strong>tle</strong></span> <span class='ocrx_word' id='word_1_25' title='bbox 485 477 577 533; x_wconf 79' lang='lat' dir='ltr'><strong>Gauro</strong></span> <span class='ocrx_word' id='word_1_26' title='bbox 594 493 625 531; x_wconf 80' lang='lat' dir='ltr'><strong>rr</strong></span> <span class='ocrx_word' id='word_1_27' title='bbox 650 476 771 531; x_wconf 74' lang='lat' dir='ltr'><strong>Granius</strong></span> <span class='ocrx_word' id='word_1_28' title='bbox 790 475 828 546; x_wconf 76' lang='lat' dir='ltr'><strong>(t)</strong></span> <span class='ocrx_word' id='word_1_29' title='bbox 850 474 907 546; x_wconf 77' lang='grc' dir='ltr'><strong>(ιιι,</strong></span> <span class='ocrx_word' id='word_1_30' title='bbox 928 490 959 539; x_wconf 98' lang='grc' dir='ltr'><strong>ιι,</strong></span> <span class='ocrx_word' id='word_1_31' title='bbox 986 471 1039 549; x_wconf 77' lang='grc' dir='ltr'><strong>ιι).</strong></span> <span class='ocrx_word' id='word_1_32' title='bbox 1096 474 1198 542; x_wconf 84' lang='grc' dir='ltr'><strong>ειιοιιιι,</strong></span> <span class='ocrx_word' id='word_1_33' title='bbox 1221 478 1253 531; x_wconf 91' lang='lat' dir='ltr'><strong>et</strong></span> <span class='ocrx_word' id='word_1_34' title='bbox 1280 475 1377 531; x_wconf 91' lang='lat' dir='ltr'><strong>minus</strong></span> <span class='ocrx_word' id='word_1_35' title='bbox 1401 474 1576 547; x_wconf 81' lang='lat' dir='ltr'><strong>depulsare</strong></span> <span class='ocrx_word' id='word_1_36' title='bbox 1599 473 1721 553; x_wconf 30' lang='lat' dir='ltr'><strong>&#39;zituaris</strong></span> <span class='ocrx_word' id='word_1_37' title='bbox 1748 475 1898 545; x_wconf 87' lang='lat' dir='ltr'><strong>immittat,</strong></span> <span class='ocrx_word' id='word_1_38' title='bbox 1920 481 1948 532; x_wconf 90' lang='lat' dir='ltr'><strong>et</strong></span> 
     </span>
     <span class='ocr_line' id='line_1_4' title="bbox 231 560 1949 637; baseline -0.001 -15"><span class='ocrx_word' id='word_1_39' title='bbox 231 567 328 623; x_wconf 85' lang='lat' dir='ltr'><strong>Gallus</strong></span> <span class='ocrx_word' id='word_1_40' title='bbox 353 570 383 621; x_wconf 91' lang='lat' dir='ltr'><strong>et</strong></span> <span class='ocrx_word' id='word_1_41' title='bbox 411 564 520 620; x_wconf 86' lang='lat' dir='ltr'><strong>Gallina</strong></span> <span class='ocrx_word' id='word_1_42' title='bbox 549 567 671 635; x_wconf 86' lang='lat' dir='ltr'><strong>uterque</strong></span> <span class='ocrx_word' id='word_1_43' title='bbox 703 562 838 634; x_wconf 85' lang='lat' dir='ltr'><strong>trigidum</strong></span> <span class='ocrx_word' id='word_1_44' title='bbox 876 568 906 617; x_wconf 90' lang='lat' dir='ltr'><strong>et</strong></span> <span class='ocrx_word' id='word_1_45' title='bbox 936 560 1039 616; x_wconf 84' lang='lat' dir='ltr'><strong>siccam</strong></span> <span class='ocrx_word' id='word_1_46' title='bbox 1095 564 1252 619; x_wconf 78' lang='lat' dir='ltr'><strong>sorbicium</strong></span> <span class='ocrx_word' id='word_1_47' title='bbox 1278 564 1458 635; x_wconf 88' lang='lat' dir='ltr'><strong>aliquantum</strong></span> <span class='ocrx_word' id='word_1_48' title='bbox 1484 565 1606 636; x_wconf 85' lang='lat' dir='ltr'><strong>spissum</strong></span> <span class='ocrx_word' id='word_1_49' title='bbox 1629 563 1699 620; x_wconf 91' lang='lat' dir='ltr'><strong>inde</strong></span> <span class='ocrx_word' id='word_1_50' title='bbox 1720 570 1813 637; x_wconf 85' lang='lat' dir='ltr'><strong>peret,</strong></span> <span class='ocrx_word' id='word_1_51' title='bbox 1839 569 1870 619; x_wconf 91' lang='lat' dir='ltr'><strong>et</strong></span> <span class='ocrx_word' id='word_1_52' title='bbox 1888 580 1949 621; x_wconf 80' lang='lat' dir='ltr'><strong>mo</strong></span> 
     </span>
     <span class='ocr_line' id='line_1_5' title="bbox 195 649 1945 726; baseline -0.002 -13"><span class='ocrx_word' id='word_1_53' title='bbox 195 653 454 713; x_wconf 88' lang='lat' dir='ltr'><strong>natnramhahent</strong></span> <span class='ocrx_word' id='word_1_54' title='bbox 474 660 577 708; x_wconf 89' lang='lat' dir='ltr'><strong>elnon</strong></span> <span class='ocrx_word' id='word_1_55' title='bbox 603 651 785 719; x_wconf 75' lang='lat' dir='ltr'><strong>alteratam,</strong></span> <span class='ocrx_word' id='word_1_56' title='bbox 806 650 875 722; x_wconf 86' lang='lat' dir='ltr'><strong>quia</strong></span> <span class='ocrx_word' id='word_1_57' title='bbox 894 649 1041 722; x_wconf 75' lang='lat' dir='ltr'><strong>praecipue</strong></span> <span class='ocrx_word' id='word_1_58' title='bbox 1095 651 1158 707; x_wconf 91' lang='lat' dir='ltr'><strong>dice</strong></span> <span class='ocrx_word' id='word_1_59' title='bbox 1179 652 1304 708; x_wconf 91' lang='lat' dir='ltr'><strong>calidum</strong></span> <span class='ocrx_word' id='word_1_60' title='bbox 1333 656 1393 707; x_wconf 92' lang='lat' dir='ltr'><strong>tam</strong></span> <span class='ocrx_word' id='word_1_61' title='bbox 1411 651 1529 723; x_wconf 83' lang='lat' dir='ltr'><strong>jejunus</strong></span> <span class='ocrx_word' id='word_1_62' title='bbox 1557 668 1645 725; x_wconf 92' lang='lat' dir='ltr'><strong>quam</strong></span> <span class='ocrx_word' id='word_1_63' title='bbox 1669 669 1792 726; x_wconf 86' lang='lat' dir='ltr'><strong>pransus</strong></span> <span class='ocrx_word' id='word_1_64' title='bbox 1819 654 1945 723; x_wconf 87' lang='lat' dir='ltr'><strong>sorbeat,</strong></span> 
     </span>
     <span class='ocr_line' id='line_1_6' title="bbox 194 739 1549 813; baseline -0.004 -13"><span class='ocrx_word' id='word_1_65' title='bbox 194 746 231 801; x_wconf 89' lang='lat' dir='ltr'><strong>de</strong></span> <span class='ocrx_word' id='word_1_66' title='bbox 254 759 320 800; x_wconf 88' lang='lat' dir='ltr'><strong>aare</strong></span> <span class='ocrx_word' id='word_1_67' title='bbox 340 742 522 799; x_wconf 86' lang='lat' dir='ltr'><strong>terrestrium</strong></span> <span class='ocrx_word' id='word_1_68' title='bbox 544 739 713 796; x_wconf 86' lang='lat' dir='ltr'><strong>animalium</strong></span> <span class='ocrx_word' id='word_1_69' title='bbox 739 739 795 812; x_wconf 79' lang='lat'><strong>(3);</strong></span> <span class='ocrx_word' id='word_1_70' title='bbox 815 745 845 795; x_wconf 91' lang='lat' dir='ltr'><strong>et</strong></span> <span class='ocrx_word' id='word_1_71' title='bbox 866 755 965 794; x_wconf 89' lang='lat' dir='ltr'><strong>carnes</strong></span> <span class='ocrx_word' id='word_1_72' title='bbox 987 754 1040 793; x_wconf 88' lang='lat' dir='ltr'><strong>eo·</strong></span> <span class='ocrx_word' id='word_1_73' title='bbox 1094 747 1123 797; x_wconf 94' lang='grc' dir='ltr'><strong>ει</strong></span> <span class='ocrx_word' id='word_1_74' title='bbox 1137 740 1240 796; x_wconf 88' lang='grc' dir='ltr'><strong>ιιιειιιιε</strong></span> <span class='ocrx_word' id='word_1_75' title='bbox 1253 740 1381 796; x_wconf 86' lang='lat' dir='ltr'><strong>habebit.</strong></span> <span class='ocrx_word' id='word_1_76' title='bbox 1396 740 1474 795; x_wconf 76' lang='lat' dir='ltr'><strong>Aac.</strong></span> <span class='ocrx_word' id='word_1_77' title='bbox 1494 741 1549 813; x_wconf 75' lang='grc' dir='ltr'><strong>ιιι.)</strong></span> 
     </span>
     <span class='ocr_line' id='line_1_7' title="bbox 193 828 1836 903; baseline -0.002 -15"><span class='ocrx_word' id='word_1_78' title='bbox 193 849 260 889; x_wconf 89' lang='lat' dir='ltr'><strong>ram</strong></span> <span class='ocrx_word' id='word_1_79' title='bbox 282 831 360 888; x_wconf 86' lang='lat' dir='ltr'><strong>sanis</strong></span> <span class='ocrx_word' id='word_1_80' title='bbox 382 830 550 887; x_wconf 89' lang='lat' dir='ltr'><strong>hominibus</strong></span> <span class='ocrx_word' id='word_1_81' title='bbox 571 829 655 884; x_wconf 75' lang='lat' dir='ltr'><strong>bones</strong></span> <span class='ocrx_word' id='word_1_82' title='bbox 671 834 749 899; x_wconf 88' lang='lat' dir='ltr'><strong>suut,</strong></span> <span class='ocrx_word' id='word_1_83' title='bbox 765 828 813 883; x_wconf 88' lang='lat' dir='ltr'><strong>sad</strong></span> <span class='ocrx_word' id='word_1_84' title='bbox 834 832 968 883; x_wconf 72' lang='lat' dir='ltr'><strong>comestae</strong></span> <span class='ocrx_word' id='word_1_85' title='bbox 992 843 1041 883; x_wconf 90' lang='lat' dir='ltr'><strong>eos</strong></span> <span class='ocrx_word' id='word_1_86' title='bbox 1200 829 1264 886; x_wconf 82' lang='lat' dir='ltr'><strong>Car.</strong></span> <span class='ocrx_word' id='word_1_87' title='bbox 1284 829 1339 885; x_wconf 76' lang='lat' dir='ltr'><strong>xl.</strong></span> <span class='ocrx_word' id='word_1_88' title='bbox 1355 860 1390 869; x_wconf 88' lang='lat'><strong>—-</strong></span> <span class='ocrx_word' id='word_1_89' title='bbox 1409 831 1450 885; x_wconf 86' lang='grc' dir='ltr'><strong>[ιε</strong></span> <span class='ocrx_word' id='word_1_90' title='bbox 1472 830 1571 885; x_wconf 79' lang='lat' dir='ltr'><strong>[lanua</strong></span> <span class='ocrx_word' id='word_1_91' title='bbox 1590 830 1630 902; x_wconf 81' lang='lat' dir='ltr'><strong>(l)</strong></span> <span class='ocrx_word' id='word_1_92' title='bbox 1650 830 1706 902; x_wconf 80' lang='lat' dir='ltr'><strong>[lV,</strong></span> <span class='ocrx_word' id='word_1_93' title='bbox 1726 846 1758 901; x_wconf 89' lang='grc' dir='ltr'><strong>ιι,</strong></span> <span class='ocrx_word' id='word_1_94' title='bbox 1781 828 1836 903; x_wconf 74' lang='grc' dir='ltr'><strong>ιι).</strong></span> 
     </span>
     <span class='ocr_line' id='line_1_8' title="bbox 192 915 1943 994; baseline -0.002 -17"><span class='ocrx_word' id='word_1_95' title='bbox 192 922 317 994; x_wconf 80' lang='lat' dir='ltr'><strong>pingues</strong></span> <span class='ocrx_word' id='word_1_96' title='bbox 345 935 404 976; x_wconf 92' lang='lat' dir='ltr'><strong>non</strong></span> <span class='ocrx_word' id='word_1_97' title='bbox 434 918 553 984; x_wconf 86' lang='lat' dir='ltr'><strong>iaciunt,</strong></span> <span class='ocrx_word' id='word_1_98' title='bbox 579 916 710 972; x_wconf 89' lang='lat' dir='ltr'><strong>intirmos</strong></span> <span class='ocrx_word' id='word_1_99' title='bbox 731 921 827 971; x_wconf 87' lang='lat' dir='ltr'><strong>aulem</strong></span> <span class='ocrx_word' id='word_1_100' title='bbox 860 915 1040 987; x_wconf 89' lang='lat' dir='ltr'><strong>aliquantum</strong></span> <span class='ocrx_word' id='word_1_101' title='bbox 1131 917 1226 973; x_wconf 78' lang='lat' dir='ltr'><strong>Urbim</strong></span> <span class='ocrx_word' id='word_1_102' title='bbox 1245 916 1639 990; x_wconf 83' lang='lat' dir='ltr'><strong>calidnmetaliquantulum</strong></span> <span class='ocrx_word' id='word_1_103' title='bbox 1653 917 1818 985; x_wconf 87' lang='lat' dir='ltr'><strong>humidum,</strong></span> <span class='ocrx_word' id='word_1_104' title='bbox 1833 922 1864 974; x_wconf 88' lang='lat' dir='ltr'><strong>et</strong></span> <span class='ocrx_word' id='word_1_105' title='bbox 1879 918 1943 974; x_wconf 89' lang='lat' dir='ltr'><strong>ideo</strong></span> 
     </span>
     <span class='ocr_line' id='line_1_9' title="bbox 193 1002 1942 1077; baseline -0.001 -12"><span class='ocrx_word' id='word_1_106' title='bbox 193 1008 362 1065; x_wconf 71' lang='lat' dir='ltr'><strong>refocillant.</strong></span> <span class='ocrx_word' id='word_1_107' title='bbox 386 1006 469 1072; x_wconf 80' lang='lat' dir='ltr'><strong>Quod</strong></span> <span class='ocrx_word' id='word_1_108' title='bbox 498 1005 522 1060; x_wconf 90' lang='lat' dir='ltr'><strong>ai</strong></span> <span class='ocrx_word' id='word_1_109' title='bbox 559 1003 665 1076; x_wconf 90' lang='lat' dir='ltr'><strong>aliquis</strong></span> <span class='ocrx_word' id='word_1_110' title='bbox 704 1003 786 1058; x_wconf 81' lang='lat' dir='ltr'><strong>valde</strong></span> <span class='ocrx_word' id='word_1_111' title='bbox 817 1002 983 1059; x_wconf 86' lang='lat' dir='ltr'><strong>infirmatur</strong></span> <span class='ocrx_word' id='word_1_112' title='bbox 1013 1007 1042 1058; x_wconf 92' lang='lat' dir='ltr'><strong>et</strong></span> <span class='ocrx_word' id='word_1_113' title='bbox 1094 1010 1154 1061; x_wconf 88' lang='lat' dir='ltr'><strong>lam</strong></span> <span class='ocrx_word' id='word_1_114' title='bbox 1169 1004 1291 1061; x_wconf 85' lang='lat' dir='ltr'><strong>infirmis</strong></span> <span class='ocrx_word' id='word_1_115' title='bbox 1309 1020 1396 1077; x_wconf 87' lang='lat' dir='ltr'><strong>quam</strong></span> <span class='ocrx_word' id='word_1_116' title='bbox 1419 1006 1495 1061; x_wconf 86' lang='lat' dir='ltr'><strong>sanis</strong></span> <span class='ocrx_word' id='word_1_117' title='bbox 1514 1006 1545 1061; x_wconf 93' lang='grc' dir='ltr'><strong>ιιι</strong></span> <span class='ocrx_word' id='word_1_118' title='bbox 1559 1008 1734 1063; x_wconf 78' lang='lat' dir='ltr'><strong>comestione</strong></span> <span class='ocrx_word' id='word_1_119' title='bbox 1756 1006 1869 1062; x_wconf 92' lang='lat' dir='ltr'><strong>honum</strong></span> <span class='ocrx_word' id='word_1_120' title='bbox 1894 1012 1942 1065; x_wconf 87' lang='lat' dir='ltr'><strong>est.</strong></span> 
     </span>
     <span class='ocr_line' id='line_1_10' title="bbox 192 1090 1942 1166; baseline -0.001 -13"><span class='ocrx_word' id='word_1_121' title='bbox 192 1113 293 1153; x_wconf 87' lang='lat' dir='ltr'><strong>carnes</strong></span> <span class='ocrx_word' id='word_1_122' title='bbox 316 1095 385 1151; x_wconf 84' lang='lat' dir='ltr'><strong>istas</strong></span> <span class='ocrx_word' id='word_1_123' title='bbox 408 1095 576 1166; x_wconf 84' lang='lat' dir='ltr'><strong>trequenter</strong></span> <span class='ocrx_word' id='word_1_124' title='bbox 594 1090 729 1159; x_wconf 88' lang='lat' dir='ltr'><strong>eomedit,</strong></span> <span class='ocrx_word' id='word_1_125' title='bbox 753 1092 783 1145; x_wconf 91' lang='lat' dir='ltr'><strong>in</strong></span> <span class='ocrx_word' id='word_1_126' title='bbox 811 1090 958 1146; x_wconf 75' lang='lat' dir='ltr'><strong>stomacho</strong></span> <span class='ocrx_word' id='word_1_127' title='bbox 978 1090 1040 1161; x_wconf 86' lang='lat' dir='ltr'><strong>ejus</strong></span> <span class='ocrx_word' id='word_1_128' title='bbox 1094 1094 1129 1149; x_wconf 86' lang='lat' dir='ltr'><strong>Et</strong></span> <span class='ocrx_word' id='word_1_129' title='bbox 1147 1094 1173 1150; x_wconf 88' lang='lat' dir='ltr'><strong>si</strong></span> <span class='ocrx_word' id='word_1_130' title='bbox 1187 1094 1286 1150; x_wconf 85' lang='lat' dir='ltr'><strong>madeo</strong></span> <span class='ocrx_word' id='word_1_131' title='bbox 1310 1095 1429 1166; x_wconf 86' lang='lat' dir='ltr'><strong>[tarmus</strong></span> <span class='ocrx_word' id='word_1_132' title='bbox 1450 1094 1505 1166; x_wconf 80' lang='lat' dir='ltr'><strong>ed]</strong></span> <span class='ocrx_word' id='word_1_133' title='bbox 1522 1098 1573 1151; x_wconf 87' lang='lat' dir='ltr'><strong>aut</strong></span> <span class='ocrx_word' id='word_1_134' title='bbox 1590 1094 1641 1150; x_wconf 91' lang='lat' dir='ltr'><strong>alii</strong></span> <span class='ocrx_word' id='word_1_135' title='bbox 1663 1110 1776 1151; x_wconf 79' lang='lat' dir='ltr'><strong>aerinas</strong></span> <span class='ocrx_word' id='word_1_136' title='bbox 1794 1094 1942 1151; x_wconf 87' lang='lat' dir='ltr'><strong>hominem</strong></span> 
     </span>
     <span class='ocr_line' id='line_1_11' title="bbox 192 1180 1942 1258; baseline -0.001 -17"><span class='ocrx_word' id='word_1_137' title='bbox 192 1186 256 1241; x_wconf 80' lang='lat' dir='ltr'><strong>slim</strong></span> <span class='ocrx_word' id='word_1_138' title='bbox 271 1189 366 1258; x_wconf 88' lang='lat' dir='ltr'><strong>parat,</strong></span> <span class='ocrx_word' id='word_1_139' title='bbox 386 1188 417 1239; x_wconf 92' lang='lat' dir='ltr'><strong>et</strong></span> <span class='ocrx_word' id='word_1_140' title='bbox 441 1182 537 1254; x_wconf 91' lang='lat' dir='ltr'><strong>ipsum</strong></span> <span class='ocrx_word' id='word_1_141' title='bbox 566 1181 745 1236; x_wconf 89' lang='lat' dir='ltr'><strong>stomachum</strong></span> <span class='ocrx_word' id='word_1_142' title='bbox 769 1180 808 1234; x_wconf 86' lang='lat' dir='ltr'><strong>ita</strong></span> <span class='ocrx_word' id='word_1_143' title='bbox 831 1180 973 1236; x_wconf 87' lang='lat' dir='ltr'><strong>inllrmari</strong></span> <span class='ocrx_word' id='word_1_144' title='bbox 998 1180 1040 1234; x_wconf 81' lang='lat' dir='ltr'><strong>ia·</strong></span> <span class='ocrx_word' id='word_1_145' title='bbox 1094 1182 1261 1251; x_wconf 90' lang='lat' dir='ltr'><strong>comedunt,</strong></span> <span class='ocrx_word' id='word_1_146' title='bbox 1278 1182 1401 1239; x_wconf 84' lang='lat' dir='ltr'><strong>vesicam</strong></span> <span class='ocrx_word' id='word_1_147' title='bbox 1424 1180 1548 1240; x_wconf 82' lang='lat' dir='ltr'><strong>Urbanas</strong></span> <span class='ocrx_word' id='word_1_148' title='bbox 1569 1183 1727 1255; x_wconf 77' lang='lat' dir='ltr'><strong>pulveriza,</strong></span> <span class='ocrx_word' id='word_1_149' title='bbox 1744 1186 1773 1239; x_wconf 90' lang='lat' dir='ltr'><strong>et</strong></span> <span class='ocrx_word' id='word_1_150' title='bbox 1795 1182 1942 1254; x_wconf 80' lang='lat' dir='ltr'><strong>pulverem</strong></span> 
     </span>
     <span class='ocr_line' id='line_1_12' title="bbox 192 1268 1941 1346; baseline 0 -17"><span class='ocrx_word' id='word_1_151' title='bbox 192 1275 250 1343; x_wconf 91' lang='lat' dir='ltr'><strong>cit,</strong></span> <span class='ocrx_word' id='word_1_152' title='bbox 280 1274 358 1346; x_wconf 87' lang='lat' dir='ltr'><strong>quod</strong></span> <span class='ocrx_word' id='word_1_153' title='bbox 386 1276 527 1327; x_wconf 87' lang='lat' dir='ltr'><strong>comestos</strong></span> <span class='ocrx_word' id='word_1_154' title='bbox 558 1268 638 1325; x_wconf 89' lang='lat' dir='ltr'><strong>cibos</strong></span> <span class='ocrx_word' id='word_1_155' title='bbox 677 1269 722 1325; x_wconf 84' lang='lat' dir='ltr'><strong>rix</strong></span> <span class='ocrx_word' id='word_1_156' title='bbox 753 1268 884 1341; x_wconf 74' lang='lat' dir='ltr'><strong>digerere</strong></span> <span class='ocrx_word' id='word_1_157' title='bbox 922 1268 1039 1341; x_wconf 87' lang='lat' dir='ltr'><strong>poterit,</strong></span> <span class='ocrx_word' id='word_1_158' title='bbox 1093 1270 1180 1327; x_wconf 92' lang='lat' dir='ltr'><strong>istum</strong></span> <span class='ocrx_word' id='word_1_159' title='bbox 1205 1271 1347 1325; x_wconf 91' lang='lat' dir='ltr'><strong>inlocum</strong></span> <span class='ocrx_word' id='word_1_160' title='bbox 1370 1270 1499 1325; x_wconf 91' lang='lat' dir='ltr'><strong>ulcerum</strong></span> <span class='ocrx_word' id='word_1_161' title='bbox 1523 1269 1639 1327; x_wconf 90' lang='lat' dir='ltr'><strong>illorum</strong></span> <span class='ocrx_word' id='word_1_162' title='bbox 1664 1286 1751 1344; x_wconf 92' lang='lat' dir='ltr'><strong>pone,</strong></span> <span class='ocrx_word' id='word_1_163' title='bbox 1775 1276 1805 1329; x_wconf 88' lang='lat' dir='ltr'><strong>el</strong></span> <span class='ocrx_word' id='word_1_164' title='bbox 1825 1287 1895 1329; x_wconf 93' lang='lat' dir='ltr'><strong>cum</strong></span> <span class='ocrx_word' id='word_1_165' title='bbox 1911 1272 1941 1329; x_wconf 87' lang='lat' dir='ltr'><strong>de</strong></span> 
     </span>
     <span class='ocr_line' id='line_1_13' title="bbox 192 1356 1877 1435; baseline -0.002 -18"><span class='ocrx_word' id='word_1_166' title='bbox 192 1363 261 1435; x_wconf 82' lang='lat' dir='ltr'><strong>quia</strong></span> <span class='ocrx_word' id='word_1_167' title='bbox 286 1361 393 1417; x_wconf 80' lang='lat' dir='ltr'><strong>eaedem</strong></span> <span class='ocrx_word' id='word_1_168' title='bbox 420 1374 521 1415; x_wconf 86' lang='lat' dir='ltr'><strong>earnes</strong></span> <span class='ocrx_word' id='word_1_169' title='bbox 547 1357 661 1430; x_wconf 82' lang='lat' dir='ltr'><strong>trigidae</strong></span> <span class='ocrx_word' id='word_1_170' title='bbox 689 1362 756 1413; x_wconf 90' lang='lat' dir='ltr'><strong>sunl</strong></span> <span class='ocrx_word' id='word_1_171' title='bbox 776 1358 826 1429; x_wconf 76' lang='lat'><strong>(4).</strong></span> <span class='ocrx_word' id='word_1_172' title='bbox 855 1357 910 1413; x_wconf 86' lang='lat' dir='ltr'><strong>Sed</strong></span> <span class='ocrx_word' id='word_1_173' title='bbox 935 1359 959 1412; x_wconf 88' lang='lat' dir='ltr'><strong>si</strong></span> <span class='ocrx_word' id='word_1_174' title='bbox 986 1356 1040 1413; x_wconf 86' lang='lat' dir='ltr'><strong>iste</strong></span> <span class='ocrx_word' id='word_1_175' title='bbox 1093 1358 1277 1433; x_wconf 84' lang='lat' dir='ltr'><strong>pulvereisto</strong></span> <span class='ocrx_word' id='word_1_176' title='bbox 1290 1357 1479 1429; x_wconf 85' lang='lat' dir='ltr'><strong>gustaverint,</strong></span> <span class='ocrx_word' id='word_1_177' title='bbox 1493 1357 1670 1414; x_wconf 89' lang='lat' dir='ltr'><strong>moriuntur.</strong></span> <span class='ocrx_word' id='word_1_178' title='bbox 1874 1362 1877 1365; x_wconf 83' lang='lat'>&#39;</span> 
     </span>
     <span class='ocr_line' id='line_1_14' title="bbox 191 1446 1854 1523; baseline -0.001 -17"><span class='ocrx_word' id='word_1_179' title='bbox 191 1450 243 1523; x_wconf 85' lang='lat' dir='ltr'><strong>qui</strong></span> <span class='ocrx_word' id='word_1_180' title='bbox 273 1449 356 1506; x_wconf 85' lang='lat' dir='ltr'><strong>ralds</strong></span> <span class='ocrx_word' id='word_1_181' title='bbox 397 1450 571 1518; x_wconf 89' lang='lat' dir='ltr'><strong>intirmatur,</strong></span> <span class='ocrx_word' id='word_1_182' title='bbox 597 1463 698 1503; x_wconf 86' lang='lat' dir='ltr'><strong>carnes</strong></span> <span class='ocrx_word' id='word_1_183' title='bbox 732 1447 905 1518; x_wconf 75' lang='lat' dir='ltr'><strong>gallinarum</strong></span> <span class='ocrx_word' id='word_1_184' title='bbox 943 1460 1041 1501; x_wconf 88' lang='lat' dir='ltr'><strong>come·</strong></span> <span class='ocrx_word' id='word_1_185' title='bbox 1183 1448 1247 1503; x_wconf 80' lang='lat' dir='ltr'><strong>Car.</strong></span> <span class='ocrx_word' id='word_1_186' title='bbox 1267 1448 1334 1503; x_wconf 79' lang='lat' dir='ltr'><strong>tvl.</strong></span> <span class='ocrx_word' id='word_1_187' title='bbox 1353 1477 1389 1487; x_wconf 93' lang='lat'><em>-</em></span> <span class='ocrx_word' id='word_1_188' title='bbox 1409 1447 1449 1502; x_wconf 84' lang='lat' dir='ltr'><strong>lla</strong></span> <span class='ocrx_word' id='word_1_189' title='bbox 1472 1447 1586 1503; x_wconf 77' lang='lat' dir='ltr'><strong>Rursus</strong></span> <span class='ocrx_word' id='word_1_190' title='bbox 1606 1446 1642 1519; x_wconf 84' lang='grc'><strong>(8)</strong></span> <span class='ocrx_word' id='word_1_191' title='bbox 1663 1446 1719 1519; x_wconf 80' lang='grc' dir='ltr'><strong>(ιιι,</strong></span> <span class='ocrx_word' id='word_1_192' title='bbox 1746 1464 1777 1515; x_wconf 94' lang='grc' dir='ltr'><strong>ιι,</strong></span> <span class='ocrx_word' id='word_1_193' title='bbox 1801 1447 1854 1519; x_wconf 78' lang='grc' dir='ltr'><strong>ιι).</strong></span> 
     </span>
     <span class='ocr_line' id='line_1_15' title="bbox 191 1532 1939 1608; baseline -0.003 -12"><span class='ocrx_word' id='word_1_194' title='bbox 191 1543 260 1596; x_wconf 90' lang='lat' dir='ltr'><strong>dere</strong></span> <span class='ocrx_word' id='word_1_195' title='bbox 293 1537 425 1601; x_wconf 85' lang='lat' dir='ltr'><strong>voluerit,</strong></span> <span class='ocrx_word' id='word_1_196' title='bbox 465 1553 513 1593; x_wconf 88' lang='lat' dir='ltr'><strong>aas</strong></span> <span class='ocrx_word' id='word_1_197' title='bbox 541 1552 607 1591; x_wconf 93' lang='lat' dir='ltr'><strong>cum</strong></span> <span class='ocrx_word' id='word_1_198' title='bbox 635 1535 699 1591; x_wconf 89' lang='lat' dir='ltr'><strong>aliie</strong></span> <span class='ocrx_word' id='word_1_199' title='bbox 736 1535 911 1607; x_wconf 81' lang='lat' dir='ltr'><strong>quibuslibet</strong></span> <span class='ocrx_word' id='word_1_200' title='bbox 945 1534 1040 1590; x_wconf 91' lang='lat' dir='ltr'><strong>carni·</strong></span> <span class='ocrx_word' id='word_1_201' title='bbox 1132 1536 1242 1607; x_wconf 82' lang='lat' dir='ltr'><strong>llepbua</strong></span> <span class='ocrx_word' id='word_1_202' title='bbox 1268 1532 1381 1608; x_wconf 83' lang='lat' dir='ltr'><strong>[Perdix</strong></span> <span class='ocrx_word' id='word_1_203' title='bbox 1402 1534 1458 1606; x_wconf 81' lang='lat' dir='ltr'><strong>ed]</strong></span> <span class='ocrx_word' id='word_1_204' title='bbox 1486 1534 1591 1606; x_wconf 84' lang='lat' dir='ltr'><strong>trigida</strong></span> <span class='ocrx_word' id='word_1_205' title='bbox 1614 1540 1666 1603; x_wconf 89' lang='lat' dir='ltr'><strong>est,</strong></span> <span class='ocrx_word' id='word_1_206' title='bbox 1692 1536 1742 1591; x_wconf 90' lang='lat' dir='ltr'><strong>sed</strong></span> <span class='ocrx_word' id='word_1_207' title='bbox 1768 1540 1866 1591; x_wconf 83' lang='grc' dir='ltr'><strong>ιειιιειι</strong></span> <span class='ocrx_word' id='word_1_208' title='bbox 1894 1535 1939 1591; x_wconf 78' lang='lat' dir='ltr'><strong>do</strong></span> 
     </span>
     <span class='ocr_line' id='line_1_16' title="bbox 190 1622 1939 1699; baseline -0.002 -16"><span class='ocrx_word' id='word_1_209' title='bbox 190 1628 245 1684; x_wconf 90' lang='lat' dir='ltr'><strong>bus</strong></span> <span class='ocrx_word' id='word_1_210' title='bbox 275 1626 361 1699; x_wconf 85' lang='lat' dir='ltr'><strong>coqui</strong></span> <span class='ocrx_word' id='word_1_211' title='bbox 387 1625 473 1682; x_wconf 81' lang='lat' dir='ltr'><strong>iaciat</strong></span> <span class='ocrx_word' id='word_1_212' title='bbox 497 1630 532 1681; x_wconf 94' lang='lat' dir='ltr'><strong>ut</strong></span> <span class='ocrx_word' id='word_1_213' title='bbox 569 1640 653 1680; x_wconf 89' lang='lat' dir='ltr'><strong>sacco</strong></span> <span class='ocrx_word' id='word_1_214' title='bbox 681 1623 796 1679; x_wconf 89' lang='lat' dir='ltr'><strong>illarum</strong></span> <span class='ocrx_word' id='word_1_215' title='bbox 832 1627 1039 1696; x_wconf 75' lang='lat' dir='ltr'><strong>temperentur,</strong></span> <span class='ocrx_word' id='word_1_216' title='bbox 1094 1624 1212 1679; x_wconf 88' lang='lat' dir='ltr'><strong>mestica</strong></span> <span class='ocrx_word' id='word_1_217' title='bbox 1231 1624 1336 1695; x_wconf 89' lang='lat' dir='ltr'><strong>gallina</strong></span> <span class='ocrx_word' id='word_1_218' title='bbox 1362 1624 1398 1695; x_wconf 85' lang='grc'><strong>(9)</strong></span> <span class='ocrx_word' id='word_1_219' title='bbox 1413 1623 1529 1696; x_wconf 88' lang='lat' dir='ltr'><strong>perdice</strong></span> <span class='ocrx_word' id='word_1_220' title='bbox 1553 1622 1688 1695; x_wconf 71' lang='lat' dir='ltr'><strong>frigidior</strong></span> <span class='ocrx_word' id='word_1_221' title='bbox 1705 1630 1768 1693; x_wconf 90' lang='lat' dir='ltr'><strong>est,</strong></span> <span class='ocrx_word' id='word_1_222' title='bbox 1791 1630 1822 1680; x_wconf 91' lang='lat' dir='ltr'><strong>et</strong></span> <span class='ocrx_word' id='word_1_223' title='bbox 1845 1624 1939 1696; x_wconf 88' lang='lat' dir='ltr'><strong>inper-</strong></span> 
     </span>
     <span class='ocr_line' id='line_1_17' title="bbox 191 1701 1941 1789; baseline -0.003 -18"><span class='ocrx_word' id='word_1_224' title='bbox 191 1716 261 1789; x_wconf 84' lang='lat' dir='ltr'><strong>qaia</strong></span> <span class='ocrx_word' id='word_1_225' title='bbox 275 1715 357 1770; x_wconf 79' lang='lat' dir='ltr'><strong>siccae</strong></span> <span class='ocrx_word' id='word_1_226' title='bbox 384 1719 462 1784; x_wconf 91' lang='lat' dir='ltr'><strong>sunt,</strong></span> <span class='ocrx_word' id='word_1_227' title='bbox 486 1717 515 1769; x_wconf 88' lang='lat' dir='ltr'><strong>et</strong></span> <span class='ocrx_word' id='word_1_228' title='bbox 536 1713 576 1768; x_wconf 90' lang='lat' dir='ltr'><strong>sic</strong></span> <span class='ocrx_word' id='word_1_229' title='bbox 599 1713 742 1779; x_wconf 84' lang='lat' dir='ltr'><strong>comedet,</strong></span> <span class='ocrx_word' id='word_1_230' title='bbox 761 1728 838 1768; x_wconf 88' lang='lat' dir='ltr'><strong>assas</strong></span> <span class='ocrx_word' id='word_1_231' title='bbox 852 1717 950 1767; x_wconf 90' lang='lat' dir='ltr'><strong>autem</strong></span> <span class='ocrx_word' id='word_1_232' title='bbox 963 1710 1039 1767; x_wconf 84' lang='lat' dir='ltr'><strong>deri·</strong></span> <span class='ocrx_word' id='word_1_233' title='bbox 1058 1701 1249 1769; x_wconf 82' lang='lat' dir='ltr'><strong>Blectionem</strong></span> <span class='ocrx_word' id='word_1_234' title='bbox 1271 1713 1302 1767; x_wconf 91' lang='lat' dir='ltr'><strong>in</strong></span> <span class='ocrx_word' id='word_1_235' title='bbox 1323 1727 1354 1766; x_wconf 90' lang='lat' dir='ltr'><strong>se</strong></span> <span class='ocrx_word' id='word_1_236' title='bbox 1377 1710 1472 1781; x_wconf 87' lang='lat' dir='ltr'><strong>hebet,</strong></span> <span class='ocrx_word' id='word_1_237' title='bbox 1488 1727 1521 1766; x_wconf 91' lang='lat' dir='ltr'><strong>ac</strong></span> <span class='ocrx_word' id='word_1_238' title='bbox 1542 1712 1629 1767; x_wconf 87' lang='lat' dir='ltr'><strong>eliam</strong></span> <span class='ocrx_word' id='word_1_239' title='bbox 1655 1710 1756 1784; x_wconf 83' lang='lat' dir='ltr'><strong>perdix</strong></span> <span class='ocrx_word' id='word_1_240' title='bbox 1780 1711 1941 1767; x_wconf 74' lang='lat' dir='ltr'><strong>instabilior</strong></span> 
     </span>
     <span class='ocr_line' id='line_1_18' title="bbox 189 1799 1942 1876; baseline -0.004 -14"><span class='ocrx_word' id='word_1_241' title='bbox 189 1812 243 1873; x_wconf 88' lang='lat' dir='ltr'><strong>tet,</strong></span> <span class='ocrx_word' id='word_1_242' title='bbox 271 1804 340 1876; x_wconf 88' lang='lat' dir='ltr'><strong>quia</strong></span> <span class='ocrx_word' id='word_1_243' title='bbox 375 1820 423 1859; x_wconf 89' lang='lat' dir='ltr'><strong>eas</strong></span> <span class='ocrx_word' id='word_1_244' title='bbox 443 1803 489 1858; x_wconf 85' lang='lat' dir='ltr'><strong>vix</strong></span> <span class='ocrx_word' id='word_1_245' title='bbox 519 1801 650 1876; x_wconf 84' lang='lat' dir='ltr'><strong>digerere</strong></span> <span class='ocrx_word' id='word_1_246' title='bbox 673 1800 790 1873; x_wconf 88' lang='lat' dir='ltr'><strong>poterit.</strong></span> <span class='ocrx_word' id='word_1_247' title='bbox 812 1802 847 1857; x_wconf 83' lang='lat' dir='ltr'><strong>Et</strong></span> <span class='ocrx_word' id='word_1_248' title='bbox 867 1800 974 1873; x_wconf 91' lang='lat' dir='ltr'><strong>gallina</strong></span> <span class='ocrx_word' id='word_1_249' title='bbox 1003 1800 1039 1855; x_wconf 88' lang='lat' dir='ltr'><strong>ad</strong></span> <span class='ocrx_word' id='word_1_250' title='bbox 1094 1816 1181 1874; x_wconf 86' lang='lat' dir='ltr'><strong>quam</strong></span> <span class='ocrx_word' id='word_1_251' title='bbox 1200 1800 1357 1856; x_wconf 86' lang='lat' dir='ltr'><strong>domestica</strong></span> <span class='ocrx_word' id='word_1_252' title='bbox 1383 1799 1500 1872; x_wconf 85' lang='lat' dir='ltr'><strong>gallina,</strong></span> <span class='ocrx_word' id='word_1_253' title='bbox 1532 1800 1672 1873; x_wconf 88' lang='lat' dir='ltr'><strong>quoniam</strong></span> <span class='ocrx_word' id='word_1_254' title='bbox 1709 1816 1775 1856; x_wconf 89' lang='lat' dir='ltr'><strong>caro</strong></span> <span class='ocrx_word' id='word_1_255' title='bbox 1803 1800 1866 1872; x_wconf 88' lang='lat' dir='ltr'><strong>ejus</strong></span> <span class='ocrx_word' id='word_1_256' title='bbox 1903 1800 1942 1855; x_wconf 91' lang='lat' dir='ltr'><strong>in-</strong></span> 
     </span>
     <span class='ocr_line' id='line_1_19' title="bbox 191 1888 1939 1963; baseline -0.004 -14"><span class='ocrx_word' id='word_1_257' title='bbox 191 1910 273 1949; x_wconf 90' lang='lat' dir='ltr'><strong>esum</strong></span> <span class='ocrx_word' id='word_1_258' title='bbox 293 1892 418 1949; x_wconf 87' lang='lat' dir='ltr'><strong>intirmis</strong></span> <span class='ocrx_word' id='word_1_259' title='bbox 442 1891 544 1947; x_wconf 88' lang='lat' dir='ltr'><strong>melior</strong></span> <span class='ocrx_word' id='word_1_260' title='bbox 565 1895 608 1946; x_wconf 90' lang='lat' dir='ltr'><strong>ast</strong></span> <span class='ocrx_word' id='word_1_261' title='bbox 622 1906 710 1963; x_wconf 81' lang='lat' dir='ltr'><strong>quam</strong></span> <span class='ocrx_word' id='word_1_262' title='bbox 724 1890 830 1952; x_wconf 85' lang='lat' dir='ltr'><strong>Gallus,</strong></span> <span class='ocrx_word' id='word_1_263' title='bbox 853 1889 921 1963; x_wconf 87' lang='lat' dir='ltr'><strong>quie</strong></span> <span class='ocrx_word' id='word_1_264' title='bbox 939 1904 1040 1945; x_wconf 90' lang='lat' dir='ltr'><strong>carnes</strong></span> <span class='ocrx_word' id='word_1_265' title='bbox 1093 1888 1178 1946; x_wconf 85' lang='lat' dir='ltr'><strong>firma</strong></span> <span class='ocrx_word' id='word_1_266' title='bbox 1200 1905 1258 1944; x_wconf 94' lang='lat' dir='ltr'><strong>non</strong></span> <span class='ocrx_word' id='word_1_267' title='bbox 1290 1893 1342 1959; x_wconf 91' lang='lat' dir='ltr'><strong>est,</strong></span> <span class='ocrx_word' id='word_1_268' title='bbox 1363 1890 1413 1944; x_wconf 88' lang='lat' dir='ltr'><strong>sed</strong></span> <span class='ocrx_word' id='word_1_269' title='bbox 1435 1888 1555 1957; x_wconf 84' lang='lat' dir='ltr'><strong>fragilis,</strong></span> <span class='ocrx_word' id='word_1_270' title='bbox 1581 1889 1650 1962; x_wconf 85' lang='lat' dir='ltr'><strong>quia</strong></span> <span class='ocrx_word' id='word_1_271' title='bbox 1676 1904 1729 1944; x_wconf 88' lang='lat' dir='ltr'><strong>nec</strong></span> <span class='ocrx_word' id='word_1_272' title='bbox 1756 1889 1881 1961; x_wconf 86' lang='lat' dir='ltr'><strong>pleniter</strong></span> <span class='ocrx_word' id='word_1_273' title='bbox 1907 1889 1939 1945; x_wconf 87' lang='lat' dir='ltr'><strong>da</strong></span> 
     </span>
     <span class='ocr_line' id='line_1_20' title="bbox 191 1976 1941 2052; baseline -0.003 -14"><span class='ocrx_word' id='word_1_274' title='bbox 191 1982 310 2038; x_wconf 81' lang='lat' dir='ltr'><strong>Gallinae</strong></span> <span class='ocrx_word' id='word_1_275' title='bbox 328 1980 489 2037; x_wconf 86' lang='lat' dir='ltr'><strong>teneriores</strong></span> <span class='ocrx_word' id='word_1_276' title='bbox 508 1984 573 2034; x_wconf 90' lang='lat' dir='ltr'><strong>sunt</strong></span> <span class='ocrx_word' id='word_1_277' title='bbox 597 1995 684 2052; x_wconf 88' lang='lat' dir='ltr'><strong>quam</strong></span> <span class='ocrx_word' id='word_1_278' title='bbox 706 1995 806 2035; x_wconf 91' lang='lat' dir='ltr'><strong>carnes</strong></span> <span class='ocrx_word' id='word_1_279' title='bbox 826 1979 898 2036; x_wconf 86' lang='lat' dir='ltr'><strong>Galli</strong></span> <span class='ocrx_word' id='word_1_280' title='bbox 912 1977 959 2049; x_wconf 83' lang='lat'>(5).</span> <span class='ocrx_word' id='word_1_281' title='bbox 983 1977 1039 2033; x_wconf 90' lang='lat' dir='ltr'><strong>Sed</strong></span> <span class='ocrx_word' id='word_1_282' title='bbox 1093 1981 1245 2045; x_wconf 73' lang='lat' dir='ltr'><strong>taurensi,</strong></span> <span class='ocrx_word' id='word_1_283' title='bbox 1267 1982 1295 2033; x_wconf 92' lang='lat' dir='ltr'><strong>et</strong></span> <span class='ocrx_word' id='word_1_284' title='bbox 1316 1982 1439 2033; x_wconf 85' lang='lat' dir='ltr'><strong>comesta</strong></span> <span class='ocrx_word' id='word_1_285' title='bbox 1464 1993 1547 2033; x_wconf 89' lang='lat' dir='ltr'><strong>sanos</strong></span> <span class='ocrx_word' id='word_1_286' title='bbox 1562 1994 1621 2033; x_wconf 92' lang='lat' dir='ltr'><strong>non</strong></span> <span class='ocrx_word' id='word_1_287' title='bbox 1646 1978 1771 2032; x_wconf 88' lang='lat' dir='ltr'><strong>multum</strong></span> <span class='ocrx_word' id='word_1_288' title='bbox 1795 1978 1884 2047; x_wconf 83' lang='lat' dir='ltr'><strong>laedit,</strong></span> <span class='ocrx_word' id='word_1_289' title='bbox 1900 1976 1941 2033; x_wconf 92' lang='lat' dir='ltr'><strong>iu·</strong></span> 
     </span>
     <span class='ocr_line' id='line_1_21' title="bbox 191 2064 1938 2143; baseline -0.003 -18"><span class='ocrx_word' id='word_1_290' title='bbox 191 2070 243 2143; x_wconf 84' lang='lat' dir='ltr'><strong>qui</strong></span> <span class='ocrx_word' id='word_1_291' title='bbox 264 2086 350 2125; x_wconf 84' lang='grc' dir='ltr'><strong>εειιιιε</strong></span> <span class='ocrx_word' id='word_1_292' title='bbox 382 2074 426 2125; x_wconf 90' lang='grc' dir='ltr'><strong>εει</strong></span> <span class='ocrx_word' id='word_1_293' title='bbox 448 2068 479 2123; x_wconf 92' lang='lat' dir='ltr'><strong>in</strong></span> <span class='ocrx_word' id='word_1_294' title='bbox 505 2083 636 2140; x_wconf 85' lang='lat' dir='ltr'><strong>corpore,</strong></span> <span class='ocrx_word' id='word_1_295' title='bbox 667 2068 703 2123; x_wconf 89' lang='lat' dir='ltr'><strong>da</strong></span> <span class='ocrx_word' id='word_1_296' title='bbox 730 2067 860 2139; x_wconf 72' lang='lat' dir='ltr'><strong>ubisque</strong></span> <span class='ocrx_word' id='word_1_297' title='bbox 888 2066 1039 2121; x_wconf 87' lang='lat' dir='ltr'><strong>comedere</strong></span> <span class='ocrx_word' id='word_1_298' title='bbox 1092 2066 1184 2121; x_wconf 83' lang='lat' dir='ltr'><strong>firmis</strong></span> <span class='ocrx_word' id='word_1_299' title='bbox 1198 2070 1294 2122; x_wconf 87' lang='lat' dir='ltr'><strong>eutem</strong></span> <span class='ocrx_word' id='word_1_300' title='bbox 1310 2082 1369 2123; x_wconf 91' lang='lat' dir='ltr'><strong>non</strong></span> <span class='ocrx_word' id='word_1_301' title='bbox 1383 2066 1469 2134; x_wconf 86' lang='lat' dir='ltr'><strong>valet,</strong></span> <span class='ocrx_word' id='word_1_302' title='bbox 1498 2065 1567 2139; x_wconf 88' lang='lat' dir='ltr'><strong>quia</strong></span> <span class='ocrx_word' id='word_1_303' title='bbox 1587 2068 1649 2121; x_wconf 83' lang='lat' dir='ltr'><strong>slim</strong></span> <span class='ocrx_word' id='word_1_304' title='bbox 1672 2064 1704 2121; x_wconf 93' lang='lat' dir='ltr'><strong>in</strong></span> <span class='ocrx_word' id='word_1_305' title='bbox 1728 2066 1878 2121; x_wconf 85' lang='lat' dir='ltr'><strong>stomacho</strong></span> <span class='ocrx_word' id='word_1_306' title='bbox 1893 2082 1938 2121; x_wconf 90' lang='lat' dir='ltr'><strong>eo·</strong></span> 
     </span>
     <span class='ocr_line' id='line_1_22' title="bbox 191 2152 1939 2230; baseline -0.003 -17"><span class='ocrx_word' id='word_1_307' title='bbox 191 2158 309 2230; x_wconf 85' lang='lat' dir='ltr'><strong>poterit.</strong></span> <span class='ocrx_word' id='word_1_308' title='bbox 329 2157 383 2213; x_wconf 88' lang='lat' dir='ltr'><strong>Sed</strong></span> <span class='ocrx_word' id='word_1_309' title='bbox 401 2160 431 2212; x_wconf 92' lang='lat' dir='ltr'><strong>et</strong></span> <span class='ocrx_word' id='word_1_310' title='bbox 448 2172 519 2212; x_wconf 89' lang='lat' dir='ltr'><strong>sano</strong></span> <span class='ocrx_word' id='word_1_311' title='bbox 535 2155 646 2211; x_wconf 91' lang='lat' dir='ltr'><strong>homini</strong></span> <span class='ocrx_word' id='word_1_312' title='bbox 667 2171 758 2227; x_wconf 90' lang='lat' dir='ltr'><strong>cappo</strong></span> <span class='ocrx_word' id='word_1_313' title='bbox 778 2156 813 2210; x_wconf 93' lang='lat' dir='ltr'><strong>ad</strong></span> <span class='ocrx_word' id='word_1_314' title='bbox 830 2155 1038 2211; x_wconf 88' lang='lat' dir='ltr'><strong>comedendum</strong></span> <span class='ocrx_word' id='word_1_315' title='bbox 1093 2170 1157 2211; x_wconf 91' lang='lat' dir='ltr'><strong>rum</strong></span> <span class='ocrx_word' id='word_1_316' title='bbox 1183 2160 1275 2228; x_wconf 89' lang='lat' dir='ltr'><strong>parat.</strong></span> <span class='ocrx_word' id='word_1_317' title='bbox 1299 2155 1401 2227; x_wconf 82' lang='lat' dir='ltr'><strong>Accipe</strong></span> <span class='ocrx_word' id='word_1_318' title='bbox 1417 2160 1514 2211; x_wconf 89' lang='lat' dir='ltr'><strong>autem</strong></span> <span class='ocrx_word' id='word_1_319' title='bbox 1532 2154 1571 2209; x_wconf 88' lang='lat' dir='ltr'><strong>isl</strong></span> <span class='ocrx_word' id='word_1_320' title='bbox 1592 2155 1665 2227; x_wconf 87' lang='lat' dir='ltr'><strong>ejus,</strong></span> <span class='ocrx_word' id='word_1_321' title='bbox 1682 2158 1711 2209; x_wconf 90' lang='lat' dir='ltr'><strong>et</strong></span> <span class='ocrx_word' id='word_1_322' title='bbox 1727 2152 1819 2210; x_wconf 83' lang='lat' dir='ltr'><strong>veteri</strong></span> <span class='ocrx_word' id='word_1_323' title='bbox 1834 2154 1939 2208; x_wconf 74' lang='lat' dir='ltr'><strong>arvinae</strong></span> 
     </span>
     <span class='ocr_line' id='line_1_23' title="bbox 191 2240 1940 2316; baseline -0.003 -14"><span class='ocrx_word' id='word_1_324' title='bbox 191 2246 286 2302; x_wconf 93' lang='lat' dir='ltr'><strong>bonus</strong></span> <span class='ocrx_word' id='word_1_325' title='bbox 308 2251 362 2315; x_wconf 90' lang='lat' dir='ltr'><strong>est,</strong></span> <span class='ocrx_word' id='word_1_326' title='bbox 385 2244 502 2301; x_wconf 85' lang='lat' dir='ltr'><strong>infirmo</strong></span> <span class='ocrx_word' id='word_1_327' title='bbox 522 2249 620 2300; x_wconf 91' lang='lat' dir='ltr'><strong>antem</strong></span> <span class='ocrx_word' id='word_1_328' title='bbox 647 2260 707 2299; x_wconf 92' lang='lat' dir='ltr'><strong>non</strong></span> <span class='ocrx_word' id='word_1_329' title='bbox 725 2245 850 2300; x_wconf 89' lang='lat' dir='ltr'><strong>multum</strong></span> <span class='ocrx_word' id='word_1_330' title='bbox 870 2243 1039 2316; x_wconf 85' lang='lat' dir='ltr'><strong>ralet,quia</strong></span> <span class='ocrx_word' id='word_1_331' title='bbox 1093 2244 1258 2312; x_wconf 85' lang='lat' dir='ltr'><strong>commisce,</strong></span> <span class='ocrx_word' id='word_1_332' title='bbox 1284 2248 1312 2299; x_wconf 93' lang='lat' dir='ltr'><strong>et</strong></span> <span class='ocrx_word' id='word_1_333' title='bbox 1328 2244 1360 2299; x_wconf 93' lang='lat' dir='ltr'><strong>in</strong></span> <span class='ocrx_word' id='word_1_334' title='bbox 1387 2243 1468 2315; x_wconf 87' lang='lat' dir='ltr'><strong>cujus</strong></span> <span class='ocrx_word' id='word_1_335' title='bbox 1487 2246 1582 2299; x_wconf 88' lang='lat' dir='ltr'><strong>antem</strong></span> <span class='ocrx_word' id='word_1_336' title='bbox 1608 2240 1734 2315; x_wconf 84' lang='lat' dir='ltr'><strong>pediculi</strong></span> <span class='ocrx_word' id='word_1_337' title='bbox 1760 2242 1886 2299; x_wconf 85' lang='lat' dir='ltr'><strong>exterius</strong></span> <span class='ocrx_word' id='word_1_338' title='bbox 1907 2242 1940 2298; x_wconf 91' lang='lat' dir='ltr'><strong>de</strong></span> 
     </span>
     <span class='ocr_line' id='line_1_24' title="bbox 191 2330 1940 2406; baseline -0.002 -16"><span class='ocrx_word' id='word_1_339' title='bbox 191 2350 284 2406; x_wconf 89' lang='lat' dir='ltr'><strong>cappo</strong></span> <span class='ocrx_word' id='word_1_340' title='bbox 300 2350 358 2389; x_wconf 90' lang='lat' dir='ltr'><strong>non</strong></span> <span class='ocrx_word' id='word_1_341' title='bbox 378 2332 448 2388; x_wconf 88' lang='lat' dir='ltr'><strong>salis</strong></span> <span class='ocrx_word' id='word_1_342' title='bbox 468 2331 590 2401; x_wconf 89' lang='lat' dir='ltr'><strong>laborat,</strong></span> <span class='ocrx_word' id='word_1_343' title='bbox 615 2330 664 2386; x_wconf 89' lang='lat' dir='ltr'><strong>sed</strong></span> <span class='ocrx_word' id='word_1_344' title='bbox 684 2346 799 2402; x_wconf 85' lang='lat' dir='ltr'><strong>semper</strong></span> <span class='ocrx_word' id='word_1_345' title='bbox 821 2331 852 2386; x_wconf 92' lang='lat' dir='ltr'><strong>in</strong></span> <span class='ocrx_word' id='word_1_346' title='bbox 868 2331 966 2404; x_wconf 89' lang='lat' dir='ltr'><strong>quiete</strong></span> <span class='ocrx_word' id='word_1_347' title='bbox 984 2334 1037 2399; x_wconf 88' lang='lat' dir='ltr'><strong>est,</strong></span> <span class='ocrx_word' id='word_1_348' title='bbox 1093 2334 1195 2389; x_wconf 88' lang='lat' dir='ltr'><strong>sudore</strong></span> <span class='ocrx_word' id='word_1_349' title='bbox 1221 2332 1314 2389; x_wconf 86' lang='lat' dir='ltr'><strong>carnis</strong></span> <span class='ocrx_word' id='word_1_350' title='bbox 1337 2336 1477 2403; x_wconf 86' lang='lat' dir='ltr'><strong>crescunt,</strong></span> <span class='ocrx_word' id='word_1_351' title='bbox 1494 2332 1542 2388; x_wconf 89' lang='lat' dir='ltr'><strong>ille</strong></span> <span class='ocrx_word' id='word_1_352' title='bbox 1560 2348 1625 2388; x_wconf 92' lang='lat' dir='ltr'><strong>cum</strong></span> <span class='ocrx_word' id='word_1_353' title='bbox 1653 2348 1686 2389; x_wconf 87' lang='lat' dir='ltr'><strong>eo</strong></span> <span class='ocrx_word' id='word_1_354' title='bbox 1712 2348 1788 2405; x_wconf 79' lang='lat' dir='ltr'><strong>seps</strong></span> <span class='ocrx_word' id='word_1_355' title='bbox 1815 2349 1846 2389; x_wconf 91' lang='lat' dir='ltr'><strong>se</strong></span> <span class='ocrx_word' id='word_1_356' title='bbox 1875 2348 1940 2404; x_wconf 88' lang='lat' dir='ltr'><strong>per·</strong></span> 
     </span>
     <span class='ocr_line' id='line_1_25' title="bbox 191 2419 1941 2493; baseline -0.002 -14"><span class='ocrx_word' id='word_1_357' title='bbox 191 2424 269 2479; x_wconf 89' lang='lat' dir='ltr'><strong>unde</strong></span> <span class='ocrx_word' id='word_1_358' title='bbox 284 2423 370 2479; x_wconf 84' lang='lat' dir='ltr'><strong>stiam</strong></span> <span class='ocrx_word' id='word_1_359' title='bbox 384 2426 524 2477; x_wconf 91' lang='lat' dir='ltr'><strong>atcarnes</strong></span> <span class='ocrx_word' id='word_1_360' title='bbox 540 2420 603 2491; x_wconf 86' lang='lat' dir='ltr'><strong>ejus</strong></span> <span class='ocrx_word' id='word_1_361' title='bbox 622 2427 703 2475; x_wconf 87' lang='lat' dir='ltr'><strong>lanto</strong></span> <span class='ocrx_word' id='word_1_362' title='bbox 719 2419 853 2476; x_wconf 69' lang='lat' dir='ltr'><strong>iuniores</strong></span> <span class='ocrx_word' id='word_1_363' title='bbox 865 2426 933 2477; x_wconf 91' lang='lat' dir='ltr'><strong>sunt</strong></span> <span class='ocrx_word' id='word_1_364' title='bbox 945 2420 994 2493; x_wconf 84' lang='lat' dir='ltr'><strong>(d),</strong></span> <span class='ocrx_word' id='word_1_365' title='bbox 1010 2425 1039 2477; x_wconf 91' lang='lat' dir='ltr'><strong>et</strong></span> <span class='ocrx_word' id='word_1_366' title='bbox 1092 2426 1191 2493; x_wconf 87' lang='lat' dir='ltr'><strong>ungat,</strong></span> <span class='ocrx_word' id='word_1_367' title='bbox 1215 2426 1244 2477; x_wconf 88' lang='lat' dir='ltr'><strong>et</strong></span> <span class='ocrx_word' id='word_1_368' title='bbox 1264 2426 1358 2478; x_wconf 89' lang='lat' dir='ltr'><strong>cutem</strong></span> <span class='ocrx_word' id='word_1_369' title='bbox 1382 2422 1443 2493; x_wconf 85' lang='lat' dir='ltr'><strong>ejus</strong></span> <span class='ocrx_word' id='word_1_370' title='bbox 1467 2422 1633 2493; x_wconf 87' lang='lat' dir='ltr'><strong>pertransit,</strong></span> <span class='ocrx_word' id='word_1_371' title='bbox 1659 2426 1688 2477; x_wconf 90' lang='grc' dir='ltr'><strong>ει</strong></span> <span class='ocrx_word' id='word_1_372' title='bbox 1706 2421 1841 2477; x_wconf 92' lang='lat' dir='ltr'><strong>sudorem</strong></span> <span class='ocrx_word' id='word_1_373' title='bbox 1861 2422 1941 2493; x_wconf 91' lang='lat' dir='ltr'><strong>puri·</strong></span> 
     </span>
     <span class='ocr_line' id='line_1_26' title="bbox 188 2508 1940 2585; baseline -0.002 -17"><span class='ocrx_word' id='word_1_374' title='bbox 188 2513 272 2585; x_wconf 79' lang='lat' dir='ltr'><strong>jecor</strong></span> <span class='ocrx_word' id='word_1_375' title='bbox 282 2518 342 2568; x_wconf 88' lang='lat' dir='ltr'><strong>tam</strong></span> <span class='ocrx_word' id='word_1_376' title='bbox 359 2512 473 2582; x_wconf 80' lang='lat' dir='ltr'><strong>gallinae</strong></span> <span class='ocrx_word' id='word_1_377' title='bbox 488 2525 575 2582; x_wconf 88' lang='lat' dir='ltr'><strong>qnam</strong></span> <span class='ocrx_word' id='word_1_378' title='bbox 594 2509 674 2580; x_wconf 89' lang='lat' dir='ltr'><strong>galli,</strong></span> <span class='ocrx_word' id='word_1_379' title='bbox 690 2525 767 2581; x_wconf 86' lang='lat' dir='ltr'><strong>saepe</strong></span> <span class='ocrx_word' id='word_1_380' title='bbox 788 2513 958 2576; x_wconf 89' lang='lat' dir='ltr'><strong>comestum,</strong></span> <span class='ocrx_word' id='word_1_381' title='bbox 972 2525 1039 2565; x_wconf 93' lang='lat' dir='ltr'><strong>con·</strong></span> <span class='ocrx_word' id='word_1_382' title='bbox 1092 2511 1169 2580; x_wconf 84' lang='lat' dir='ltr'><strong>licat,</strong></span> <span class='ocrx_word' id='word_1_383' title='bbox 1183 2509 1224 2566; x_wconf 86' lang='lat' dir='ltr'><strong>ita</strong></span> <span class='ocrx_word' id='word_1_384' title='bbox 1240 2510 1318 2582; x_wconf 91' lang='lat' dir='ltr'><strong>quod</strong></span> <span class='ocrx_word' id='word_1_385' title='bbox 1332 2509 1458 2581; x_wconf 91' lang='lat' dir='ltr'><strong>pediculi</strong></span> <span class='ocrx_word' id='word_1_386' title='bbox 1480 2509 1604 2583; x_wconf 87' lang='lat' dir='ltr'><strong>amplius</strong></span> <span class='ocrx_word' id='word_1_387' title='bbox 1618 2525 1677 2566; x_wconf 92' lang='lat' dir='ltr'><strong>non</strong></span> <span class='ocrx_word' id='word_1_388' title='bbox 1690 2514 1831 2567; x_wconf 87' lang='lat' dir='ltr'><strong>crescunt.</strong></span> <span class='ocrx_word' id='word_1_389' title='bbox 1850 2508 1940 2581; x_wconf 82' lang='lat' dir='ltr'><strong>[Quod</strong></span> 
     </span>
     <span class='ocr_line' id='line_1_27' title="bbox 191 2598 1941 2672; baseline -0.002 -16"><span class='ocrx_word' id='word_1_390' title='bbox 191 2608 237 2656; x_wconf 90' lang='lat' dir='ltr'><strong>tra</strong></span> <span class='ocrx_word' id='word_1_391' title='bbox 259 2600 441 2656; x_wconf 81' lang='lat' dir='ltr'><strong>infirmitates</strong></span> <span class='ocrx_word' id='word_1_392' title='bbox 466 2598 553 2663; x_wconf 85' lang='lat' dir='ltr'><strong>valet,</strong></span> <span class='ocrx_word' id='word_1_393' title='bbox 578 2615 643 2672; x_wconf 83' lang='lat' dir='ltr'><strong>qnae</strong></span> <span class='ocrx_word' id='word_1_394' title='bbox 666 2598 817 2653; x_wconf 89' lang='lat' dir='ltr'><strong>hominem</strong></span> <span class='ocrx_word' id='word_1_395' title='bbox 844 2598 966 2653; x_wconf 85' lang='lat' dir='ltr'><strong>interius</strong></span> <span class='ocrx_word' id='word_1_396' title='bbox 991 2600 1039 2653; x_wconf 78' lang='grc' dir='ltr'><strong>ιιι-</strong></span> <span class='ocrx_word' id='word_1_397' title='bbox 1092 2598 1114 2654; x_wconf 88' lang='grc' dir='ltr'><strong>ει</strong></span> <span class='ocrx_word' id='word_1_398' title='bbox 1130 2599 1252 2654; x_wconf 89' lang='lat' dir='ltr'><strong>interius</strong></span> <span class='ocrx_word' id='word_1_399' title='bbox 1266 2615 1300 2654; x_wconf 87' lang='lat' dir='ltr'><strong>ex</strong></span> <span class='ocrx_word' id='word_1_400' title='bbox 1319 2598 1418 2653; x_wconf 85' lang='lat' dir='ltr'><strong>arvina</strong></span> <span class='ocrx_word' id='word_1_401' title='bbox 1441 2599 1504 2671; x_wconf 88' lang='lat' dir='ltr'><strong>ejus</strong></span> <span class='ocrx_word' id='word_1_402' title='bbox 1521 2603 1663 2669; x_wconf 90' lang='lat' dir='ltr'><strong>crescunt,</strong></span> <span class='ocrx_word' id='word_1_403' title='bbox 1686 2598 1784 2655; x_wconf 88' lang='lat' dir='ltr'><strong>unctio</strong></span> <span class='ocrx_word' id='word_1_404' title='bbox 1807 2598 1862 2654; x_wconf 90' lang='lat' dir='ltr'><strong>iste</strong></span> <span class='ocrx_word' id='word_1_405' title='bbox 1883 2614 1941 2655; x_wconf 91' lang='lat' dir='ltr'><strong>non</strong></span> 
     </span>
     <span class='ocr_line' id='line_1_28' title="bbox 191 2685 1390 2761; baseline -0.002 -16"><span class='ocrx_word' id='word_1_406' title='bbox 191 2689 274 2745; x_wconf 89' lang='lat' dir='ltr'><strong>dant.</strong></span> <span class='ocrx_word' id='word_1_407' title='bbox 290 2690 372 2745; x_wconf 90' lang='lat' dir='ltr'><strong>lecor</strong></span> <span class='ocrx_word' id='word_1_408' title='bbox 385 2687 463 2743; x_wconf 87' lang='lat' dir='ltr'><strong>enim</strong></span> <span class='ocrx_word' id='word_1_409' title='bbox 486 2686 556 2758; x_wconf 85' lang='lat' dir='ltr'><strong>galli</strong></span> <span class='ocrx_word' id='word_1_410' title='bbox 569 2692 599 2741; x_wconf 90' lang='lat' dir='ltr'><strong>et</strong></span> <span class='ocrx_word' id='word_1_411' title='bbox 619 2685 736 2757; x_wconf 83' lang='lat' dir='ltr'><strong>gallinae</strong></span> <span class='ocrx_word' id='word_1_412' title='bbox 753 2686 860 2742; x_wconf 77' lang='lat' dir='ltr'><strong>duriam</strong></span> <span class='ocrx_word' id='word_1_413' title='bbox 880 2701 940 2741; x_wconf 93' lang='lat' dir='ltr'><strong>non</strong></span> <span class='ocrx_word' id='word_1_414' title='bbox 955 2689 998 2742; x_wconf 90' lang='lat' dir='ltr'><strong>est</strong></span> <span class='ocrx_word' id='word_1_415' title='bbox 1010 2690 1039 2741; x_wconf 88' lang='lat' dir='ltr'><strong>et</strong></span> <span class='ocrx_word' id='word_1_416' title='bbox 1092 2686 1231 2761; x_wconf 89' lang='lat' dir='ltr'><strong>proderit.</strong></span> <span class='ocrx_word' id='word_1_417' title='bbox 1245 2686 1321 2743; x_wconf 72' lang='lat' dir='ltr'><strong>add.</strong></span> <span class='ocrx_word' id='word_1_418' title='bbox 1336 2687 1390 2751; x_wconf 83' lang='lat' dir='ltr'><strong>ed]</strong></span> 
     </span>
     <span class='ocr_line' id='line_1_29' title="bbox 191 2772 1853 2849; baseline -0.002 -16"><span class='ocrx_word' id='word_1_419' title='bbox 191 2777 352 2847; x_wconf 87' lang='lat' dir='ltr'><strong>intirmum,</strong></span> <span class='ocrx_word' id='word_1_420' title='bbox 369 2782 397 2831; x_wconf 89' lang='lat' dir='ltr'><strong>et</strong></span> <span class='ocrx_word' id='word_1_421' title='bbox 410 2791 515 2848; x_wconf 85' lang='lat' dir='ltr'><strong>pennae</strong></span> <span class='ocrx_word' id='word_1_422' title='bbox 533 2773 706 2847; x_wconf 85' lang='lat' dir='ltr'><strong>gallinarum</strong></span> <span class='ocrx_word' id='word_1_423' title='bbox 731 2774 766 2831; x_wconf 88' lang='lat' dir='ltr'><strong>ad</strong></span> <span class='ocrx_word' id='word_1_424' title='bbox 790 2774 939 2830; x_wconf 84' lang='lat' dir='ltr'><strong>cervicalis</strong></span> <span class='ocrx_word' id='word_1_425' title='bbox 953 2775 1037 2830; x_wconf 79' lang='lat' dir='ltr'><strong>male</strong></span> <span class='ocrx_word' id='word_1_426' title='bbox 1177 2777 1241 2832; x_wconf 82' lang='lat' dir='ltr'><strong>Car.</strong></span> <span class='ocrx_word' id='word_1_427' title='bbox 1262 2775 1342 2831; x_wconf 85' lang='lat' dir='ltr'><strong>xvll.</strong></span> <span class='ocrx_word' id='word_1_428' title='bbox 1361 2807 1396 2823; x_wconf 85' lang='grc'><strong>-.</strong></span> <span class='ocrx_word' id='word_1_429' title='bbox 1410 2777 1452 2831; x_wconf 84' lang='lat' dir='ltr'><strong>lla</strong></span> <span class='ocrx_word' id='word_1_430' title='bbox 1471 2776 1591 2833; x_wconf 81' lang='lat' dir='ltr'><strong>Bracanu</strong></span> <span class='ocrx_word' id='word_1_431' title='bbox 1610 2776 1667 2847; x_wconf 86' lang='grc' dir='ltr'><strong>(ιιι)</strong></span> <span class='ocrx_word' id='word_1_432' title='bbox 1688 2772 1744 2849; x_wconf 84' lang='lat' dir='ltr'><strong>[1V,</strong></span> <span class='ocrx_word' id='word_1_433' title='bbox 1765 2790 1796 2843; x_wconf 92' lang='grc' dir='ltr'><strong>ιι,</strong></span> <span class='ocrx_word' id='word_1_434' title='bbox 1811 2774 1853 2849; x_wconf 74' lang='grc'><strong>45)</strong></span> 
     </span>
     <span class='ocr_line' id='line_1_30' title="bbox 193 2862 1944 2938; baseline -0.001 -17"><span class='ocrx_word' id='word_1_435' title='bbox 193 2866 345 2938; x_wconf 86' lang='lat' dir='ltr'><strong>suntquis</strong></span> <span class='ocrx_word' id='word_1_436' title='bbox 374 2865 450 2933; x_wconf 77' lang='lat' dir='ltr'><strong>picbt</strong></span> <span class='ocrx_word' id='word_1_437' title='bbox 473 2864 503 2920; x_wconf 94' lang='lat' dir='ltr'><strong>in</strong></span> <span class='ocrx_word' id='word_1_438' title='bbox 523 2863 640 2919; x_wconf 89' lang='lat' dir='ltr'><strong>bomine</strong></span> <span class='ocrx_word' id='word_1_439' title='bbox 671 2862 722 2919; x_wconf 92' lang='lat' dir='ltr'><strong>illo</strong></span> <span class='ocrx_word' id='word_1_440' title='bbox 748 2862 881 2932; x_wconf 83' lang='lat' dir='ltr'><strong>excitant,</strong></span> <span class='ocrx_word' id='word_1_441' title='bbox 911 2862 961 2936; x_wconf 87' lang='lat' dir='ltr'><strong>qni</strong></span> <span class='ocrx_word' id='word_1_442' title='bbox 989 2863 1038 2919; x_wconf 91' lang='lat' dir='ltr'><strong>de-</strong></span> <span class='ocrx_word' id='word_1_443' title='bbox 1126 2864 1266 2921; x_wconf 75' lang='lat' dir='ltr'><strong>birckhun</strong></span> <span class='ocrx_word' id='word_1_444' title='bbox 1287 2864 1408 2921; x_wconf 88' lang='lat' dir='ltr'><strong>eandem</strong></span> <span class='ocrx_word' id='word_1_445' title='bbox 1430 2864 1490 2921; x_wconf 85' lang='lat' dir='ltr'><strong>lere</strong></span> <span class='ocrx_word' id='word_1_446' title='bbox 1513 2871 1645 2921; x_wconf 83' lang='lat' dir='ltr'><strong>naturum</strong></span> <span class='ocrx_word' id='word_1_447' title='bbox 1666 2864 1753 2920; x_wconf 89' lang='lat' dir='ltr'><strong>habet</strong></span> <span class='ocrx_word' id='word_1_448' title='bbox 1775 2879 1863 2936; x_wconf 89' lang='lat' dir='ltr'><strong>quem</strong></span> <span class='ocrx_word' id='word_1_449' title='bbox 1887 2864 1944 2919; x_wconf 86' lang='lat' dir='ltr'><strong>Re-</strong></span> 
     </span>
     <span class='ocr_line' id='line_1_31' title="bbox 190 2951 1945 3027; baseline 0 -18"><span class='ocrx_word' id='word_1_450' title='bbox 190 2972 278 3027; x_wconf 89' lang='lat' dir='ltr'><strong>super</strong></span> <span class='ocrx_word' id='word_1_451' title='bbox 307 2953 456 3009; x_wconf 88' lang='lat' dir='ltr'><strong>incumbit.</strong></span> <span class='ocrx_word' id='word_1_452' title='bbox 486 2953 594 3009; x_wconf 81' lang='lat' dir='ltr'><strong>Cretera</strong></span> <span class='ocrx_word' id='word_1_453' title='bbox 623 2956 718 3007; x_wconf 87' lang='lat' dir='ltr'><strong>eutem</strong></span> <span class='ocrx_word' id='word_1_454' title='bbox 753 2967 817 3023; x_wconf 80' lang='lat' dir='ltr'><strong>quae</strong></span> <span class='ocrx_word' id='word_1_455' title='bbox 845 2951 877 3007; x_wconf 91' lang='lat' dir='ltr'><strong>in</strong></span> <span class='ocrx_word' id='word_1_456' title='bbox 902 2951 944 3007; x_wconf 90' lang='lat' dir='ltr'><strong>eis</strong></span> <span class='ocrx_word' id='word_1_457' title='bbox 970 2957 1038 3008; x_wconf 90' lang='lat' dir='ltr'><strong>sunt</strong></span> <span class='ocrx_word' id='word_1_458' title='bbox 1091 2954 1173 3026; x_wconf 91' lang='lat' dir='ltr'><strong>phun</strong></span> <span class='ocrx_word' id='word_1_459' title='bbox 1196 2959 1303 3024; x_wconf 79' lang='lat' dir='ltr'><strong>praeter</strong></span> <span class='ocrx_word' id='word_1_460' title='bbox 1326 2952 1403 3025; x_wconf 90' lang='lat' dir='ltr'><strong>quod</strong></span> <span class='ocrx_word' id='word_1_461' title='bbox 1426 2968 1493 3008; x_wconf 86' lang='lat' dir='ltr'><strong>cero</strong></span> <span class='ocrx_word' id='word_1_462' title='bbox 1524 2953 1702 3008; x_wconf 74' lang='lat' dir='ltr'><strong>birckhunes</strong></span> <span class='ocrx_word' id='word_1_463' title='bbox 1730 2958 1789 3009; x_wconf 86' lang='lat' dir='ltr'><strong>tam</strong></span> <span class='ocrx_word' id='word_1_464' title='bbox 1817 2951 1945 3009; x_wconf 85' lang='lat' dir='ltr'><strong>infirmis</strong></span> 
     </span>
     <span class='ocr_line' id='line_1_32' title="bbox 190 3040 1945 3115; baseline -0.001 -16"><span class='ocrx_word' id='word_1_465' title='bbox 190 3043 227 3099; x_wconf 85' lang='lat' dir='ltr'><strong>sd</strong></span> <span class='ocrx_word' id='word_1_466' title='bbox 239 3043 450 3099; x_wconf 89' lang='lat' dir='ltr'><strong>medicamenta</strong></span> <span class='ocrx_word' id='word_1_467' title='bbox 463 3057 522 3097; x_wconf 92' lang='lat' dir='ltr'><strong>non</strong></span> <span class='ocrx_word' id='word_1_468' title='bbox 533 3040 638 3096; x_wconf 81' lang='lat' dir='ltr'><strong>valent.</strong></span> <span class='ocrx_word' id='word_1_469' title='bbox 1057 3042 1179 3115; x_wconf 87' lang='lat' dir='ltr'><strong>Cquam</strong></span> <span class='ocrx_word' id='word_1_470' title='bbox 1202 3042 1279 3097; x_wconf 89' lang='lat' dir='ltr'><strong>sanis</strong></span> <span class='ocrx_word' id='word_1_471' title='bbox 1300 3042 1404 3097; x_wconf 88' lang='lat' dir='ltr'><strong>melior</strong></span> <span class='ocrx_word' id='word_1_472' title='bbox 1425 3046 1453 3097; x_wconf 89' lang='lat' dir='ltr'><strong>el</strong></span> <span class='ocrx_word' id='word_1_473' title='bbox 1472 3040 1570 3097; x_wconf 89' lang='lat' dir='ltr'><strong>sanior</strong></span> <span class='ocrx_word' id='word_1_474' title='bbox 1596 3044 1640 3098; x_wconf 88' lang='lat' dir='ltr'><strong>est</strong></span> <span class='ocrx_word' id='word_1_475' title='bbox 1667 3040 1709 3097; x_wconf 87' lang='lat' dir='ltr'><strong>ad</strong></span> <span class='ocrx_word' id='word_1_476' title='bbox 1731 3040 1945 3097; x_wconf 83' lang='lat' dir='ltr'><strong>comedendum</strong></span> 
     </span>
     <span class='ocr_line' id='line_1_33' title="bbox 227 3128 1943 3205; baseline -0.001 -18"><span class='ocrx_word' id='word_1_477' title='bbox 227 3130 378 3205; x_wconf 79' lang='lat' dir='ltr'><strong>[Quietibet</strong></span> <span class='ocrx_word' id='word_1_478' title='bbox 399 3147 453 3186; x_wconf 86' lang='lat' dir='ltr'><strong>ora</strong></span> <span class='ocrx_word' id='word_1_479' title='bbox 471 3130 633 3186; x_wconf 82' lang='lat' dir='ltr'><strong>volatilium</strong></span> <span class='ocrx_word' id='word_1_480' title='bbox 652 3129 744 3201; x_wconf 92' lang='lat' dir='ltr'><strong>magis</strong></span> <span class='ocrx_word' id='word_1_481' title='bbox 755 3128 868 3201; x_wconf 84' lang='lat' dir='ltr'><strong>trigidre</strong></span> <span class='ocrx_word' id='word_1_482' title='bbox 887 3144 974 3200; x_wconf 89' lang='lat' dir='ltr'><strong>quam</strong></span> <span class='ocrx_word' id='word_1_483' title='bbox 989 3144 1035 3184; x_wconf 89' lang='lat' dir='ltr'><strong>ca·</strong></span> <span class='ocrx_word' id='word_1_484' title='bbox 1092 3144 1179 3199; x_wconf 88' lang='lat' dir='ltr'><strong>quam</strong></span> <span class='ocrx_word' id='word_1_485' title='bbox 1202 3144 1268 3183; x_wconf 86' lang='lat' dir='ltr'><strong>caro</strong></span> <span class='ocrx_word' id='word_1_486' title='bbox 1293 3128 1446 3201; x_wconf 88' lang='lat' dir='ltr'><strong>rephunes.</strong></span> <span class='ocrx_word' id='word_1_487' title='bbox 1475 3128 1505 3185; x_wconf 92' lang='lat' dir='ltr'><strong>Si</strong></span> <span class='ocrx_word' id='word_1_488' title='bbox 1540 3130 1637 3185; x_wconf 82' lang='lat' dir='ltr'><strong>autem</strong></span> <span class='ocrx_word' id='word_1_489' title='bbox 1660 3145 1762 3186; x_wconf 89' lang='lat' dir='ltr'><strong>cancer</strong></span> <span class='ocrx_word' id='word_1_490' title='bbox 1789 3129 1943 3186; x_wconf 90' lang='lat' dir='ltr'><strong>hominem</strong></span> 
     </span>
     <span class='ocr_line' id='line_1_34' title="bbox 190 3214 1943 3290; baseline -0.002 -14"><span class='ocrx_word' id='word_1_491' title='bbox 190 3220 258 3276; x_wconf 82' lang='lat' dir='ltr'><strong>lidie</strong></span> <span class='ocrx_word' id='word_1_492' title='bbox 283 3224 394 3276; x_wconf 79' lang='lat' dir='ltr'><strong>naturae</strong></span> <span class='ocrx_word' id='word_1_493' title='bbox 414 3223 491 3288; x_wconf 88' lang='lat' dir='ltr'><strong>sunt,</strong></span> <span class='ocrx_word' id='word_1_494' title='bbox 514 3224 543 3274; x_wconf 90' lang='lat' dir='ltr'><strong>et</strong></span> <span class='ocrx_word' id='word_1_495' title='bbox 559 3218 595 3274; x_wconf 89' lang='lat' dir='ltr'><strong>ad</strong></span> <span class='ocrx_word' id='word_1_496' title='bbox 610 3217 820 3274; x_wconf 90' lang='lat' dir='ltr'><strong>comedendum</strong></span> <span class='ocrx_word' id='word_1_497' title='bbox 843 3216 1036 3285; x_wconf 84' lang='lat' dir='ltr'><strong>nocivasunt,</strong></span> <span class='ocrx_word' id='word_1_498' title='bbox 1091 3214 1226 3284; x_wconf 89' lang='lat' dir='ltr'><strong>comedit,</strong></span> <span class='ocrx_word' id='word_1_499' title='bbox 1263 3217 1385 3274; x_wconf 84' lang='lat' dir='ltr'><strong>vesicam</strong></span> <span class='ocrx_word' id='word_1_500' title='bbox 1424 3218 1486 3289; x_wconf 87' lang='lat' dir='ltr'><strong>ejas</strong></span> <span class='ocrx_word' id='word_1_501' title='bbox 1513 3219 1548 3274; x_wconf 89' lang='lat' dir='ltr'><strong>ad</strong></span> <span class='ocrx_word' id='word_1_502' title='bbox 1582 3217 1671 3273; x_wconf 87' lang='lat' dir='ltr'><strong>solem</strong></span> <span class='ocrx_word' id='word_1_503' title='bbox 1704 3222 1754 3274; x_wconf 86' lang='lat' dir='ltr'><strong>aut</strong></span> <span class='ocrx_word' id='word_1_504' title='bbox 1783 3220 1817 3273; x_wconf 91' lang='lat' dir='ltr'><strong>ad</strong></span> <span class='ocrx_word' id='word_1_505' title='bbox 1842 3219 1943 3290; x_wconf 86' lang='lat' dir='ltr'><strong>ignem</strong></span> 
     </span>
     <span class='ocr_line' id='line_1_35' title="bbox 187 3304 1943 3379; baseline 0 -18"><span class='ocrx_word' id='word_1_506' title='bbox 187 3307 236 3363; x_wconf 89' lang='lat' dir='ltr'><strong>sed</strong></span> <span class='ocrx_word' id='word_1_507' title='bbox 261 3321 312 3362; x_wconf 89' lang='lat' dir='ltr'><strong>ora</strong></span> <span class='ocrx_word' id='word_1_508' title='bbox 334 3308 507 3379; x_wconf 88' lang='lat' dir='ltr'><strong>gallinarum</strong></span> <span class='ocrx_word' id='word_1_509' title='bbox 522 3306 602 3377; x_wconf 71' lang='lat' dir='ltr'><strong>{quaa</strong></span> <span class='ocrx_word' id='word_1_510' title='bbox 627 3305 790 3361; x_wconf 75' lang='lat' dir='ltr'><strong>domestice</strong></span> <span class='ocrx_word' id='word_1_511' title='bbox 819 3310 895 3373; x_wconf 89' lang='lat' dir='ltr'><strong>sunt,</strong></span> <span class='ocrx_word' id='word_1_512' title='bbox 923 3304 1036 3362; x_wconf 89' lang='lat' dir='ltr'><strong>comedi</strong></span> <span class='ocrx_word' id='word_1_513' title='bbox 1091 3304 1174 3374; x_wconf 85' lang='lat' dir='ltr'><strong>sicca,</strong></span> <span class='ocrx_word' id='word_1_514' title='bbox 1194 3309 1222 3359; x_wconf 90' lang='lat' dir='ltr'><strong>et</strong></span> <span class='ocrx_word' id='word_1_515' title='bbox 1237 3304 1341 3361; x_wconf 90' lang='lat' dir='ltr'><strong>deinde</strong></span> <span class='ocrx_word' id='word_1_516' title='bbox 1357 3321 1421 3362; x_wconf 88' lang='lat' dir='ltr'><strong>eam</strong></span> <span class='ocrx_word' id='word_1_517' title='bbox 1441 3306 1555 3362; x_wconf 90' lang='lat' dir='ltr'><strong>modico</strong></span> <span class='ocrx_word' id='word_1_518' title='bbox 1578 3306 1645 3363; x_wconf 85' lang='lat' dir='ltr'><strong>vino</strong></span> <span class='ocrx_word' id='word_1_519' title='bbox 1666 3321 1824 3379; x_wconf 88' lang='lat' dir='ltr'><strong>parumper</strong></span> <span class='ocrx_word' id='word_1_520' title='bbox 1846 3306 1943 3363; x_wconf 91' lang='lat' dir='ltr'><strong>hnmi-</strong></span> 
     </span>
     <span class='ocr_line' id='line_1_36' title="bbox 187 3392 1938 3466; baseline 0.001 -17"><span class='ocrx_word' id='word_1_521' title='bbox 187 3397 336 3466; x_wconf 89' lang='lat' dir='ltr'><strong>poternnt,</strong></span> <span class='ocrx_word' id='word_1_522' title='bbox 362 3394 411 3449; x_wconf 90' lang='lat' dir='ltr'><strong>sed</strong></span> <span class='ocrx_word' id='word_1_523' title='bbox 432 3398 530 3449; x_wconf 84' lang='lat' dir='ltr'><strong>tamen</strong></span> <span class='ocrx_word' id='word_1_524' title='bbox 555 3392 714 3449; x_wconf 88' lang='lat' dir='ltr'><strong>moderate.</strong></span> <span class='ocrx_word' id='word_1_525' title='bbox 744 3392 799 3449; x_wconf 92' lang='lat' dir='ltr'><strong>Sed</strong></span> <span class='ocrx_word' id='word_1_526' title='bbox 828 3392 879 3465; x_wconf 89' lang='lat' dir='ltr'><strong>qui</strong></span> <span class='ocrx_word' id='word_1_527' title='bbox 902 3392 1037 3449; x_wconf 87' lang='lat' dir='ltr'><strong>infirmus</strong></span> <span class='ocrx_word' id='word_1_528' title='bbox 1090 3392 1157 3448; x_wconf 88' lang='lat' dir='ltr'><strong>dam</strong></span> <span class='ocrx_word' id='word_1_529' title='bbox 1173 3392 1228 3462; x_wconf 84' lang='lat' dir='ltr'><strong>lec,</strong></span> <span class='ocrx_word' id='word_1_530' title='bbox 1250 3399 1279 3449; x_wconf 93' lang='lat' dir='ltr'><strong>et</strong></span> <span class='ocrx_word' id='word_1_531' title='bbox 1296 3393 1414 3452; x_wconf 85' lang='lat' dir='ltr'><strong>siceum</strong></span> <span class='ocrx_word' id='word_1_532' title='bbox 1435 3412 1523 3466; x_wconf 85' lang='lat' dir='ltr'><strong>snper</strong></span> <span class='ocrx_word' id='word_1_533' title='bbox 1542 3396 1638 3452; x_wconf 84' lang='lat' dir='ltr'><strong>locam</strong></span> <span class='ocrx_word' id='word_1_534' title='bbox 1658 3396 1788 3452; x_wconf 87' lang='lat' dir='ltr'><strong>ulcerum</strong></span> <span class='ocrx_word' id='word_1_535' title='bbox 1804 3396 1938 3465; x_wconf 87' lang='lat' dir='ltr'><strong>extende,</strong></span> 
     </span>
     <span class='ocr_line' id='line_1_37' title="bbox 188 3480 1940 3563; baseline 0 -25"><span class='ocrx_word' id='word_1_536' title='bbox 188 3486 238 3547; x_wconf 90' lang='grc' dir='ltr'><strong>εει,</strong></span> <span class='ocrx_word' id='word_1_537' title='bbox 253 3483 278 3537; x_wconf 96' lang='lat' dir='ltr'><strong>si</strong></span> <span class='ocrx_word' id='word_1_538' title='bbox 291 3498 345 3538; x_wconf 85' lang='lat' dir='ltr'><strong>ora</strong></span> <span class='ocrx_word' id='word_1_539' title='bbox 367 3481 518 3537; x_wconf 88' lang='lat' dir='ltr'><strong>comedere</strong></span> <span class='ocrx_word' id='word_1_540' title='bbox 533 3482 664 3550; x_wconf 87' lang='lat' dir='ltr'><strong>voluerit,</strong></span> <span class='ocrx_word' id='word_1_541' title='bbox 678 3496 782 3554; x_wconf 85' lang='lat' dir='ltr'><strong>aquam</strong></span> <span class='ocrx_word' id='word_1_542' title='bbox 799 3486 828 3537; x_wconf 87' lang='lat' dir='ltr'><strong>et</strong></span> <span class='ocrx_word' id='word_1_543' title='bbox 845 3480 943 3536; x_wconf 86' lang='lat' dir='ltr'><strong>riuum</strong></span> <span class='ocrx_word' id='word_1_544' title='bbox 959 3497 1036 3537; x_wconf 91' lang='lat' dir='ltr'><strong>corn·</strong></span> <span class='ocrx_word' id='word_1_545' title='bbox 1090 3485 1120 3537; x_wconf 88' lang='lat' dir='ltr'><strong>et</strong></span> <span class='ocrx_word' id='word_1_546' title='bbox 1134 3480 1257 3563; x_wconf 84' lang='lat' dir='ltr'><strong>desuper</strong></span> <span class='ocrx_word' id='word_1_547' title='bbox 1271 3483 1438 3555; x_wconf 89' lang='lat' dir='ltr'><strong>comprime,</strong></span> <span class='ocrx_word' id='word_1_548' title='bbox 1454 3488 1483 3539; x_wconf 90' lang='lat' dir='ltr'><strong>et</strong></span> <span class='ocrx_word' id='word_1_549' title='bbox 1505 3482 1544 3540; x_wconf 88' lang='lat' dir='ltr'><strong>ita</strong></span> <span class='ocrx_word' id='word_1_550' title='bbox 1557 3483 1608 3540; x_wconf 89' lang='lat' dir='ltr'><strong>diu</strong></span> <span class='ocrx_word' id='word_1_551' title='bbox 1631 3484 1726 3557; x_wconf 80' lang='lat' dir='ltr'><strong>jacere</strong></span> <span class='ocrx_word' id='word_1_552' title='bbox 1750 3483 1897 3557; x_wconf 88' lang='lat' dir='ltr'><strong>permitte,</strong></span> <span class='ocrx_word' id='word_1_553' title='bbox 1913 3490 1940 3538; x_wconf 91' lang='lat' dir='ltr'><strong>el</strong></span> 
     </span>
     <span class='ocr_line' id='line_1_38' title="bbox 186 3568 1371 3643; baseline -0.001 -16"><span class='ocrx_word' id='word_1_554' title='bbox 186 3570 316 3640; x_wconf 89' lang='lat' dir='ltr'><strong>misceat,</strong></span> <span class='ocrx_word' id='word_1_555' title='bbox 346 3576 376 3627; x_wconf 87' lang='lat' dir='ltr'><strong>et</strong></span> <span class='ocrx_word' id='word_1_556' title='bbox 403 3570 434 3626; x_wconf 90' lang='lat' dir='ltr'><strong>in</strong></span> <span class='ocrx_word' id='word_1_557' title='bbox 457 3571 564 3643; x_wconf 88' lang='lat' dir='ltr'><strong>patella</strong></span> <span class='ocrx_word' id='word_1_558' title='bbox 590 3570 701 3626; x_wconf 85' lang='lat' dir='ltr'><strong>terrere</strong></span> <span class='ocrx_word' id='word_1_559' title='bbox 724 3569 819 3639; x_wconf 82' lang='lat' dir='ltr'><strong>iaciat,</strong></span> <span class='ocrx_word' id='word_1_560' title='bbox 846 3575 876 3626; x_wconf 91' lang='grc' dir='ltr'><strong>ει</strong></span> <span class='ocrx_word' id='word_1_561' title='bbox 905 3586 958 3625; x_wconf 89' lang='lat' dir='ltr'><strong>ova</strong></span> <span class='ocrx_word' id='word_1_562' title='bbox 982 3571 1037 3625; x_wconf 88' lang='lat' dir='ltr'><strong>hoc</strong></span> <span class='ocrx_word' id='word_1_563' title='bbox 1090 3568 1186 3624; x_wconf 89' lang='lat' dir='ltr'><strong>cancri</strong></span> <span class='ocrx_word' id='word_1_564' title='bbox 1199 3570 1371 3626; x_wconf 88' lang='lat' dir='ltr'><strong>morientur.</strong></span> 
     </span>
     <span class='ocr_line' id='line_1_39' title="bbox 187 3657 1874 3735; baseline 0.001 -20"><span class='ocrx_word' id='word_1_565' title='bbox 187 3660 274 3715; x_wconf 91' lang='lat' dir='ltr'><strong>modo</strong></span> <span class='ocrx_word' id='word_1_566' title='bbox 294 3664 366 3714; x_wconf 91' lang='lat' dir='ltr'><strong>testa</strong></span> <span class='ocrx_word' id='word_1_567' title='bbox 393 3658 503 3731; x_wconf 86' lang='lat' dir='ltr'><strong>abjecta</strong></span> <span class='ocrx_word' id='word_1_568' title='bbox 531 3664 646 3731; x_wconf 88' lang='lat' dir='ltr'><strong>coquat,</strong></span> <span class='ocrx_word' id='word_1_569' title='bbox 674 3662 703 3713; x_wconf 93' lang='lat' dir='ltr'><strong>et</strong></span> <span class='ocrx_word' id='word_1_570' title='bbox 730 3674 798 3714; x_wconf 87' lang='lat' dir='ltr'><strong>aura</strong></span> <span class='ocrx_word' id='word_1_571' title='bbox 828 3673 888 3712; x_wconf 91' lang='lat' dir='ltr'><strong>uon</strong></span> <span class='ocrx_word' id='word_1_572' title='bbox 918 3657 1035 3713; x_wconf 74' lang='lat' dir='ltr'><strong>laedent.</strong></span> <span class='ocrx_word' id='word_1_573' title='bbox 1158 3657 1222 3714; x_wconf 84' lang='lat' dir='ltr'><strong>Car.</strong></span> <span class='ocrx_word' id='word_1_574' title='bbox 1243 3658 1335 3716; x_wconf 86' lang='lat' dir='ltr'><strong>lllllll.</strong></span> <span class='ocrx_word' id='word_1_575' title='bbox 1354 3688 1388 3700; x_wconf 89' lang='lat'>-</span> <span class='ocrx_word' id='word_1_576' title='bbox 1408 3660 1593 3716; x_wconf 71' lang='lat' dir='ltr'><strong>uerrucam</strong></span> <span class='ocrx_word' id='word_1_577' title='bbox 1612 3661 1666 3733; x_wconf 88' lang='grc' dir='ltr'><strong>(ιι)</strong></span> <span class='ocrx_word' id='word_1_578' title='bbox 1687 3658 1796 3733; x_wconf 81' lang='lat' dir='ltr'><strong>[lv,1r,</strong></span> <span class='ocrx_word' id='word_1_579' title='bbox 1816 3661 1874 3735; x_wconf 72' lang='grc' dir='ltr'><strong>ιιι).</strong></span> 
     </span>
     <span class='ocr_line' id='line_1_40' title="bbox 188 3744 1939 3821; baseline 0.001 -18"><span class='ocrx_word' id='word_1_580' title='bbox 188 3748 280 3803; x_wconf 81' lang='lat' dir='ltr'><strong>Homo</strong></span> <span class='ocrx_word' id='word_1_581' title='bbox 304 3752 401 3803; x_wconf 89' lang='lat' dir='ltr'><strong>antem</strong></span> <span class='ocrx_word' id='word_1_582' title='bbox 425 3747 476 3819; x_wconf 89' lang='lat' dir='ltr'><strong>qui</strong></span> <span class='ocrx_word' id='word_1_583' title='bbox 503 3746 708 3819; x_wconf 85' lang='lat' dir='ltr'><strong>dysentieriam</strong></span> <span class='ocrx_word' id='word_1_584' title='bbox 734 3744 793 3818; x_wconf 84' lang='grc' dir='ltr'><strong>(εἰε)</strong></span> <span class='ocrx_word' id='word_1_585' title='bbox 818 3745 914 3815; x_wconf 89' lang='lat' dir='ltr'><strong>habat,</strong></span> <span class='ocrx_word' id='word_1_586' title='bbox 938 3746 1036 3808; x_wconf 81' lang='lat' dir='ltr'><strong>vitella</strong></span> <span class='ocrx_word' id='word_1_587' title='bbox 1125 3745 1207 3801; x_wconf 84' lang='lat' dir='ltr'><strong>Falco</strong></span> <span class='ocrx_word' id='word_1_588' title='bbox 1232 3747 1382 3816; x_wconf 81' lang='lat' dir='ltr'><strong>[Herodius</strong></span> <span class='ocrx_word' id='word_1_589' title='bbox 1407 3746 1458 3811; x_wconf 73' lang='lat' dir='ltr'><strong>ed]</strong></span> <span class='ocrx_word' id='word_1_590' title='bbox 1485 3748 1595 3804; x_wconf 86' lang='lat' dir='ltr'><strong>calidus</strong></span> <span class='ocrx_word' id='word_1_591' title='bbox 1619 3755 1673 3819; x_wconf 91' lang='lat' dir='ltr'><strong>est,</strong></span> <span class='ocrx_word' id='word_1_592' title='bbox 1702 3754 1731 3804; x_wconf 88' lang='lat' dir='ltr'><strong>el</strong></span> <span class='ocrx_word' id='word_1_593' title='bbox 1755 3749 1939 3821; x_wconf 88' lang='lat' dir='ltr'><strong>aliquantum</strong></span> 
     </span>
     <span class='ocr_line' id='line_1_41' title="bbox 188 3832 1940 3908; baseline 0 -17"><span class='ocrx_word' id='word_1_594' title='bbox 188 3852 309 3893; x_wconf 82' lang='lat' dir='ltr'><strong>osorum</strong></span> <span class='ocrx_word' id='word_1_595' title='bbox 325 3838 357 3892; x_wconf 87' lang='grc' dir='ltr'><strong>ιιι</strong></span> <span class='ocrx_word' id='word_1_596' title='bbox 380 3836 499 3892; x_wconf 85' lang='lat' dir='ltr'><strong>scutella</strong></span> <span class='ocrx_word' id='word_1_597' title='bbox 521 3834 642 3892; x_wconf 89' lang='lat' dir='ltr'><strong>terendo</strong></span> <span class='ocrx_word' id='word_1_598' title='bbox 665 3835 769 3906; x_wconf 89' lang='lat' dir='ltr'><strong>pulset,</strong></span> <span class='ocrx_word' id='word_1_599' title='bbox 789 3840 818 3890; x_wconf 89' lang='lat' dir='ltr'><strong>et</strong></span> <span class='ocrx_word' id='word_1_600' title='bbox 841 3834 991 3904; x_wconf 88' lang='lat' dir='ltr'><strong>ciminum,</strong></span> <span class='ocrx_word' id='word_1_601' title='bbox 1008 3840 1036 3891; x_wconf 91' lang='lat' dir='ltr'><strong>et</strong></span> <span class='ocrx_word' id='word_1_602' title='bbox 1090 3832 1190 3903; x_wconf 84' lang='lat' dir='ltr'><strong>siccus,</strong></span> <span class='ocrx_word' id='word_1_603' title='bbox 1215 3840 1243 3890; x_wconf 91' lang='lat' dir='ltr'><strong>et</strong></span> <span class='ocrx_word' id='word_1_604' title='bbox 1280 3851 1414 3908; x_wconf 86' lang='lat' dir='ltr'><strong>magnam</strong></span> <span class='ocrx_word' id='word_1_605' title='bbox 1445 3836 1504 3892; x_wconf 86' lang='lat' dir='ltr'><strong>rim</strong></span> <span class='ocrx_word' id='word_1_606' title='bbox 1538 3836 1633 3892; x_wconf 90' lang='lat' dir='ltr'><strong>cordis</strong></span> <span class='ocrx_word' id='word_1_607' title='bbox 1664 3836 1761 3907; x_wconf 88' lang='lat' dir='ltr'><strong>hahet,</strong></span> <span class='ocrx_word' id='word_1_608' title='bbox 1789 3841 1818 3891; x_wconf 92' lang='lat' dir='ltr'><strong>et</strong></span> <span class='ocrx_word' id='word_1_609' title='bbox 1841 3839 1940 3893; x_wconf 84' lang='lat' dir='ltr'><strong>volatu</strong></span> 
     </span>
     <span class='ocr_line' id='line_1_42' title="bbox 187 3923 1938 3997; baseline -0.001 -17"><span class='ocrx_word' id='word_1_610' title='bbox 187 3925 332 3982; x_wconf 89' lang='lat' dir='ltr'><strong>modicum</strong></span> <span class='ocrx_word' id='word_1_611' title='bbox 352 3924 460 3997; x_wconf 87' lang='lat' dir='ltr'><strong>piperis</strong></span> <span class='ocrx_word' id='word_1_612' title='bbox 483 3924 578 3993; x_wconf 88' lang='lat' dir='ltr'><strong>addat,</strong></span> <span class='ocrx_word' id='word_1_613' title='bbox 593 3929 623 3979; x_wconf 91' lang='lat' dir='ltr'><strong>et</strong></span> <span class='ocrx_word' id='word_1_614' title='bbox 638 3924 743 3979; x_wconf 89' lang='lat' dir='ltr'><strong>iterum</strong></span> <span class='ocrx_word' id='word_1_615' title='bbox 761 3924 792 3978; x_wconf 89' lang='lat' dir='ltr'><strong>in</strong></span> <span class='ocrx_word' id='word_1_616' title='bbox 814 3927 901 3979; x_wconf 91' lang='lat' dir='ltr'><strong>testas</strong></span> <span class='ocrx_word' id='word_1_617' title='bbox 916 3940 1034 3980; x_wconf 84' lang='lat' dir='ltr'><strong>ovorum</strong></span> <span class='ocrx_word' id='word_1_618' title='bbox 1089 3923 1169 3977; x_wconf 85' lang='lat' dir='ltr'><strong>velox</strong></span> <span class='ocrx_word' id='word_1_619' title='bbox 1184 3927 1235 3991; x_wconf 90' lang='grc' dir='ltr'><strong>εει,</strong></span> <span class='ocrx_word' id='word_1_620' title='bbox 1250 3928 1279 3978; x_wconf 87' lang='grc' dir='ltr'><strong>ει</strong></span> <span class='ocrx_word' id='word_1_621' title='bbox 1293 3925 1349 3979; x_wconf 89' lang='lat' dir='ltr'><strong>alte</strong></span> <span class='ocrx_word' id='word_1_622' title='bbox 1369 3940 1494 3995; x_wconf 90' lang='lat' dir='ltr'><strong>sursum,</strong></span> <span class='ocrx_word' id='word_1_623' title='bbox 1515 3930 1544 3981; x_wconf 89' lang='lat' dir='ltr'><strong>el</strong></span> <span class='ocrx_word' id='word_1_624' title='bbox 1557 3926 1593 3980; x_wconf 90' lang='lat' dir='ltr'><strong>ad</strong></span> <span class='ocrx_word' id='word_1_625' title='bbox 1610 3925 1729 3981; x_wconf 84' lang='lat' dir='ltr'><strong>interius</strong></span> <span class='ocrx_word' id='word_1_626' title='bbox 1744 3925 1892 3991; x_wconf 89' lang='lat' dir='ltr'><strong>deorsum,</strong></span> <span class='ocrx_word' id='word_1_627' title='bbox 1908 3930 1938 3980; x_wconf 91' lang='lat' dir='ltr'><strong>el</strong></span> 
     </span>
     <span class='ocr_line' id='line_1_43' title="bbox 186 4010 1939 4086; baseline -0.001 -17"><span class='ocrx_word' id='word_1_628' title='bbox 186 4019 318 4085; x_wconf 92' lang='lat' dir='ltr'><strong>reponat,</strong></span> <span class='ocrx_word' id='word_1_629' title='bbox 345 4019 373 4069; x_wconf 90' lang='grc' dir='ltr'><strong>ει</strong></span> <span class='ocrx_word' id='word_1_630' title='bbox 396 4014 432 4069; x_wconf 89' lang='lat' dir='ltr'><strong>ad</strong></span> <span class='ocrx_word' id='word_1_631' title='bbox 456 4014 554 4082; x_wconf 88' lang='lat' dir='ltr'><strong>ignem</strong></span> <span class='ocrx_word' id='word_1_632' title='bbox 582 4018 667 4081; x_wconf 88' lang='lat' dir='ltr'><strong>asset,</strong></span> <span class='ocrx_word' id='word_1_633' title='bbox 687 4017 717 4067; x_wconf 91' lang='lat' dir='ltr'><strong>et</strong></span> <span class='ocrx_word' id='word_1_634' title='bbox 737 4012 857 4081; x_wconf 87' lang='lat' dir='ltr'><strong>dolenti,</strong></span> <span class='ocrx_word' id='word_1_635' title='bbox 883 4018 1034 4086; x_wconf 86' lang='lat' dir='ltr'><strong>postquam</strong></span> <span class='ocrx_word' id='word_1_636' title='bbox 1088 4010 1119 4064; x_wconf 93' lang='lat' dir='ltr'><strong>in</strong></span> <span class='ocrx_word' id='word_1_637' title='bbox 1141 4010 1295 4066; x_wconf 88' lang='lat' dir='ltr'><strong>medietate</strong></span> <span class='ocrx_word' id='word_1_638' title='bbox 1313 4013 1386 4068; x_wconf 92' lang='lat' dir='ltr'><strong>aeris</strong></span> <span class='ocrx_word' id='word_1_639' title='bbox 1400 4013 1477 4070; x_wconf 85' lang='lat' dir='ltr'><strong>volat</strong></span> <span class='ocrx_word' id='word_1_640' title='bbox 1500 4014 1569 4084; x_wconf 72' lang='grc' dir='ltr'><strong>(ιι).</strong></span> <span class='ocrx_word' id='word_1_641' title='bbox 1586 4016 1642 4070; x_wconf 86' lang='lat' dir='ltr'><strong>Nec</strong></span> <span class='ocrx_word' id='word_1_642' title='bbox 1657 4030 1722 4069; x_wconf 90' lang='lat' dir='ltr'><strong>caro</strong></span> <span class='ocrx_word' id='word_1_643' title='bbox 1737 4014 1800 4086; x_wconf 87' lang='lat' dir='ltr'><strong>ejus</strong></span> <span class='ocrx_word' id='word_1_644' title='bbox 1813 4013 1939 4070; x_wconf 87' lang='lat' dir='ltr'><strong>eomedi-</strong></span> 
     </span>
     <span class='ocr_line' id='line_1_44' title="bbox 185 4099 1940 4175; baseline 0.001 -18"><span class='ocrx_word' id='word_1_645' title='bbox 185 4102 333 4158; x_wconf 90' lang='lat' dir='ltr'><strong>modicum</strong></span> <span class='ocrx_word' id='word_1_646' title='bbox 372 4101 540 4171; x_wconf 87' lang='lat' dir='ltr'><strong>comederit,</strong></span> <span class='ocrx_word' id='word_1_647' title='bbox 578 4101 614 4157; x_wconf 83' lang='lat' dir='ltr'><strong>ad</strong></span> <span class='ocrx_word' id='word_1_648' title='bbox 653 4101 887 4157; x_wconf 85' lang='lat' dir='ltr'><strong>manducandum</strong></span> <span class='ocrx_word' id='word_1_649' title='bbox 914 4102 1033 4159; x_wconf 92' lang='lat' dir='ltr'><strong>tribnat.</strong></span> <span class='ocrx_word' id='word_1_650' title='bbox 1088 4106 1147 4155; x_wconf 87' lang='lat' dir='ltr'><strong>tur.</strong></span> <span class='ocrx_word' id='word_1_651' title='bbox 1172 4100 1205 4155; x_wconf 81' lang='lat' dir='ltr'><strong>Et</strong></span> <span class='ocrx_word' id='word_1_652' title='bbox 1237 4099 1262 4154; x_wconf 92' lang='lat' dir='ltr'><strong>si</strong></span> <span class='ocrx_word' id='word_1_653' title='bbox 1283 4100 1392 4157; x_wconf 77' lang='lat' dir='ltr'><strong>orfime</strong></span> <span class='ocrx_word' id='word_1_654' title='bbox 1420 4102 1451 4159; x_wconf 93' lang='lat' dir='ltr'><strong>iu</strong></span> <span class='ocrx_word' id='word_1_655' title='bbox 1478 4102 1597 4158; x_wconf 90' lang='lat' dir='ltr'><strong>homine</strong></span> <span class='ocrx_word' id='word_1_656' title='bbox 1624 4108 1700 4171; x_wconf 92' lang='lat' dir='ltr'><strong>sunt,</strong></span> <span class='ocrx_word' id='word_1_657' title='bbox 1729 4102 1787 4157; x_wconf 83' lang='lat' dir='ltr'><strong>sire</strong></span> <span class='ocrx_word' id='word_1_658' title='bbox 1815 4101 1940 4175; x_wconf 77' lang='lat' dir='ltr'><strong>integrae</strong></span> 
     </span>
     <span class='ocr_line' id='line_1_45' title="bbox 186 4188 1942 4264; baseline 0.001 -18"><span class='ocrx_word' id='word_1_659' title='bbox 186 4191 373 4263; x_wconf 74' lang='lat' dir='ltr'><strong>Quaecunque</strong></span> <span class='ocrx_word' id='word_1_660' title='bbox 394 4196 491 4247; x_wconf 85' lang='lat' dir='ltr'><strong>autem</strong></span> <span class='ocrx_word' id='word_1_661' title='bbox 515 4192 591 4247; x_wconf 90' lang='lat' dir='ltr'><strong>idem</strong></span> <span class='ocrx_word' id='word_1_662' title='bbox 613 4190 747 4247; x_wconf 82' lang='lat' dir='ltr'><strong>infirmus</strong></span> <span class='ocrx_word' id='word_1_663' title='bbox 767 4191 884 4247; x_wconf 89' lang='lat' dir='ltr'><strong>interim</strong></span> <span class='ocrx_word' id='word_1_664' title='bbox 898 4191 1033 4261; x_wconf 92' lang='lat' dir='ltr'><strong>comedit,</strong></span> <span class='ocrx_word' id='word_1_665' title='bbox 1088 4188 1147 4244; x_wconf 87' lang='lat' dir='ltr'><strong>sive</strong></span> <span class='ocrx_word' id='word_1_666' title='bbox 1169 4194 1263 4262; x_wconf 83' lang='lat' dir='ltr'><strong>ruptae</strong></span> <span class='ocrx_word' id='word_1_667' title='bbox 1282 4190 1349 4258; x_wconf 89' lang='lat' dir='ltr'><strong>sint,</strong></span> <span class='ocrx_word' id='word_1_668' title='bbox 1373 4192 1471 4247; x_wconf 81' lang='lat' dir='ltr'><strong>smaltz</strong></span> <span class='ocrx_word' id='word_1_669' title='bbox 1494 4192 1636 4263; x_wconf 87' lang='lat' dir='ltr'><strong>[sagimen</strong></span> <span class='ocrx_word' id='word_1_670' title='bbox 1651 4191 1707 4263; x_wconf 79' lang='lat' dir='ltr'><strong>ed]</strong></span> <span class='ocrx_word' id='word_1_671' title='bbox 1728 4190 1791 4262; x_wconf 84' lang='lat' dir='ltr'><strong>ejus</strong></span> <span class='ocrx_word' id='word_1_672' title='bbox 1813 4198 1942 4264; x_wconf 87' lang='lat' dir='ltr'><strong>desuper</strong></span> 
     </span>
     <span class='ocr_line' id='line_1_46' title="bbox 184 4278 1943 4371; baseline 0.001 -37"><span class='ocrx_word' id='word_1_673' title='bbox 184 4279 276 4335; x_wconf 85' lang='lat' dir='ltr'><strong>calida</strong></span> <span class='ocrx_word' id='word_1_674' title='bbox 290 4279 349 4334; x_wconf 88' lang='lat' dir='ltr'><strong>sint</strong></span> <span class='ocrx_word' id='word_1_675' title='bbox 371 4283 400 4334; x_wconf 90' lang='lat' dir='ltr'><strong>et</strong></span> <span class='ocrx_word' id='word_1_676' title='bbox 413 4280 524 4348; x_wconf 86' lang='lat' dir='ltr'><strong>mollia,</strong></span> <span class='ocrx_word' id='word_1_677' title='bbox 548 4278 656 4335; x_wconf 88' lang='lat' dir='ltr'><strong>scilicet</strong></span> <span class='ocrx_word' id='word_1_678' title='bbox 683 4279 779 4350; x_wconf 90' lang='lat' dir='ltr'><strong>pullos</strong></span> <span class='ocrx_word' id='word_1_679' title='bbox 805 4280 988 4351; x_wconf 79' lang='lat' dir='ltr'><strong>gallinarum,</strong></span> <span class='ocrx_word' id='word_1_680' title='bbox 1005 4286 1034 4337; x_wconf 89' lang='lat' dir='ltr'><strong>at</strong></span> <span class='ocrx_word' id='word_1_681' title='bbox 1051 4292 1174 4371; x_wconf 70' lang='lat' dir='ltr'><strong>1)unge,</strong></span> <span class='ocrx_word' id='word_1_682' title='bbox 1202 4282 1231 4333; x_wconf 91' lang='lat' dir='ltr'><strong>et</strong></span> <span class='ocrx_word' id='word_1_683' title='bbox 1255 4278 1448 4335; x_wconf 83' lang='lat' dir='ltr'><strong>siccabuntur.</strong></span> <span class='ocrx_word' id='word_1_684' title='bbox 1477 4279 1532 4336; x_wconf 87' lang='lat' dir='ltr'><strong>Sed</strong></span> <span class='ocrx_word' id='word_1_685' title='bbox 1556 4280 1638 4335; x_wconf 81' lang='lat' dir='ltr'><strong>Falso</strong></span> <span class='ocrx_word' id='word_1_686' title='bbox 1662 4284 1772 4335; x_wconf 83' lang='grc' dir='ltr'><strong>ιειιιειιι</strong></span> <span class='ocrx_word' id='word_1_687' title='bbox 1798 4280 1943 4336; x_wconf 86' lang='lat' dir='ltr'><strong>acerbita-</strong></span> 
     </span>
     <span class='ocr_line' id='line_1_47' title="bbox 184 4365 1942 4441; baseline 0.002 -19"><span class='ocrx_word' id='word_1_688' title='bbox 184 4371 302 4423; x_wconf 84' lang='lat' dir='ltr'><strong>creteres</strong></span> <span class='ocrx_word' id='word_1_689' title='bbox 328 4368 429 4423; x_wconf 90' lang='lat' dir='ltr'><strong>molles</strong></span> <span class='ocrx_word' id='word_1_690' title='bbox 453 4383 561 4435; x_wconf 84' lang='lat' dir='ltr'><strong>carnes,</strong></span> <span class='ocrx_word' id='word_1_691' title='bbox 578 4372 607 4423; x_wconf 89' lang='lat' dir='ltr'><strong>et</strong></span> <span class='ocrx_word' id='word_1_692' title='bbox 624 4368 733 4440; x_wconf 89' lang='lat' dir='ltr'><strong>pisces;</strong></span> <span class='ocrx_word' id='word_1_693' title='bbox 757 4367 806 4423; x_wconf 92' lang='lat' dir='ltr'><strong>sed</strong></span> <span class='ocrx_word' id='word_1_694' title='bbox 829 4367 909 4438; x_wconf 89' lang='lat' dir='ltr'><strong>allec,</strong></span> <span class='ocrx_word' id='word_1_695' title='bbox 926 4372 954 4423; x_wconf 90' lang='lat' dir='ltr'><strong>et</strong></span> <span class='ocrx_word' id='word_1_696' title='bbox 976 4370 1031 4425; x_wconf 91' lang='lat' dir='ltr'><strong>sal·</strong></span> <span class='ocrx_word' id='word_1_697' title='bbox 1087 4365 1184 4421; x_wconf 80' lang='lat' dir='ltr'><strong>lesuin</strong></span> <span class='ocrx_word' id='word_1_698' title='bbox 1199 4382 1229 4422; x_wconf 91' lang='lat' dir='ltr'><strong>se</strong></span> <span class='ocrx_word' id='word_1_699' title='bbox 1243 4366 1330 4423; x_wconf 89' lang='lat' dir='ltr'><strong>babet</strong></span> <span class='ocrx_word' id='word_1_700' title='bbox 1345 4368 1421 4440; x_wconf 88' lang='lat' dir='ltr'><strong>quod</strong></span> <span class='ocrx_word' id='word_1_701' title='bbox 1436 4368 1470 4424; x_wconf 89' lang='lat' dir='ltr'><strong>ed</strong></span> <span class='ocrx_word' id='word_1_702' title='bbox 1484 4368 1760 4424; x_wconf 87' lang='lat' dir='ltr'><strong>medicamentanon</strong></span> <span class='ocrx_word' id='word_1_703' title='bbox 1778 4368 1855 4424; x_wconf 83' lang='lat' dir='ltr'><strong>valet</strong></span> <span class='ocrx_word' id='word_1_704' title='bbox 1873 4370 1942 4441; x_wconf 79' lang='grc'>(13).</span> 
     </span>
     <span class='ocr_line' id='line_1_48' title="bbox 183 4448 1940 4529; baseline 0.002 -20"><span class='ocrx_word' id='word_1_705' title='bbox 183 4469 301 4510; x_wconf 87' lang='lat' dir='ltr'><strong>monem</strong></span> <span class='ocrx_word' id='word_1_706' title='bbox 324 4454 441 4522; x_wconf 84' lang='lat' dir='ltr'><strong>devitet,</strong></span> <span class='ocrx_word' id='word_1_707' title='bbox 468 4448 496 4509; x_wconf 86' lang='lat' dir='ltr'><strong>et</strong></span> <span class='ocrx_word' id='word_1_708' title='bbox 523 4452 644 4509; x_wconf 84' lang='lat' dir='ltr'><strong>bo&#39;rinas</strong></span> <span class='ocrx_word' id='word_1_709' title='bbox 668 4469 778 4523; x_wconf 89' lang='lat' dir='ltr'><strong>carnes,</strong></span> <span class='ocrx_word' id='word_1_710' title='bbox 807 4459 836 4509; x_wconf 89' lang='lat' dir='ltr'><strong>et</strong></span> <span class='ocrx_word' id='word_1_711' title='bbox 858 4468 983 4525; x_wconf 88' lang='lat' dir='ltr'><strong>caseum,</strong></span> <span class='ocrx_word' id='word_1_712' title='bbox 1004 4462 1034 4511; x_wconf 91' lang='lat' dir='ltr'><strong>et</strong></span> <span class='ocrx_word' id='word_1_713' title='bbox 1087 4453 1143 4509; x_wconf 90' lang='lat' dir='ltr'><strong>Sed</strong></span> <span class='ocrx_word' id='word_1_714' title='bbox 1163 4454 1212 4509; x_wconf 89' lang='lat' dir='ltr'><strong>alti</strong></span> <span class='ocrx_word' id='word_1_715' title='bbox 1232 4456 1335 4523; x_wconf 71' lang='lat' dir='ltr'><strong>saltere,</strong></span> <span class='ocrx_word' id='word_1_716' title='bbox 1353 4455 1389 4511; x_wconf 90' lang='lat' dir='ltr'><strong>de</strong></span> <span class='ocrx_word' id='word_1_717' title='bbox 1409 4472 1591 4529; x_wconf 80' lang='lat' dir='ltr'><strong>quacumque</strong></span> <span class='ocrx_word' id='word_1_718' title='bbox 1613 4462 1690 4512; x_wconf 91' lang='lat' dir='ltr'><strong>terra</strong></span> <span class='ocrx_word' id='word_1_719' title='bbox 1712 4462 1789 4525; x_wconf 91' lang='lat' dir='ltr'><strong>sunt,</strong></span> <span class='ocrx_word' id='word_1_720' title='bbox 1815 4458 1940 4514; x_wconf 88' lang='lat' dir='ltr'><strong>eandem</strong></span> 
     </span>
     <span class='ocr_line' id='line_1_49' title="bbox 183 4543 1938 4616; baseline 0.003 -19"><span class='ocrx_word' id='word_1_721' title='bbox 183 4543 272 4599; x_wconf 89' lang='lat' dir='ltr'><strong>crude</strong></span> <span class='ocrx_word' id='word_1_722' title='bbox 295 4545 324 4598; x_wconf 91' lang='lat' dir='ltr'><strong>el</strong></span> <span class='ocrx_word' id='word_1_723' title='bbox 346 4558 447 4614; x_wconf 91' lang='lat' dir='ltr'><strong>grossa</strong></span> <span class='ocrx_word' id='word_1_724' title='bbox 476 4543 565 4610; x_wconf 89' lang='lat' dir='ltr'><strong>olera,</strong></span> <span class='ocrx_word' id='word_1_725' title='bbox 599 4548 629 4599; x_wconf 88' lang='lat' dir='ltr'><strong>et</strong></span> <span class='ocrx_word' id='word_1_726' title='bbox 651 4558 781 4615; x_wconf 91' lang='lat' dir='ltr'><strong>porrum,</strong></span> <span class='ocrx_word' id='word_1_727' title='bbox 802 4549 830 4600; x_wconf 91' lang='lat' dir='ltr'><strong>at</strong></span> <span class='ocrx_word' id='word_1_728' title='bbox 865 4545 1031 4616; x_wconf 86' lang='lat' dir='ltr'><strong>siligineum</strong></span> <span class='ocrx_word' id='word_1_729' title='bbox 1087 4546 1219 4597; x_wconf 89' lang='lat' dir='ltr'><strong>naturam</strong></span> <span class='ocrx_word' id='word_1_730' title='bbox 1238 4544 1344 4599; x_wconf 84' lang='lat' dir='ltr'><strong>habent</strong></span> <span class='ocrx_word' id='word_1_731' title='bbox 1365 4544 1439 4599; x_wconf 87' lang='lat' dir='ltr'><strong>sicut</strong></span> <span class='ocrx_word' id='word_1_732' title='bbox 1461 4551 1489 4600; x_wconf 90' lang='lat' dir='ltr'><strong>at</strong></span> <span class='ocrx_word' id='word_1_733' title='bbox 1513 4546 1576 4613; x_wconf 88' lang='lat' dir='ltr'><strong>iste,</strong></span> <span class='ocrx_word' id='word_1_734' title='bbox 1599 4549 1628 4600; x_wconf 91' lang='lat' dir='ltr'><strong>et</strong></span> <span class='ocrx_word' id='word_1_735' title='bbox 1648 4545 1734 4599; x_wconf 87' lang='lat' dir='ltr'><strong>etiam</strong></span> <span class='ocrx_word' id='word_1_736' title='bbox 1758 4544 1794 4601; x_wconf 90' lang='lat' dir='ltr'><strong>ad</strong></span> <span class='ocrx_word' id='word_1_737' title='bbox 1816 4546 1938 4602; x_wconf 90' lang='lat' dir='ltr'><strong>eandem</strong></span> 
     </span>
     <span class='ocr_line' id='line_1_50' title="bbox 183 4630 1938 4706; baseline 0.002 -19"><span class='ocrx_word' id='word_1_738' title='bbox 183 4636 213 4687; x_wconf 91' lang='lat' dir='ltr'><strong>et</strong></span> <span class='ocrx_word' id='word_1_739' title='bbox 228 4630 400 4687; x_wconf 88' lang='lat' dir='ltr'><strong>ordeaceum</strong></span> <span class='ocrx_word' id='word_1_740' title='bbox 415 4646 529 4703; x_wconf 86' lang='lat' dir='ltr'><strong>penem,</strong></span> <span class='ocrx_word' id='word_1_741' title='bbox 545 4634 574 4685; x_wconf 89' lang='lat' dir='ltr'><strong>st</strong></span> <span class='ocrx_word' id='word_1_742' title='bbox 591 4631 732 4704; x_wconf 88' lang='lat' dir='ltr'><strong>quidquid</strong></span> <span class='ocrx_word' id='word_1_743' title='bbox 749 4648 844 4688; x_wconf 89' lang='lat' dir='ltr'><strong>assum</strong></span> <span class='ocrx_word' id='word_1_744' title='bbox 859 4638 912 4701; x_wconf 90' lang='lat' dir='ltr'><strong>est,</strong></span> <span class='ocrx_word' id='word_1_745' title='bbox 926 4637 1033 4705; x_wconf 83' lang='lat' dir='ltr'><strong>praeter</strong></span> <span class='ocrx_word' id='word_1_746' title='bbox 1087 4630 1257 4687; x_wconf 86' lang='lat' dir='ltr'><strong>medicinam</strong></span> <span class='ocrx_word' id='word_1_747' title='bbox 1282 4632 1387 4695; x_wconf 88' lang='lat' dir='ltr'><strong>valent,</strong></span> <span class='ocrx_word' id='word_1_748' title='bbox 1412 4632 1467 4687; x_wconf 88' lang='lat' dir='ltr'><strong>nisi</strong></span> <span class='ocrx_word' id='word_1_749' title='bbox 1493 4634 1571 4706; x_wconf 83' lang='lat' dir='ltr'><strong>qnod</strong></span> <span class='ocrx_word' id='word_1_750' title='bbox 1603 4631 1750 4687; x_wconf 88' lang='lat' dir='ltr'><strong>interdum</strong></span> <span class='ocrx_word' id='word_1_751' title='bbox 1777 4634 1938 4690; x_wconf 89' lang='lat' dir='ltr'><strong>secundnm</strong></span> 
     </span>
     <span class='ocr_line' id='line_1_51' title="bbox 183 4720 1940 4793; baseline 0.001 -19"><span class='ocrx_word' id='word_1_752' title='bbox 183 4734 280 4774; x_wconf 90' lang='lat' dir='ltr'><strong>assum</strong></span> <span class='ocrx_word' id='word_1_753' title='bbox 300 4720 407 4792; x_wconf 92' lang='lat' dir='ltr'><strong>pirum,</strong></span> <span class='ocrx_word' id='word_1_754' title='bbox 423 4734 484 4774; x_wconf 91' lang='lat' dir='ltr'><strong>non</strong></span> <span class='ocrx_word' id='word_1_755' title='bbox 505 4720 645 4788; x_wconf 90' lang='lat' dir='ltr'><strong>comedet,</strong></span> <span class='ocrx_word' id='word_1_756' title='bbox 664 4724 693 4775; x_wconf 92' lang='lat' dir='ltr'><strong>et</strong></span> <span class='ocrx_word' id='word_1_757' title='bbox 707 4720 804 4776; x_wconf 86' lang='lat' dir='ltr'><strong>riuum</strong></span> <span class='ocrx_word' id='word_1_758' title='bbox 828 4722 918 4777; x_wconf 87' lang='lat' dir='ltr'><strong>bibat.</strong></span> <span class='ocrx_word' id='word_1_759' title='bbox 939 4721 995 4777; x_wconf 85' lang='lat' dir='ltr'><strong>Sed</strong></span> <span class='ocrx_word' id='word_1_760' title='bbox 1009 4721 1032 4778; x_wconf 92' lang='lat' dir='ltr'><strong>si</strong></span> <span class='ocrx_word' id='word_1_761' title='bbox 1087 4720 1219 4790; x_wconf 85' lang='lat' dir='ltr'><strong>regiones</strong></span> <span class='ocrx_word' id='word_1_762' title='bbox 1233 4720 1264 4775; x_wconf 93' lang='lat' dir='ltr'><strong>in</strong></span> <span class='ocrx_word' id='word_1_763' title='bbox 1285 4720 1391 4793; x_wconf 88' lang='lat' dir='ltr'><strong>quihus</strong></span> <span class='ocrx_word' id='word_1_764' title='bbox 1413 4721 1590 4790; x_wconf 88' lang='lat' dir='ltr'><strong>nutriuntur,</strong></span> <span class='ocrx_word' id='word_1_765' title='bbox 1610 4721 1684 4777; x_wconf 89' lang='lat' dir='ltr'><strong>alius</strong></span> <span class='ocrx_word' id='word_1_766' title='bbox 1706 4722 1764 4778; x_wconf 88' lang='lat' dir='ltr'><strong>alio</strong></span> <span class='ocrx_word' id='word_1_767' title='bbox 1787 4721 1893 4779; x_wconf 77' lang='lat' dir='ltr'><strong>fortitu</strong></span> <span class='ocrx_word' id='word_1_768' title='bbox 1912 4730 1940 4777; x_wconf 86' lang='lat' dir='ltr'><strong>el</strong></span> 
     </span>
     <span class='ocr_line' id='line_1_52' title="bbox 184 4806 1327 4879; baseline 0 -17"><span class='ocrx_word' id='word_1_769' title='bbox 184 4808 251 4879; x_wconf 82' lang='lat' dir='ltr'><strong>quis</strong></span> <span class='ocrx_word' id='word_1_770' title='bbox 271 4809 382 4863; x_wconf 85' lang='lat' dir='ltr'><strong>tluxum</strong></span> <span class='ocrx_word' id='word_1_771' title='bbox 412 4806 561 4878; x_wconf 87' lang='lat' dir='ltr'><strong>sanguinis</strong></span> <span class='ocrx_word' id='word_1_772' title='bbox 587 4808 683 4877; x_wconf 89' lang='lat' dir='ltr'><strong>hahet,</strong></span> <span class='ocrx_word' id='word_1_773' title='bbox 715 4808 773 4865; x_wconf 92' lang='lat' dir='ltr'><strong>duo</strong></span> <span class='ocrx_word' id='word_1_774' title='bbox 792 4810 889 4866; x_wconf 83' lang='lat' dir='ltr'><strong>vitella</strong></span> <span class='ocrx_word' id='word_1_775' title='bbox 912 4825 1031 4866; x_wconf 83' lang='lat' dir='ltr'><strong>osorum</strong></span> <span class='ocrx_word' id='word_1_776' title='bbox 1086 4809 1210 4864; x_wconf 73' lang='lat' dir='ltr'><strong>relomor</strong></span> <span class='ocrx_word' id='word_1_777' title='bbox 1223 4808 1327 4864; x_wconf 86' lang='lat' dir='ltr'><strong>existit.</strong></span> 
     </span>
     <span class='ocr_line' id='line_1_53' title="bbox 182 4896 1713 4971; baseline 0.003 -21"><span class='ocrx_word' id='word_1_778' title='bbox 182 4897 378 4967; x_wconf 89' lang='lat' dir='ltr'><strong>distemperet,</strong></span> <span class='ocrx_word' id='word_1_779' title='bbox 399 4902 428 4950; x_wconf 89' lang='lat' dir='ltr'><strong>et</strong></span> <span class='ocrx_word' id='word_1_780' title='bbox 447 4911 563 4951; x_wconf 92' lang='lat' dir='ltr'><strong>succum</strong></span> <span class='ocrx_word' id='word_1_781' title='bbox 586 4896 744 4965; x_wconf 84' lang='lat' dir='ltr'><strong>metridati,</strong></span> <span class='ocrx_word' id='word_1_782' title='bbox 763 4903 903 4971; x_wconf 87' lang='lat' dir='ltr'><strong>quantum</strong></span> <span class='ocrx_word' id='word_1_783' title='bbox 925 4900 1032 4967; x_wconf 68' lang='lat' dir='ltr'><strong>naedie</strong></span> <span class='ocrx_word' id='word_1_784' title='bbox 1123 4898 1187 4953; x_wconf 84' lang='lat' dir='ltr'><strong>Car.</strong></span> <span class='ocrx_word' id='word_1_785' title='bbox 1207 4896 1273 4953; x_wconf 87' lang='lat' dir='ltr'><strong>xlx.</strong></span> <span class='ocrx_word' id='word_1_786' title='bbox 1295 4928 1329 4938; x_wconf 91' lang='lat'>-</span> <span class='ocrx_word' id='word_1_787' title='bbox 1348 4898 1388 4953; x_wconf 83' lang='grc' dir='ltr'><strong>ιιι</strong></span> <span class='ocrx_word' id='word_1_788' title='bbox 1408 4899 1515 4955; x_wconf 83' lang='grc' dir='ltr'><strong>Ηιιιιειι</strong></span> <span class='ocrx_word' id='word_1_789' title='bbox 1535 4897 1592 4970; x_wconf 75' lang='grc' dir='ltr'><strong>(ιι,</strong></span> <span class='ocrx_word' id='word_1_790' title='bbox 1612 4914 1642 4966; x_wconf 91' lang='grc' dir='ltr'><strong>ιι,</strong></span> <span class='ocrx_word' id='word_1_791' title='bbox 1657 4900 1713 4971; x_wconf 82' lang='grc' dir='ltr'><strong>ιιι).</strong></span> 
     </span>
     <span class='ocr_line' id='line_1_54' title="bbox 182 4982 1940 5059; baseline 0.001 -21"><span class='ocrx_word' id='word_1_792' title='bbox 182 4989 226 5039; x_wconf 85' lang='lat' dir='ltr'><strong>tos</strong></span> <span class='ocrx_word' id='word_1_793' title='bbox 246 4986 331 5039; x_wconf 93' lang='lat' dir='ltr'><strong>nnius</strong></span> <span class='ocrx_word' id='word_1_794' title='bbox 354 4984 446 5039; x_wconf 80' lang='lat' dir='ltr'><strong>vitelli</strong></span> <span class='ocrx_word' id='word_1_795' title='bbox 471 4988 524 5052; x_wconf 85' lang='lat' dir='ltr'><strong>eat,</strong></span> <span class='ocrx_word' id='word_1_796' title='bbox 540 4984 637 5053; x_wconf 88' lang='lat' dir='ltr'><strong>addat,</strong></span> <span class='ocrx_word' id='word_1_797' title='bbox 654 4992 683 5041; x_wconf 90' lang='lat' dir='ltr'><strong>et</strong></span> <span class='ocrx_word' id='word_1_798' title='bbox 708 4986 781 5041; x_wconf 88' lang='lat' dir='ltr'><strong>aceli</strong></span> <span class='ocrx_word' id='word_1_799' title='bbox 802 4988 942 5059; x_wconf 84' lang='lat' dir='ltr'><strong>qnantum</strong></span> <span class='ocrx_word' id='word_1_800' title='bbox 966 4986 1031 5041; x_wconf 77' lang='lat' dir='ltr'><strong>duee</strong></span> <span class='ocrx_word' id='word_1_801' title='bbox 1121 4986 1228 5041; x_wconf 81' lang='lat' dir='ltr'><strong>ilabialr</strong></span> <span class='ocrx_word' id='word_1_802' title='bbox 1251 4984 1405 5059; x_wconf 82' lang='lat' dir='ltr'><strong>[Accipiter</strong></span> <span class='ocrx_word' id='word_1_803' title='bbox 1437 4982 1492 5047; x_wconf 73' lang='lat' dir='ltr'><strong>adl</strong></span> <span class='ocrx_word' id='word_1_804' title='bbox 1525 4986 1635 5043; x_wconf 90' lang='lat' dir='ltr'><strong>calidus</strong></span> <span class='ocrx_word' id='word_1_805' title='bbox 1663 4992 1708 5043; x_wconf 92' lang='lat' dir='ltr'><strong>est</strong></span> <span class='ocrx_word' id='word_1_806' title='bbox 1738 4989 1768 5042; x_wconf 90' lang='lat' dir='ltr'><strong>et</strong></span> <span class='ocrx_word' id='word_1_807' title='bbox 1793 4986 1940 5044; x_wconf 86' lang='lat' dir='ltr'><strong>humidos</strong></span> 
     </span>
    </p>
   </div>
   <div class='ocr_carea' id='block_1_3' title="bbox 216 5106 1652 5391">
    <p class='ocr_par' dir='ltr' id='par_1_3' title="bbox 218 5106 1440 5181">
     <span class='ocr_line' id='line_1_55' title="bbox 218 5106 1440 5181; baseline 0.004 -20"><span class='ocrx_word' id='word_1_808' title='bbox 218 5107 258 5178; x_wconf 91' lang='grc' dir='ltr'><strong>(Ι)</strong></span> <span class='ocrx_word' id='word_1_809' title='bbox 276 5108 373 5163; x_wconf 78' lang='lat' dir='ltr'><strong>Persae</strong></span> <span class='ocrx_word' id='word_1_810' title='bbox 381 5112 473 5162; x_wconf 85' lang='lat' dir='ltr'><strong>autem</strong></span> <span class='ocrx_word' id='word_1_811' title='bbox 487 5136 519 5149; x_wconf 93' lang='lat'>-</span> <span class='ocrx_word' id='word_1_812' title='bbox 533 5106 712 5177; x_wconf 81' lang='lat' dir='ltr'><strong>gallinarum,</strong></span> <span class='ocrx_word' id='word_1_813' title='bbox 725 5125 782 5165; x_wconf 91' lang='lat' dir='ltr'><strong>om.</strong></span> <span class='ocrx_word' id='word_1_814' title='bbox 796 5110 841 5166; x_wconf 91' lang='lat' dir='ltr'><strong>ed.</strong></span> <span class='ocrx_word' id='word_1_815' title='bbox 1122 5108 1159 5181; x_wconf 80' lang='lat' dir='ltr'><strong>(t)</strong></span> <span class='ocrx_word' id='word_1_816' title='bbox 1180 5111 1275 5166; x_wconf 80' lang='lat' dir='ltr'><strong>Tetrao</strong></span> <span class='ocrx_word' id='word_1_817' title='bbox 1288 5112 1440 5179; x_wconf 71' lang='lat' dir='ltr'><strong>magnilica.</strong></span> 
     </span>
    </p>

    <p class='ocr_par' dir='ltr' id='par_1_4' title="bbox 218 5177 1410 5248">
     <span class='ocr_line' id='line_1_56' title="bbox 218 5177 1410 5248; baseline 0.003 -17"><span class='ocrx_word' id='word_1_818' title='bbox 218 5179 256 5247; x_wconf 71' lang='grc' dir='ltr'><strong>(ι)</strong></span> <span class='ocrx_word' id='word_1_819' title='bbox 276 5177 431 5234; x_wconf 74' lang='lat' dir='ltr'><strong>Phasianae</strong></span> <span class='ocrx_word' id='word_1_820' title='bbox 446 5178 556 5233; x_wconf 83' lang='lat' dir='ltr'><strong>Gallus.</strong></span> <span class='ocrx_word' id='word_1_821' title='bbox 1122 5182 1163 5248; x_wconf 84' lang='grc'><strong>(8)</strong></span> <span class='ocrx_word' id='word_1_822' title='bbox 1185 5182 1281 5235; x_wconf 79' lang='lat' dir='ltr'><strong>Tetrao</strong></span> <span class='ocrx_word' id='word_1_823' title='bbox 1296 5180 1410 5237; x_wconf 78' lang='lat' dir='ltr'><strong>Peraia.</strong></span> 
     </span>
    </p>

    <p class='ocr_par' dir='ltr' id='par_1_5' title="bbox 216 5249 1652 5391">
     <span class='ocr_line' id='line_1_57' title="bbox 216 5249 1652 5321; baseline 0.003 -19"><span class='ocrx_word' id='word_1_824' title='bbox 216 5250 254 5317; x_wconf 79' lang='grc'><strong>(3)</strong></span> <span class='ocrx_word' id='word_1_825' title='bbox 273 5250 370 5303; x_wconf 78' lang='lat' dir='ltr'><strong>Eleon</strong></span> <span class='ocrx_word' id='word_1_826' title='bbox 384 5249 478 5303; x_wconf 85' lang='lat' dir='ltr'><strong>alte·</strong></span> <span class='ocrx_word' id='word_1_827' title='bbox 491 5250 655 5304; x_wconf 82' lang='lat' dir='ltr'><strong>animalium</strong></span> <span class='ocrx_word' id='word_1_828' title='bbox 668 5265 726 5306; x_wconf 89' lang='lat' dir='ltr'><strong>om.</strong></span> <span class='ocrx_word' id='word_1_829' title='bbox 743 5250 791 5317; x_wconf 67' lang='lat' dir='ltr'><strong>ed,</strong></span> <span class='ocrx_word' id='word_1_830' title='bbox 1120 5253 1158 5317; x_wconf 83' lang='grc'><strong>(9)</strong></span> <span class='ocrx_word' id='word_1_831' title='bbox 1178 5251 1234 5307; x_wconf 81' lang='lat' dir='ltr'><strong>Sed</strong></span> <span class='ocrx_word' id='word_1_832' title='bbox 1246 5256 1335 5307; x_wconf 85' lang='lat' dir='ltr'><strong>tamea</strong></span> <span class='ocrx_word' id='word_1_833' title='bbox 1348 5281 1383 5292; x_wconf 93' lang='lat'><em>-</em></span> <span class='ocrx_word' id='word_1_834' title='bbox 1402 5252 1519 5321; x_wconf 79' lang='lat' dir='ltr'><strong>gallina,</strong></span> <span class='ocrx_word' id='word_1_835' title='bbox 1534 5266 1592 5307; x_wconf 90' lang='lat' dir='ltr'><strong>om.</strong></span> <span class='ocrx_word' id='word_1_836' title='bbox 1606 5249 1652 5306; x_wconf 90' lang='lat' dir='ltr'><strong>ed.</strong></span> 
     </span>
     <span class='ocr_line' id='line_1_58' title="bbox 216 5317 1403 5391; baseline 0.004 -19"><span class='ocrx_word' id='word_1_837' title='bbox 216 5317 255 5384; x_wconf 78' lang='grc' dir='ltr'><strong>(ι)</strong></span> <span class='ocrx_word' id='word_1_838' title='bbox 275 5317 392 5384; x_wconf 83' lang='lat' dir='ltr'><strong>Quodsi</strong></span> <span class='ocrx_word' id='word_1_839' title='bbox 408 5320 448 5375; x_wconf 87' lang='lat' dir='ltr'><strong>alt</strong></span> <span class='ocrx_word' id='word_1_840' title='bbox 493 5321 499 5333; x_wconf 87' lang='lat'>&#39;</span> <span class='ocrx_word' id='word_1_841' title='bbox 520 5319 675 5388; x_wconf 76' lang='lat' dir='ltr'><strong>-srr’pr&#39;doe</strong></span> <span class='ocrx_word' id='word_1_842' title='bbox 688 5324 752 5375; x_wconf 82' lang='lat' dir='ltr'><strong>aurat</strong></span> <span class='ocrx_word' id='word_1_843' title='bbox 767 5336 826 5377; x_wconf 90' lang='lat' dir='ltr'><strong>ona.</strong></span> <span class='ocrx_word' id='word_1_844' title='bbox 842 5319 887 5376; x_wconf 89' lang='lat' dir='ltr'><strong>ed.</strong></span> <span class='ocrx_word' id='word_1_845' title='bbox 1120 5321 1176 5391; x_wconf 86' lang='grc' dir='ltr'><strong>(ιθ)</strong></span> <span class='ocrx_word' id='word_1_846' title='bbox 1197 5325 1295 5377; x_wconf 77' lang='grc' dir='ltr'><strong>Τεινεο</strong></span> <span class='ocrx_word' id='word_1_847' title='bbox 1310 5326 1403 5378; x_wconf 78' lang='grc' dir='ltr'><strong>ιεινιε.</strong></span> 
     </span>
    </p>
   </div>
   <div class='ocr_carea' id='block_1_4' title="bbox 102 5389 1725 5625">
    <p class='ocr_par' dir='ltr' id='par_1_6' title="bbox 102 5389 1725 5625">
     <span class='ocr_line' id='line_1_59' title="bbox 102 5389 1725 5465; baseline 0.004 -25"><span class='ocrx_word' id='word_1_848' title='bbox 102 5414 106 5423; x_wconf 87' lang='lat'><strong>·</strong></span> <span class='ocrx_word' id='word_1_849' title='bbox 216 5391 255 5457; x_wconf 75' lang='lat' dir='ltr'><strong>(til</strong></span> <span class='ocrx_word' id='word_1_850' title='bbox 271 5389 427 5455; x_wconf 78' lang='lat' dir='ltr'><strong>Quia—t}</strong></span> <span class='ocrx_word' id='word_1_851' title='bbox 459 5392 551 5447; x_wconf 85' lang='grc' dir='ltr'><strong>ιιοιιι,</strong></span> <span class='ocrx_word' id='word_1_852' title='bbox 569 5389 615 5444; x_wconf 87' lang='lat' dir='ltr'><strong>ed.</strong></span> <span class='ocrx_word' id='word_1_853' title='bbox 1122 5394 1145 5463; x_wconf 92' lang='grc' dir='ltr'><strong>(ι</strong></span> <span class='ocrx_word' id='word_1_854' title='bbox 1153 5392 1177 5463; x_wconf 92' lang='lat' dir='ltr'><strong>t)</strong></span> <span class='ocrx_word' id='word_1_855' title='bbox 1197 5392 1325 5449; x_wconf 76' lang='lat' dir='ltr'><strong>Falconis</strong></span> <span class='ocrx_word' id='word_1_856' title='bbox 1339 5392 1458 5464; x_wconf 87' lang='lat' dir='ltr'><strong>species,</strong></span> <span class='ocrx_word' id='word_1_857' title='bbox 1474 5396 1504 5447; x_wconf 88' lang='lat' dir='ltr'><strong>ut</strong></span> <span class='ocrx_word' id='word_1_858' title='bbox 1519 5408 1572 5465; x_wconf 87' lang='lat' dir='ltr'><strong>cap</strong></span> <span class='ocrx_word' id='word_1_859' title='bbox 1593 5432 1614 5460; x_wconf 89' lang='lat'><strong>.,</strong></span> <span class='ocrx_word' id='word_1_860' title='bbox 1631 5392 1725 5459; x_wconf 66' lang='grc' dir='ltr'><strong>ιιϊι.</strong></span> 
     </span>
     <span class='ocr_line' id='line_1_60' title="bbox 216 5408 1596 5532; baseline 0.003 -19"><span class='ocrx_word' id='word_1_861' title='bbox 216 5458 254 5529; x_wconf 83' lang='grc' dir='ltr'><strong>(ιι)</strong></span> <span class='ocrx_word' id='word_1_862' title='bbox 273 5458 328 5514; x_wconf 78' lang='lat' dir='ltr'><strong>Sed</strong></span> <span class='ocrx_word' id='word_1_863' title='bbox 357 5464 384 5515; x_wconf 85' lang='lat' dir='ltr'><strong>et</strong></span> <span class='ocrx_word' id='word_1_864' title='bbox 418 5476 485 5515; x_wconf 87' lang='lat' dir='ltr'><strong>saao</strong></span> <span class='ocrx_word' id='word_1_865' title='bbox 508 5460 613 5516; x_wconf 81' lang='grc' dir='ltr'><strong>ιιιιιιιιι·</strong></span> <span class='ocrx_word' id='word_1_866' title='bbox 635 5477 722 5532; x_wconf 88' lang='lat' dir='ltr'><strong>cappo</strong></span> <span class='ocrx_word' id='word_1_867' title='bbox 754 5492 787 5502; x_wconf 94' lang='lat'>-</span> <span class='ocrx_word' id='word_1_868' title='bbox 813 5464 942 5530; x_wconf 68' lang='lat' dir='ltr'><strong>tortiores</strong></span> <span class='ocrx_word' id='word_1_869' title='bbox 966 5467 1031 5518; x_wconf 85' lang='lat' dir='ltr'><strong>suut</strong></span> <span class='ocrx_word' id='word_1_870' title='bbox 1121 5464 1177 5531; x_wconf 78' lang='lat' dir='ltr'><strong>tlt)</strong></span> <span class='ocrx_word' id='word_1_871' title='bbox 1196 5464 1533 5519; x_wconf 79' lang='lat' dir='ltr'><strong>Eleutetis-solatum.</strong></span> <span class='ocrx_word' id='word_1_872' title='bbox 1550 5408 1596 5518; x_wconf 66' lang='grc' dir='ltr'><strong>εει.</strong></span> 
     </span>
     <span class='ocr_line' id='line_1_61' title="bbox 180 5529 1582 5625; baseline 0.006 -45"><span class='ocrx_word' id='word_1_873' title='bbox 180 5543 239 5583; x_wconf 89' lang='lat' dir='ltr'><strong>orn.</strong></span> <span class='ocrx_word' id='word_1_874' title='bbox 257 5529 301 5582; x_wconf 81' lang='lat' dir='ltr'><strong>ud.</strong></span> <span class='ocrx_word' id='word_1_875' title='bbox 1121 5532 1179 5625; x_wconf 73' lang='grc' dir='ltr'><strong>(ιι)</strong></span> <span class='ocrx_word' id='word_1_876' title='bbox 1199 5533 1253 5589; x_wconf 85' lang='lat' dir='ltr'><strong>Sed</strong></span> <span class='ocrx_word' id='word_1_877' title='bbox 1260 5534 1368 5600; x_wconf 78' lang='lat' dir='ltr'><strong>lutca-</strong></span> <span class='ocrx_word' id='word_1_878' title='bbox 1382 5535 1454 5589; x_wconf 82' lang='lat' dir='ltr'><strong>ualet</strong></span> <span class='ocrx_word' id='word_1_879' title='bbox 1464 5550 1521 5589; x_wconf 91' lang='lat' dir='ltr'><strong>om.</strong></span> <span class='ocrx_word' id='word_1_880' title='bbox 1535 5533 1582 5589; x_wconf 89' lang='lat' dir='ltr'><strong>ed.</strong></span> 
     </span>
    </p>
   </div>
   <div class='ocr_carea' id='block_1_5' title="bbox 0 0 1996 6034">
    <p class='ocr_par' dir='ltr' id='par_1_7' title="bbox 0 0 1996 6034">
     <span class='ocr_line' id='line_1_62' title="bbox 0 0 1996 6034; baseline 0 3"><span class='ocrx_word' id='word_1_881' title='bbox 0 0 1996 6034; x_wconf 95' lang='lat' dir='ltr'><strong> </strong></span> 
     </span>
    </p>
   </div>
  </div>
 </body>
</html>
