3984 6034
90 247 154 303 tait
231 256 236 263 '
618 246 777 302 Ptttstca.
794 276 829 286 —
842 246 909 303 ΗΒ.
929 246 1003 316 Vlll,
1022 246 1067 301 DE
1086 246 1299 304 llEP'llLlBUS.
1768 254 1834 311 tait

86 376 309 448 supplicandum
323 379 429 444 morat,
449 377 519 462 qnia
534 375 569 434 do
592 392 699 448 genero
712 377 768 433 isto
789 380 841 445 est,
857 376 935 449 qood
952 378 1046 449 Aqno
1075 376 1149 447 ptcbt
1176 376 1255 447 lurit,
1281 380 1381 448 ponat,
1408 380 1435 433 et
1462 378 1558 447 [rocci
1582 378 1645 450 jam
1661 378 1835 437 morientem

86 466 177 522 Adam
198 465 323 535 seduxit,
346 470 376 522 et
404 464 470 521 idco
500 466 586 521 etism
616 465 779 522 habitacula
807 464 933 522 bominis
986 480 1075 536 super
1097 464 1233 521 eumdem
1256 480 1385 536 pannum
1410 481 1464 537 per
1488 466 1630 523 modicam
1657 466 1758 523 boram
1782 484 1834 540 po·

87 570 161 627 saepe
176 554 291 627 quaerit.
985 557 1046 619 nat,
1070 557 1099 609 et
1121 554 1195 623 picit
1216 552 1246 607 in
1269 553 1329 607 loco
1343 552 1393 608 illo
1416 568 1591 625 perannum
1612 570 1702 611 unum
1717 559 1768 611 aut
1782 572 1835 628 per

255 641 320 699 Cas.
339 640 387 697 Ill.
406 669 441 681 -
460 641 502 695 lis
525 640 706 697 Bnrursusicn
726 640 764 712 (l)
986 656 1096 697 anunm
1107 640 1260 697 dimidium
1274 640 1407 695 cessabit.

121 728 284 785 Btiutsleicb
311 728 435 801 frigidus
458 734 512 797 ost,
536 735 566 784 et
586 729 656 784 dum
680 728 760 798 vivit,
784 728 933 784 bominem
1155 730 1219 785 Car.
1240 729 1283 784 vt.
1307 758 1343 769 ·-
1362 728 1403 783 ιιι
1423 730 1599 787 Lauursoscn
1619 730 1667 802 (7).
1841 798 1846 805 ,

86 830 146 870 non
166 815 255 883 radit,
280 816 330 871 sed
351 816 386 871 ad
410 816 521 871 nullam
546 817 700 873 utilitatem
718 833 772 872 uec
790 817 827 872 ed
841 817 932 873 medi·
1021 817 1191 885 laubfrosch
1210 817 1274 889 plns
1292 817 1400 873 calidus
1422 833 1510 889 quarn
1531 818 1652 890 frigidus
1675 824 1727 884 est,
1752 825 1781 877 et
1799 821 1835 877 de

86 902 181 959 cinam
202 902 286 973 valet,
302 904 353 960 ssd
375 908 530 975 postquam
550 909 681 961 mortuus
704 904 800 973 luerit,
820 921 932 962 veneno
986 921 1052 961 aare
1078 905 1128 961 illo
1150 905 1261 972 crescit,
1284 920 1337 977 per
1365 920 1453 977 quem
1483 905 1600 961 arbores
1621 907 1780 963 viriditates
1807 913 1836 963 et

86 991 148 1060 ejus
161 990 296 1047 homiues
312 991 469 1059 laeduntur,
483 991 508 1047 si
520 991 593 1048 illud
612 991 759 1065 tetigerint
771 997 932 1066 autgusta-
985 994 1071 1049 flores
1095 1008 1161 1051 suos
1184 994 1357 1066 producunt.
1381 994 1414 1049 Et
1438 1009 1504 1048 curn
1528 994 1686 1051 viriditates
1706 1000 1735 1051 ot
1750 998 1836 1053 liores

86 1078 192 1134 verint.
985 1098 1052 1138 suos
1075 1082 1242 1155 producent,
1270 1098 1304 1137 eo
1329 1086 1460 1153 tempore
1483 1082 1562 1137 aerei
1591 1082 1709 1155 spiritus
1738 1084 1836 1139 bomi-

193 1166 257 1222 Car.
279 1167 323 1222 tv,
342 1196 378 1207 —
397 1168 437 1223 ils
456 1168 565 1224 Carcoe
585 1168 624 1240 (ι)
645 1168 824 1243 [1V,1u,ss].
986 1172 1070 1227 uibus
1092 1171 1184 1244 magis
1199 1186 1286 1243 quam
1306 1170 1338 1225 iu
1352 1169 1408 1224 alio
1424 1174 1553 1241 temporo
1567 1170 1752 1239 insidiantur,
1769 1172 1836 1243 quia

122 1254 229 1311 credda
252 1256 375 1326 [llnbeta
400 1254 458 1330 ιιι.)
481 1271 515 1311 ex
543 1260 625 1328 parto
648 1272 786 1330 magnum
809 1260 933 1315 calorem
986 1263 1056 1316 tnnc
1077 1259 1166 1315 etiam
1188 1265 1300 1315 mentes
1318 1257 1429 1314 bomini
1453 1258 1544 1330 stragis
1565 1258 1769 1317 insanitatem
1791 1260 1836 1315 lo-

86 1343 174 1399 habet
194 1348 224 1398 et
237 1360 270 1399 ex
285 1348 366 1416 parts
387 1361 523 1417 maguam
537 1344 722 1403 acerbitatem
742 1347 774 1401 iu
791 1364 821 1403 se
834 1349 931 1418 hebet,
986 1348 1073 1405 dandi
1087 1354 1116 1405 et
1138 1346 1250 1403 ridendi
1269 1352 1439 1419 exsurgunt,
1458 1346 1536 1401 velut
1561 1346 1647 1401 etiam
1673 1352 1742 1403 tunc
1767 1347 1836 1402 viri·

84 1433 164 1487 velut
189 1432 353 1502 periculosa
376 1449 447 1488 auru
472 1450 538 1489 cum
563 1434 678 1505 fulgora
699 1441 728 1491 et
750 1437 878 1494 tonitrua
900 1453 934 1493 ac
986 1437 1061 1493 ditas
1080 1437 1218 1493 arborum
1238 1435 1349 1504 crescit,
1366 1441 1395 1490 ιι
1413 1439 1481 1489 tunc
1507 1434 1594 1489 ιιιιιιι
1618 1433 1751 1489 homines
1773 1435 1837 1490 ido-

85 1519 197 1590 grando
211 1521 378 1591 procedunt,
395 1527 481 1593 atque
502 1522 584 1595 quasi
603 1523 774 1581 diabolicam
794 1531 886 1581 artam
901 1526 933 1581 in
985 1525 1129 1581 lolatriam
1144 1531 1174 1581 et
1191 1526 1296 1580 multas
1320 1523 1458 1579 vanitates
1472 1537 1538 1577 oum
1553 1520 1653 1577 eodem
1668 1538 1766 1579 verme
1785 1538 1838 1592 per

85 1606 230 1664 viriditate
251 1625 302 1663 sua
326 1609 421 1674 habet,
446 1615 475 1666 ct
493 1611 671 1668 mansionem
686 1613 716 1668 iu
738 1619 814 1669 terra
832 1621 861 1670 et
879 1614 933 1671 sub
987 1614 1141 1671 diabolicas
1161 1620 1237 1669 artes
1260 1612 1378 1668 iaciunt.
1406 1611 1461 1667 Sed
1486 1610 1511 1665 si
1540 1609 1605 1682 quis
1628 1609 1741 1667 irretire
1766 1611 1836 1679 vult,

83 1700 162 1752 terra
182 1696 299 1769 quierit,
323 1702 352 1752 et
373 1697 438 1754 ideo
460 1698 587 1772 aliquam
609 1700 773 1759 societatem
799 1719 864 1759 cum
884 1704 933 1760 ho·
952 1673 1025 1758 Bne
1043 1702 1190 1758 diabolice
1213 1705 1288 1757 artes
1310 1715 1364 1772 per
1386 1714 1453 1755 eum
1477 1697 1557 1767 liant,
1585 1685 1681 1771 ipsum
1695 1698 1727 1753 iu
1748 1712 1838 1763 unum

84 1784 163 1841 mine
177 1788 266 1853 tenet,
293 1789 322 1842 et
342 1786 499 1855 interdum,
518 1787 647 1859 periculo
664 1789 800 1861 bominis,
817 1807 883 1847 cum
897 1806 932 1846 eo
986 1791 1172 1860 queckbronen
1210 1786 1343 1861 proiiciat
1379 1792 1411 1843 ut
1444 1786 1576 1843 madidus
1607 1785 1670 1854 liat,
1701 1786 1838 1858 deinceps

84 1875 128 1927 θθῖ
142 1872 190 1943 (3)·
204 1874 296 1929 fl⁰m⁰
315 1880 410 1929 tutem
426 1876 477 1949 qui
500 1880 609 1947 orfimas
631 1877 662 1933 in
688 1895 717 1933 se
741 1879 839 1950 habet,
852 1880 934 1951 J'ecor
985 1878 1084 1934 nullos
1098 1894 1164 1933 curn
1178 1893 1212 1933 eo
1226 1876 1386 1949 quidquam
1408 1874 1550 1931 diabolice
1565 1873 1703 1947 perficere
1716 1874 1834 1946 poterit.

82 1961 199 2016 bolonis
222 1960 434 2037 [nabataea]
459 1964 587 2036 accipiat,
613 1973 642 2022 et
666 1966 789 2022 illudio
814 1968 934 2023 humida
987 1968 1031 2023 lid
1045 1966 1253 2022 medicamenta
1267 1981 1334 2020 voro
1349 1980 1410 2020 nou
1423 1964 1509 2019 valet.

4 2103 5 2114 ,
83 2054 161 2104 terra
183 2048 320 2116 involvat,
340 2052 369 2105 et
397 2055 466 2106 tunc
489 2067 555 2106 oum
584 2053 685 2109 eadem
709 2054 828 2111 humida
856 2055 933 2111 ter'ro
1195 2053 1260 2109 Car.
1280 2054 1337 2108 vlt.
1357 2081 1393 2093 -
1414 2053 1453 2107 lla
1478 2052 1626 2107 ιιιιιυιιιιι.

83 2136 115 2191 in
138 2136 195 2193 alia
212 2136 340 2209 qualibet
361 2143 437 2193 terra
459 2155 512 2210 per
532 2156 635 2196 novem
659 2142 719 2197 dies
744 2143 873 2214 sepeliat,
904 2148 933 2199 et
1022 2141 1173 2197 Harumuu
1191 2140 1298 2212 frigida
1320 2144 1373 2207 est,
1393 2142 1423 2195 et
1443 2139 1563 2207 calores,
1584 2154 1657 2211 quos
1682 2138 1713 2194 in
1735 2154 1765 2195 se
1786 2138 1836 2193 ba-

4 2232 5 2296 }
85 2224 197 2282 decima
211 2224 258 2281 die
279 2226 376 2297 ipsum
395 2226 477 2298 jecor
498 2228 623 2300 abjiciat,
644 2233 673 2284 et
687 2229 767 2284 illam
782 2230 931 2287 bouridam
984 2229 1034 2286 bet
1049 2230 1121 2286 livor
1134 2235 1164 2285 et
1178 2244 1321 2285 venenum
1345 2233 1422 2282 sunt.
1439 2226 1494 2282 Sed
1510 2226 1588 2283 idem
1603 2240 1750 2281 venenum
1772 2231 1833 2281 tarn

85 2318 202 2382 terrani,
221 2312 252 2368 in
273 2328 330 2385 que
354 2313 429 2369 idem
448 2316 526 2386 jecor
546 2316 707 2372 involutum
727 2318 782 2374 tuit
796 2320 887 2388 tollat,
904 2324 932 2375 et
986 2320 1060 2375 lorte
1073 2335 1131 2375 non
1153 2324 1205 2388 est,
1223 2319 1298 2390 quod
1323 2318 1411 2373 laomo
1428 2318 1554 2371 multum
1575 2316 1641 2371 inde
1655 2316 1786 2372 laedatur.
1804 2318 1839 2373 ιιι

86 2418 150 2457 eam
172 2402 204 2457 in
221 2406 294 2458 testa
317 2402 473 2469 calefaciat,
500 2405 591 2459 etsie
620 2420 706 2477 super
733 2406 839 2472 orfime,
867 2421 932 2477 quae
987 2405 1223 2464 medieiuaineo
1243 2410 1303 2461 nori
1318 2410 1371 2459 est.

85 2490 210 2563 diruptos
226 2506 286 2545 non
300 2494 376 2558 sunt,
394 2507 445 2562 per
462 2495 520 2545 tres
535 2490 596 2547 dies
610 2497 707 2564 ponat,
723 2499 752 2548 et
767 2493 828 2548 sina
844 2493 932 2549 dubio
1191 2496 1254 2551 Car.
1275 2494 1344 2549 Vlll.
1364 2520 1399 2535 -
1427 2492 1468 2547 Da
1486 2492 1563 2547 llocn
1582 2488 1632 2561 (8).

85 2584 264 2647 evanescent,
279 2578 334 2633 nisi
356 2583 406 2633 cut
421 2595 497 2634 mors
516 2578 643 2635 hominis
656 2581 734 2636 illius
748 2581 795 2651 sit,
812 2586 863 2637 aut
876 2580 932 2637 nisi
1022 2585 1087 2641 llotl
1110 2583 1175 2655 plus
1205 2583 1314 2637 calidus
1336 2584 1380 2636 ost
1406 2595 1494 2651 qoam
1524 2578 1656 2650 frigidus,
1682 2578 1732 2633 sed
1758 2579 1837 2634 calor

86 2667 162 2722 Deus
186 2666 258 2722 nolit
279 2667 330 2740 (4).
355 2666 437 2733 Quod
460 2666 484 2723 si
499 2668 593 2738 orfime
616 2668 739 2743 diruptae
763 2678 839 2739 sunt,
864 2677 933 2728 ιιιιιι
986 2671 1048 2744 ejus
1080 2671 1137 2726 cito
1160 2668 1356 2741 infrigidatur,
1383 2672 1412 2723 et
1442 2681 1585 2721 uenenum
1611 2665 1673 2735 ejus
1707 2666 1836 2721 mortife-

86 2754 218 2810 aamdem
242 2759 358 2824 terram,
374 2771 461 2828 quam
476 2755 700 2828 supradiximus,
717 2757 752 2812 ad
771 2759 867 2829 ignem
882 2776 933 2815 ca·
987 2775 1062 2815 rum.
1086 2759 1141 2815 Sed
1163 2759 1224 2832 ipso
1249 2758 1314 2814 moti
1336 2757 1483 2813 bominem
1498 2772 1551 2828 per
1575 2770 1605 2810 se
1628 2770 1687 2810 nou
1712 2754 1837 2811 multum

86 2843 293 2913 lelaciat,atiu
317 2849 398 2899 vetus
418 2844 528 2900 lineum
544 2861 672 2917 pannum
695 2852 783 2918 ponat
806 2848 856 2919 qui
880 2847 931 2902 oli·
986 2849 1075 2917 laedit,
1100 2848 1170 2903 dum
1195 2846 1272 2916 vivit,
1296 2846 1345 2901 sed
1378 2861 1486 2900 veneno
1516 2846 1578 2915 ejus
1605 2844 1739 2899 homines
1766 2845 1837 2899 occi·

85 2930 201 3003 quando
222 2932 357 2987 sudorem
381 2932 507 2987 bominis
530 2931 560 2988 in
587 2949 617 2988 se
642 2934 754 3005 recipit,
772 2935 822 2989 sed
846 2936 931 2991 telum
952 2935 1105 3017 eduntur,
1122 2936 1149 2990 si
1162 2935 1233 2992 illud
1249 2931 1436 3005 gustaverint.
1451 2934 1560 2989 (latera
1579 2947 1644 3003 qoae
1664 2932 1694 2985 in
1711 2948 1744 2987 eo
1757 2936 1835 3001 suut,

85 3035 199 3076 araneas
221 3020 303 3092 prius
328 3037 415 3092 super
443 3021 544 3077 eadem
574 3023 669 3078 ulcera
690 3030 789 3095 ponat,
808 3030 837 3079 et
865 3031 933 3080 tunc
987 3026 1024 3082 ad
1043 3024 1215 3081 medicinam
1231 3022 1404 3079 nonvaleut.

86 3109 220 3163 eumdem
243 3125 384 3181 pannum,
401 3108 464 3181 ipsa
479 3109 572 3166 calida
586 3116 663 3167 terra
682 3112 713 3167 in
736 3111 785 3168 illo
804 3118 932 3182 consuta,
1085 3113 1149 3169 Car.
1166 3113 1207 3168 ιιι.
1228 3142 1263 3152 -
1284 3113 1323 3167 lla
1341 3112 1466 3167 iscurra
1485 3109 1522 3181 (9)
1542 3109 1598 3180 ιιι),
1618 3125 1661 3178 ιιι,
1680 3106 1736 3182 4⁰]-

85 3196 210 3267 desuper
241 3203 345 3267 ponst3
378 3213 443 3251 cum
472 3199 598 3254 calorem
628 3200 797 3271 perdiderit,
828 3202 932 3257 iterum
1023 3204 1137 3257 lacertu
1160 3201 1252 3256 calida
1279 3206 1307 3254 et
1342 3199 1417 3254 sicca
1443 3203 1496 3264 est,
1526 3196 1575 3253 sed
1603 3212 1746 3252 venenum
1774 3196 1836 3267 ejus
1953 3198 1958 3203 ’

86 3282 233 3339 calefaciat
255 3288 284 3339 et
307 3285 433 3356 desuper
453 3292 551 3356 ponat,
576 3290 605 3342 et
626 3288 681 3343 boe
703 3288 747 3343 bis
770 3289 814 3343 vel
838 3294 883 3344 ter
902 3290 933 3344 in
986 3289 1167 3361 aliquantum
1184 3289 1276 3345 debile
1302 3294 1355 3356 est,
1380 3293 1409 3342 et
1429 3285 1539 3341 bomini
1562 3300 1621 3341 uon
1645 3284 1768 3341 multum
1783 3300 1836 3339 no·

85 3374 132 3429 die
155 3388 207 3445 per
233 3378 293 3428 tres
319 3379 418 3428 noctes
446 3373 543 3443 ιιιιιιι,
571 3379 601 3429 et
629 3378 722 3444 orfime
749 3377 933 3432 exsiccabon-
986 3377 1093 3433 civum.
1120 3378 1176 3435 Sed
1203 3378 1266 3449 ipss
1290 3377 1397 3432 lacerta
1425 3390 1526 3446 aspera
1546 3378 1575 3429 et
1596 3388 1662 3429 acer
1683 3372 1713 3427 iu
1734 3377 1837 3427 natura

85 3466 134 3517 tor
156 3464 207 3534 (5).
231 3462 337 3518 ιιιιιιιιι
367 3461 475 3534 qnippe
504 3468 580 3517 terra
611 3464 641 3517 in
669 3464 779 3519 lineum
805 3481 933 3536 pannum
986 3482 1048 3521 sna.
1067 3464 1137 3530 Once
1158 3472 1255 3521 autem
1278 3466 1309 3522 in
1331 3481 1367 3520 ca
1393 3464 1516 3519 suntad
1538 3462 1751 3518 medicamenta
1778 3477 1837 3519 nou

84 3554 206 3622 propter
217 3550 390 3605 munditiam
404 3549 458 3606 lini
475 3555 610 3620 ponatur,
623 3552 691 3623 qnia
708 3552 800 3606 linum
814 3553 933 3608 livorem
986 3554 1082 3609 valent
1097 3555 1163 3625 llll).

86 3638 141 3694 sibi
156 3639 285 3705 attrabit,
300 3639 376 3710 quod
396 3637 455 3693 lina
468 3638 532 3711 (sic)
546 3655 604 3695 non
620 3640 702 3707 lacit;
718 3640 791 3695 etin
807 3645 933 3697 veterem
1130 3644 1195 3699 Car.
1217 3642 1248 3697 ll.
1272 3667 1303 3681 ··
1321 3640 1360 3694 lis
1376 3642 1490 3695 inausa
1509 3637 1566 3709 ιιι,
1580 3653 1621 3705 ιιι,
1636 3636 1692 3709 ιι].

85 3742 226 3798 pannum,
243 3726 381 3800 quoniam
396 3726 445 3783 ille
467 3728 603 3783 sudorem
625 3729 752 3784 hominis
773 3746 834 3785 esse
851 3731 936 3786 debet
1022 3735 1134 3789 Arenae
1160 3731 1224 3802 plus
1249 3728 1340 3784 calida
1363 3733 1416 3795 est,
1439 3741 1527 3798 qnam
1551 3725 1663 3797 frigida,
1688 3728 1718 3780 et
1740 3728 1783 3779 est
1805 3722 1836 3779 in

86 3814 178 3887 magis
211 3815 344 3887 perfusus
370 3830 460 3886 quam
490 3832 594 3884 novus;
623 3815 654 3871 ιιι
682 3832 741 3888 quo
771 3818 858 3873 sodor
885 3819 935 3874 ho·
987 3820 1116 3893 periculo
1136 3819 1239 3876 veneni
1263 3818 1308 3873 sui
1328 3818 1388 3872 lere
1413 3822 1446 3871 ut
1467 3814 1591 3885 scorpio,
1616 3817 1734 3885 excepto
1759 3810 1837 3882 qood

86 3903 172 3960 minis
187 3919 249 3959 esse
266 3902 351 3960 debet
367 3908 399 3959 ot
420 3904 588 3975 putredines
611 3904 745 3961 su'dorem
766 3905 859 3975 illum,
883 3909 934 3980 qni
989 3910 1102 3981 scorpio
1116 3923 1248 3982 grossum
1272 3912 1300 3962 et
1315 3907 1423 3978 pingue
1446 3919 1497 3959 cor
1513 3903 1609 3968 habat,
1621 3916 1726 3957 aranea
1739 3904 1836 3957 autern

86 3994 173 4049 etism
196 3991 312 4049 ioetidus
336 3998 388 4061 est,
412 3992 536 4064 fugiant,
566 3992 635 4063 quis
657 3994 735 4066 quod
754 3995 864 4051 malum
880 4001 932 4065 est,
987 3998 1134 4056 modicum
1155 3990 1292 4055 etdebile
1316 4011 1365 4050 eor
1387 3998 1467 4050 tenet
1480 3994 1547 4063 (112.
1565 3993 1599 4047 Et
1612 4006 1755 4046 venenum
1774 4004 1836 4044 ara-

86 4086 253 4143 moltotieus
279 4087 388 4142 malum
401 4087 529 4159 depellit.
987 4104 1049 4143 noae
1071 4086 1094 4142 si
1118 4101 1233 4142 carnem
1260 4082 1385 4139 hominis
1417 4080 1540 4136 exterius
1565 4077 1700 4150 tetigerit,
1724 4075 1837 4133 homiui

293 4177 359 4233 Car.
380 4177 411 4232 V.
432 4208 467 4218 -
485 4178 525 4233 Dr
547 4177 654 4232 Frosca
673 4175 723 4248 (ti).
987 4176 1183 4247 periculosum
1208 4178 1259 4229 est.
1278 4171 1308 4228 si
1328 4185 1396 4226 vero
1422 4184 1564 4224 venenum
1590 4168 1652 4239 ejus
1672 4167 1759 4223 homo
1787 4180 1836 4220 co·

122 4267 221 4322 Froscb
246 4264 369 4337 frigidos
399 4270 441 4321 est
464 4270 494 4320 et
523 4265 704 4337 aliquantum
740 4278 875 4337 aquosus,
905 4268 934 4319 et
951 4255 974 4311 ἶ)
989 4262 1115 4320 mederit
1132 4265 1160 4318 et
1177 4260 1292 4328 biberit,
1313 4260 1462 4326 morietur,
1487 4262 1537 4313 aut
1557 4259 1681 4315 mortem
1701 4256 1748 4311 vix
1772 4268 1837 4309 eva-

86 4354 152 4410 ideo
166 4359 225 4428 terp
248 4356 338 4410 malus
354 4353 428 4409 vires
448 4354 480 4409 iu
503 4369 611 4410 senon
635 4352 722 4409 babet
742 4353 934 4425 quemadmo-
989 4353 1048 4409 det.

86 4444 157 4520 dum
181 4443 259 4499 bulo.
286 4444 317 4501 Si
342 4444 407 4515 quis
430 4442 536 4511 apicis
554 4442 661 4499 alicubi
675 4442 705 4497 ιιι
729 4457 849 4513 corpore
869 4458 932 4510 suo,
1219 4440 1283 4495 Car.
1309 4439 1351 4493 ιιι.
1374 4467 1408 4477 -
1431 4436 1471 4491 Da
1488 4435 1606 4490 'Vinaria

86 4536 205 4602 excepto
229 4532 333 4605 capite,
357 4531 506 4603 fatigatur,
533 4531 626 4599 trusels
654 4530 786 4602 accipiat,
815 4534 844 4585 ct
865 4545 932 4585 enm
1024 4528 1127 4599 Vipera
1141 4527 1221 4582 velut
1233 4525 1309 4599 ignis
1330 4522 1423 4579 calida
1437 4527 1490 4589 ast,
1507 4526 1535 4577 at
1550 4526 1643 4576 totum
1664 4519 1742 4591 quod
1758 4517 1790 4573 iu
1804 4532 1839 4573 ea

85 4637 172 4692 super
193 4620 345 4676 herbulam
367 4626 416 4675 aut
439 4618 493 4674 sub
520 4617 577 4674 alia
600 4618 726 4691 quadam
753 4618 843 4673 berba
868 4618 932 4675 sol·
988 4616 1086 4674 existit
1109 4614 1289 4672 mortiferum
1310 4617 1363 4681 est,
1387 4628 1440 4668 uec
1463 4610 1588 4683 aliquam
1601 4608 1683 4680 juxta
1697 4623 1726 4662 se
1742 4607 1838 4661 vivere

86 4710 170 4778 locet,
187 4714 218 4763 et
232 4724 296 4764 mox
314 4708 439 4764 calidum
461 4723 592 4780 pannum
612 4723 700 4779 snper
714 4705 887 4774 membrum,
902 4705 934 4763 in
987 4703 1374 4781 permittitquodsuperare
1392 4704 1600 4773 palustrique
1617 4702 1704 4753 tante
1719 4695 1838 4753 malitias

122 4833 159 4900 (ι)
178 4834 289 4900 Auenti
304 4834 428 4901 ltogilis.
445 4862 480 4873 —
493 4833 580 4889 Deest
592 4831 624 4887 in
639 4831 685 4886 ed.
988 4834 1085 4886 autem
1100 4829 1150 4902 qui
1173 4828 1204 4884 in
1227 4827 1320 4900 capite
1334 4842 1384 4882 suo
1404 4824 1585 4880 immundam
1601 4822 1725 4877 scabiem
1740 4820 1836 4902 babet,

122 4903 161 4975 (9)
180 4904 264 4959 Ram
278 4904 355 4973 ΜΟ·
988 4906 1113 4957 ιιιιιιιιιιι
1135 4899 1170 4955 ad
1190 4901 1339 4970 pulverem
1357 4897 1517 4961 comburat,
1534 4901 1563 4950 et
1585 4894 1733 4966 pulverem
1750 4896 1838 4947 retum

121 4975 162 5043 (3)
181 4973 415 5043 oetutperieutosu
428 4989 544 5029 ouro-
557 4976 708 5030 eumecest
722 4988 781 5028 orn.
798 4972 843 5028 sd.
986 4973 1019 5028 in
1038 4987 1144 5045 purum
1167 4977 1197 5025 et
1219 4970 1327 5026 bonum
1349 4968 1449 5023 vinum
1463 4972 1562 5038 ponat,
1579 4972 1607 5021 et
1625 4964 1692 5045 levric
1706 4963 1774 5019 vino
1789 4978 1837 5043 ce·

121 5044 158 5116 (4)
177 5046 417 5100 uisi-uetitom.
433 5044 479 5100 ed.
988 5050 1082 5099 terem
1105 5042 1218 5098 lardum
1242 5039 1376 5112 intingat,
1405 5042 1434 5095 et
1453 5052 1519 5093 cnm
1542 5053 1575 5092 eo
1591 5036 1716 5091 scabiem
1736 5038 1838 5106 capitas

135 5118 150 5168 5
182 5116 347 5186 Hucusque
362 5115 407 5169 ed.
988 5110 1343 5187 perungatetsanabitnr.
1363 5130 1377 5160 ιι
1735 5175 1740 5187 ¹
1790 5160 1793 5166 ,

131 5114 161 5253 ιι)
178 5188 258 5242 Runa
270 5185 415 5241 esculetto.
431 5215 467 5227 -
479 5186 573 5242 Deest.
588 5183 620 5239 in
630 5183 710 5255 edd,
725 5186 757 5239 ιιι
770 5200 830 5257 seq.
845 5200 874 5239 n.
887 5184 933 5240 Vl·
1025 5184 1081 5255 (tt)
1100 5184 1224 5254 Excepto
1238 5212 1274 5225 -
1288 5186 1369 5249 terret,
1383 5196 1441 5235 orn.
1458 5177 1594 5260 ed.,·quoe
1608 5176 1648 5232 sic
1661 5184 1757 5257 pergat
1767 5191 1790 5256 ξι
1806 5174 1839 5229 Et

2 5275 3 5300 ³
86 5258 146 5314 Vl!
988 5255 1105 5311 iuterim
1133 5254 1201 5309 dum
1226 5253 1256 5309 in
1270 5250 1423 5307 cavernula
1448 5264 1499 5305 sna
1516 5253 1600 5319 Jscet,
1621 5248 1700 5304 ferox
1721 5263 1752 5301 ιιι
1767 5244 1837 5299 rnsi-

121 5299 162 5396 (7)
180 5328 265 5384 ¹³⁰ssss
278 5327 402 5381 Μὸθιθῠ·
987 5325 1042 5381 diis
1058 5330 1118 5381 tam
1138 5323 1251 5380 homini
1268 5339 1356 5395 quam
1378 5322 1441 5377 aliis
1464 5320 1637 5375 animalibus
1652 5316 1759 5398 existit.
1774 5317 1838 5397 Ipsa

130 5402 158 5462 8)
176 5397 502 5467 ttotcttotctruceertae
515 5394 633 5469 specics.
987 5412 1055 5452 vero
1071 5394 1126 5451 tela
1143 5411 1253 5450 araneae
1271 5391 1388 5449 utilitati
1410 5408 1467 5447 non
1484 5392 1606 5446 multum
1622 5392 1765 5454 convenit,
1781 5402 1837 5467 urst

133 5470 160 5538 9)
182 5468 425 5539 Μῦθΐιῧθιθθὶθδ-
988 5466 1066 5539 quod
1090 5482 1177 5537 super
1191 5465 1323 5538 qucedem
1342 5464 1436 5519 ulcera
1463 5461 1615 5517 homiuum
1641 5460 1719 5515 velut
1744 5473 1838 5513 suavis

121 5540 180 5610 (to)
200 5542 249 5595 Ed.
281 5555 288 5595 ε
318 5562 329 5588 ·
360 5539 476 5594 Lacerta
499 5536 590 5593 calida
617 5539 647 5592 et
673 5538 745 5593 sicca
764 5542 815 5595 cst.
841 5540 932 5595 ilomo
989 5538 1027 5592 sit
1042 5537 1174 5592 sentitur.
