3984 6034
166 192 218 246 suo
891 193 920 246 s.
941 190 1176 245 urauaoauurs·
1862 197 1917 249 sur
1981 243 1982 280 ἶ

166 335 228 376 non
242 324 293 384 ost.
314 318 418 376 l'ilium
436 333 535 374 meum
549 317 623 374 duro
638 317 767 374 cruciatu
780 319 932 374 vulnerare
950 334 1009 374 aon
1027 323 1165 374 Aseusus
1178 318 1377 376 fornicationis
1398 319 1542 387 excitarit,
1566 325 1596 378 et
1618 322 1682 379 ideo
1696 340 1813 382 cernam
1830 342 1917 382 suana

164 408 258 464 timet.
288 406 457 473 Quomodo?
482 407 519 463 Ut
543 406 708 462 incredulus
736 421 788 461 sua
807 406 1007 485 incredulitate
1061 407 1194 464 bomioes
1223 409 1421 480 constringant
1444 426 1480 464 ue
1511 411 1625 466 casibus
1651 413 1751 468 mortis
1787 417 1918 486 turpiter
1981 413 1982 416 ’

164 498 253 553 Deua·
270 496 390 562 invadit,
407 501 438 551 et
452 501 485 550 ut
506 510 628 550 rosanus
648 510 700 550 sua
714 494 826 550 insania
849 496 879 551 in
907 497 1007 567 ignem
1061 495 1237 565 subjaceant.
1261 496 1435 561 Quomodo?
1456 497 1528 562 Quia
1563 500 1650 554 Filias
1677 516 1759 556 mans
1787 510 1915 558 mortem

163 587 268 642 currit:
284 584 325 640 sie
350 585 404 640 iste
430 599 478 640 me
495 586 585 640 Deum
607 583 748 651 nesciens,
777 599 829 639 uec
857 586 1007 642 ardentem
1061 583 1215 656 superavit,
1242 591 1271 638 et
1302 583 1372 656 ipsis
1396 585 1483 640 ritum
1515 586 1604 642 dedit.
1629 588 1684 653 Qui
1711 591 1852 662 quonism
1885 592 1915 646 in

163 674 263 747 ignem
290 689 344 742 me,
361 674 498 742 sentiens,
534 672 667 728 timorem
703 689 799 729 meum
823 673 931 746 abjicit,
954 691 1007 730 nec
1062 671 1225 743 integritate
1254 672 1403 745 virginalis
1433 675 1580 745 padicitiae
1604 693 1720 733 earnem
1745 681 1913 750 assumpsit,

163 763 415 819 mansuetudinem
444 778 539 818 meam
561 761 670 834 diligit,
697 763 747 818 sed
777 763 879 818 l'itium
910 780 1007 820 meum
1060 760 1166 816 idcireo
1193 760 1281 816 etiam
1306 762 1377 816 casti
1401 779 1461 818 esse
1477 764 1593 831 debeat,
1619 766 1669 836 qui
1696 765 1752 836 ipsi
1774 767 1913 824 tumulari

161 853 300 914 vuluerat,
330 867 397 906 cum
423 867 483 906 non
509 851 605 905 unctis
630 850 713 906 labiis
740 867 903 907 sermonem
923 854 1005 907 illurn
1060 850 1224 906 desiderant
1252 855 1285 906 ut
1313 867 1346 905 ex
1375 851 1473 906 divino
1506 860 1651 924 praereplo
1680 855 1818 927 scriptura
1845 861 1910 912 est:

160 940 293 1007 dilaniat,
315 955 403 1012 quem
423 939 486 1011 ipsa
515 939 683 1011 Unigenitus
703 955 784 995 meus
804 956 917 1012 sponsa
946 957 1007 996 sum
1060 938 1160 995 Estote
1173 937 1313 1010 poratia'n
1326 938 1401 994 diem
1424 938 1554 1008 tertium,
1577 943 1651 1000 eine
1672 943 1914 1017 appropinquatis

160 1029 293 1097 eontulit,
308 1044 374 1082 cnm
396 1028 423 1083 ei
447 1033 596 1098 eorpnset
617 1029 789 1098 sangninem
808 1045 893 1084 sunm
909 1029 1007 1085 indo·
1059 1026 1196 1084 moriem
1218 1026 1321 1084 uestris
1342 1027 1445 1099 (Exod.
1473 1029 1548 1100 xix).
1570 1029 1642 1096 Quid
1667 1032 1745 1087 boo?
1765 1032 1820 1098 Qui
1852 1035 1912 1090 Deo

160 1123 220 1174 tem
241 1118 330 1173 dedit.
348 1117 427 1175 Uada
454 1117 522 1172 huie
547 1123 606 1172 tam
636 1123 744 1172 temere
771 1134 839 1173 cum
861 1118 1006 1175 invadenti
1059 1114 1244 1188 singulariter
1267 1118 1374 1172 sarrire
1405 1117 1499 1180 uultis,
1533 1123 1624 1174 estote
1657 1135 1724 1176 cum
1762 1121 1914 1176 voluntate

158 1206 280 1261 dicitur:
295 1204 363 1272 Quis
379 1206 474 1276 tangit
488 1204 592 1261 Filium
607 1220 704 1260 meum
727 1210 785 1260 tarn
808 1207 964 1262 contumax
978 1212 1007 1262 et
1059 1204 1262 1260 cordisvestri
1288 1206 1380 1277 parati
1409 1206 1539 1263 indiam
1568 1207 1729 1264 serenitatis
1754 1207 1843 1273 illius,
1860 1210 1913 1268 ubi

159 1292 420 1350 noanuetas?Sed
439 1292 627 1364 istequiboc
650 1294 788 1350 modoad
804 1287 1006 1351 altaremeum
1060 1298 1159 1348 sancta
1196 1298 1226 1349 et
1260 1292 1413 1350 ineffabilis
1448 1294 1572 1351 Trinitas
1601 1298 1741 1354 ueraciter
1767 1315 1914 1372 apparens

158 1383 276 1450 aceedit,
313 1381 425 1454 quoties
462 1381 565 1437 Filium
595 1397 692 1438 meum
735 1384 872 1454 praedicto
896 1389 1005 1440 secreto
1038 1381 1206 1438 mirabilia
1229 1397 1281 1438 sua
1302 1382 1332 1438 ia
1356 1397 1462 1449 monuo
1493 1383 1631 1440 miraculo
1662 1387 1850 1442 demonstrat.
1878 1389 1915 1444 Et

158 1486 292 1528 sermone
320 1470 453 1532 invocare
474 1471 633 1544 praesumit,
660 1471 745 1526 toties
773 1487 839 1527 eum
854 1474 1006 1529 vulnerare
1060 1469 1137 1534 ideo.
1151 1470 1175 1526 si
1191 1469 1231 1525 ibi
1248 1471 1305 1526 lleo
1326 1472 1413 1543 digne
1438 1472 1612 1547 appropiare
1630 1473 1727 1541 vultis,
1751 1481 1848 1531 carata
1874 1492 1912 1531 ne

158 1561 321 1628 contendit;
346 1575 405 1615 non
429 1560 507 1633 quod
529 1576 597 1616 eum
618 1558 658 1614 ita
683 1561 743 1616 ullo
765 1561 864 1616 dolore
886 1561 1003 1631 cruciet,
1059 1557 1167 1614 carnali
1191 1557 1292 1618 adactu
1316 1577 1366 1615 ros
1387 1560 1582 1634 conjungatis,
1605 1563 1768 1620 carnalibus
1792 1566 1911 1636 copulis

157 1650 207 1706 sod
226 1650 296 1722 qnia
316 1665 384 1706 eam
406 1654 465 1704 tam
488 1655 716 1721 presumptuose
739 1656 858 1720 tangere
883 1666 942 1706 non
970 1652 1004 1706 ti·
1060 1646 1202 1714 videlicet,
1232 1664 1268 1704 ne
1301 1647 1473 1720 anagninam
1501 1656 1627 1708 vestrum
1659 1651 1793 1722 sanguini
1820 1653 1910 1724 tragi-

158 1739 305 1805 methi,
321 1739 346 1794 ai
364 1739 395 1794 in
411 1739 465 1793 boc
493 1742 660 1810 contemptu
681 1738 1004 1811 sinepoeoitentiaper-
1059 1735 1138 1790 lioris
1166 1735 1365 1792 aestimationis
1390 1737 1607 1796 commisceatis.
1635 1740 1717 1806 Quod
1746 1757 1838 1806 vos,o
1861 1757 1912 1796 sa·

157 1828 307 1894 manserit,
333 1827 411 1882 inter
436 1827 501 1882 illos
525 1825 556 1880 in
584 1827 677 1898 poeuis
702 1828 797 1892 stabit,
825 1829 877 1898 qui
900 1829 1004 1884 l'rlium
1058 1824 1341 1882 cerdotesetcmteri
1368 1826 1493 1883 ministri
1527 1828 1595 1894 mal,
1618 1829 1668 1900 qui
1694 1829 1748 1884 sub
1763 1830 1912 1901 spirituali

159 1933 255 1974 meum
271 1917 333 1972 sine
349 1931 434 1970 eausa
459 1917 656 1970 vulnerarunt.
684 1916 866 1987 Quapropter
893 1933 930 1971 ne
945 1917 1006 1973 baec
1058 1913 1176 1969 nomiae
1199 1913 1337 1980 militatis,
1366 1929 1466 1972 carere
1491 1917 1620 1982 debetis3
1650 1917 1719 1989 quia
1745 1918 1832 1974 etiam
1856 1935 1913 1976 nec

158 2009 301 2061 tormenta
336 2004 450 2070 sentiat,
487 2003 725 2060 lamentationem
760 2005 923 2060 afflictionis
950 2005 1006 2060 sibi
1060 2000 1180 2074 apostoli
1196 2016 1270 2073 quos
1294 2003 1436 2060 subsecuti
1461 2005 1539 2072 estis,
1569 2021 1598 2060 se
1613 2005 1643 2061 ia
1667 2006 1780 2062 diuersa
1798 2006 1912 2064 divide·

158 2091 629 2160 assumat,itatamenneamodo
646 2093 681 2146 od
700 2092 1006 2150 ministeriumattnris
1059 2091 1205 2158 banl,nec
1228 2091 1309 2147 vobis
1338 2093 1394 2147 tale
1417 2095 1580 2166 exemptam
1609 2093 1820 2166 relinquebant
1837 2096 1912 2150 Nolo

157 2181 216 2236 mei
241 2181 375 2236 accedere
399 2192 565 2251 praesumat.
593 2180 696 2236 Crateri
719 2188 815 2238 nartem
830 2184 879 2254 qni
893 2183 945 2238 sub
960 2200 1005 2237 sa·
1060 2179 1137 2234 enim
1161 2184 1191 2234 ut
1206 2179 1270 2236 dure
1289 2182 1401 2253 copules
1422 2182 1532 2238 seilicet
1553 2183 1710 2254 spiritualis
1731 2189 1761 2239 et
1782 2185 1912 2240 earnalis

158 2270 272 2326 oardote
299 2269 330 2325 in
369 2268 484 2323 servitio
516 2269 696 2324 aeclesiastici
730 2271 819 2326 ollleii
843 2271 1006 2328 ministrare
1059 2267 1144 2322 studii
1159 2267 1189 2322 ia
1212 2267 1410 2323 sacerdotibus
1440 2269 1514 2338 siut;
1540 2271 1678 2343 quonism
1707 2272 1840 2326 sacerdos
1863 2273 1912 2343 ju·

155 2358 346 2424 contradant,
367 2363 489 2413 careant
516 2373 553 2414 ne
576 2358 638 2413 siae
662 2359 747 2414 modo
767 2360 887 2431 justitiae
910 2359 1006 2416 eidem
1059 2357 1166 2412 stillam
1182 2356 1232 2412 llai
1264 2356 1320 2412 sibi
1346 2357 1502 2428 copulabit,
1519 2358 1912 2432 itaulnrorejussit,cum

155 2445 316 2502 ministerio
344 2447 517 2518 appropiare
542 2453 729 2515 praemunt,
752 2463 789 2502 na
811 2448 834 2501 si
857 2448 1005 2504 rectitudi·
1060 2459 1118 2516 qun
1146 2452 1262 2500 cataros
1292 2447 1414 2517 populos
1437 2447 1563 2502 enutriet
1592 2442 1805 2516 etdoerbit,'ul
1826 2455 1914 2520 pater

155 2550 223 2590 nem
248 2534 329 2590 illam
353 2533 407 2588 aibr
448 2533 588 2590 fallaciter
611 2535 822 2607 usurpaverint,
861 2541 930 2591 tune
958 2537 1006 2592 in·
1059 2533 1134 2590 filios
1163 2549 1230 2589 suos
1265 2533 1388 2590 educare
1417 2540 1447 2590 et
1473 2535 1673 2591 doceresolet.
1704 2537 1739 2592 lit
1764 2538 1913 2609 quomodo

155 2624 303 2679 formosat
326 2621 452 2693 impoliti
472 2624 583 2679 tarenti
609 2625 851 2680 aeonstruetioae
872 2626 1004 2680 ecelesia·
1059 2628 1159 2691 aptum
1187 2631 1262 2676 esset
1286 2627 1319 2676 nt
1352 2623 1484 2678 sacerdos
1514 2624 1587 2679 duas
1621 2625 1741 2694 copulas
1774 2625 1805 2680 in
1830 2631 1912 2682 recta

155 2712 234 2767 aliem
254 2711 451 2768 aduocatione
479 2713 560 2784 justo
597 2712 707 2784 judicio
743 2713 906 2784 oJ'ieiaatar.
935 2716 1004 2771 Volo
1059 2725 1193 2764 mensura
1219 2715 1381 2766 exerceret:
1412 2727 1476 2784 qam
1504 2712 1559 2768 sibi
1588 2711 1618 2768 in
1646 2712 1809 2768 diversitate
1836 2731 1908 2770 oon·

156 2803 234 2856 enim
250 2806 281 2855 ut
308 2799 434 2855 ministri
462 2800 530 2868 mei,
559 2801 622 2857 sine
645 2801 711 2857 dolo
730 2808 759 2858 οι
781 2803 844 2858 sine
866 2804 952 2859 sorde
974 2802 1005 2857 in
1059 2797 1154 2854 trarioe
1169 2801 1246 2854 sunt·
1275 2799 1448 2865 0110ῑῦοἆοῗ
1475 2802 1537 2856 Uua
1563 2803 1730 2858 ὓᾶῐῠὲΙίῠθῑ
1754 2801 1911 2874 aliaspiri·

156 2895 311 2961 conspecta
347 2904 412 2944 meo
436 2889 537 2945 muudi
568 2896 738 2963 appareant.
774 2891 944 2955 Quomodo?
972 2893 1006 2946 Ut
1025 2885 1154 2966 Gtualis.

157 2985 233 3033 reeta
257 2978 398 3034 electione
416 2978 453 3032 od
482 2979 571 3033 attare
592 2994 691 3034 meam
720 2980 867 3046 accedant,
889 2984 919 3034 ot
936 2985 1005 3034 tuae
1096 2975 1128 3030 Ει
1155 2990 1221 3030 rum
1243 2975 1374 3030 sacerdos
1392 2979 1489 3047 pastor
1516 2981 1545 3033 at
1575 2981 1658 3049 pater
1675 2978 1791 3035 illorum
1816 2979 1910 3035 bonti-

156 3067 244 3122 etiam
274 3066 316 3121 ibi
345 3065 408 3121 siue
439 3065 624 3122 immunditia
658 3066 732 3122 mibi
758 3067 899 3122 assistant.
926 3068 1003 3132 Quo·
1058 3079 1128 3118 num
1147 3063 1249 3136 sitqui
1268 3065 1382 3119 carnale
1403 3064 1570 3137 eonjugium
1584 3066 1701 3130 habant,
1718 3067 1743 3122 si
1766 3069 1911 3139 tuncipse

156 3154 264 3212 modu?
284 3155 325 3209 Ne
347 3154 382 3209 ad
404 3157 570 3209 saecularem
595 3153 809 3225 copulationem
838 3154 1003 3225 respiciant,
1057 3150 1163 3222 aeqaalt
1179 3151 1265 3208 modo
1294 3153 1462 3225 possideret,
1486 3154 1551 3226 quis
1577 3160 1647 3210 tnnc
1663 3154 1753 3227 ipsius
1776 3158 1911 3211 sacerdos

156 3244 225 3316 qnia
248 3242 602 3315 spiritualematageruat.
623 3243 794 3309 Quomodo?
812 3242 885 3308 Quia
912 3243 1003 3297 servi·
1059 3256 1122 3294 esse
1150 3239 1291 3296 deberet?
1325 3241 1440 3296 titulum
1470 3242 1560 3297 ulium
1588 3243 1764 3300 sacerdotem
1801 3245 1910 3301 babere

156 3336 250 3387 tutam
278 3347 373 3386 meam
389 3331 524 3385 adierunt
554 3330 608 3387 Sed
621 3331 647 3386 si
670 3332 735 3404 qais
768 3347 869 3386 soram
891 3332 1004 3387 ardenti
1059 3333 1155 3400 posset
1164 3328 1215 3400 qui
1239 3329 1295 3399 ipsi
1319 3333 1464 3401 praeesset.
1496 3345 1583 3402 quam
1611 3329 1758 3387 diabolum
1784 3333 1834 3405 qui
1861 3349 1908 3387 sa·

157 3419 278 3475 libidine
291 3419 386 3475 caruis
397 3433 458 3474 sum
472 3421 572 3488 alitor,
587 3435 692 3490 corpus
716 3435 803 3475 saum
830 3419 1005 3476 abstinentia
1058 3415 1157 3470 oerdos
1172 3415 1250 3471 illius
1273 3431 1334 3470 esse
1360 3414 1487 3485 deberet,
1518 3417 1656 3489 quioniam
1685 3423 1793 3475 etsnm
1814 3435 1906 3475 reae·

158 3505 315 3578 etjajunio
334 3511 470 3572 maceret,
494 3513 581 3580 atque
595 3507 703 3579 frigore
717 3524 747 3562 se
775 3513 804 3563 et
829 3508 950 3580 tragulis
964 3525 1005 3564 ea·
1059 3519 1128 3560 aum
1164 3504 1218 3560 sab
1254 3505 1338 3559 melle
1381 3505 1604 3562 abscondentem
1630 3506 1759 3562 imitatus
1794 3507 1906 3564 lusisset.

67 3603 74 3610 “
158 3595 252 3667 stiget.
268 3596 349 3660 Quod
364 3596 389 3650 si
409 3595 526 3651 tandem
538 3597 567 3651 in
581 3595 771 3668 pollutionem
788 3595 918 3652 mulieris
931 3595 1004 3652 labi·
1058 3593 1234 3659 Quomodo?
1260 3592 1403 3658 Quoniam
1433 3599 1465 3648 ιιι
1486 3593 1617 3656 diabolas
1638 3596 1746 3650 malurn
1760 3596 1814 3652 sub
1828 3595 1907 3652 bono

158 3688 215 3751 tar,
233 3689 303 3740 tane
330 3684 603 3740 contaminationem
636 3685 717 3741 illam
749 3686 828 3739 velut
855 3685 1004 3740 ardentem
1058 3681 1217 3749 abscondit,
1240 3686 1281 3737 ιιι
1307 3682 1395 3736 etiam
1420 3682 1588 3754 hujusmodi
1602 3683 1764 3738 sacerdotes
1778 3684 1830 3756 qui
1845 3691 1908 3741 tur·

156 3772 255 3844 iguem
268 3776 299 3826 et
315 3771 498 3827 mortiterum
512 3787 657 3828 venenum
672 3771 765 3839 fugiat
781 3813 788 3839 ,
804 3775 892 3842 atque
905 3787 1005 3826 amara
1058 3769 1222 3843 pitudiuam
1244 3785 1326 3825 suam
1352 3771 1445 3842 magis
1461 3777 1621 3843 sequuntur
1643 3787 1730 3844 quam
1747 3774 1908 3828 castitatem

156 3860 330 3932 poanitoatia
346 3859 467 3915 vulnera
480 3875 534 3915 aua
552 3860 695 3931 detergam
717 3859 856 3932 quoniam
884 3860 949 3913 roto
972 3863 1005 3914 ut
1059 3859 1191 3930 diligant,
1206 3858 1351 3914 carnalem
1377 3859 1590 3931 copulationem
1606 3859 1660 3916 sub
1674 3859 1818 3933 spirituali
1833 3877 1908 3916 con-

158 3946 417 4002 mibiineastitate
443 3946 594 4002 sarriatur.
611 3945 786 4011 Quomodo?
801 3944 874 4012 Quia
899 3951 928 4000 et
957 3945 1004 4001 l'i·
1055 3947 1149 4020 jugie,
1178 3945 1259 4018 quasi
1284 3962 1427 4003 renonum
1450 3947 1503 4003 sub
1522 3948 1609 4004 melle
1634 3949 1728 4004 celare
1758 3949 1904 4006 nitantur.

158 4034 215 4090 lias
244 4050 326 4090 mons
353 4033 530 4089 castissimus
550 4040 623 4102 erat,
652 4035 703 4107 qui
726 4035 824 4090 ethos
842 4049 1004 4089 omaasec·
1056 4037 1111 4093 Sed
1131 4035 1201 4108 quia
1228 4035 1316 4093 l'ilius
1341 4052 1422 4092 meus
1444 4042 1522 4092 totns
1544 4037 1575 4093 iu
1603 4037 1732 4093 castitate
1747 4042 1807 4094 est:
1837 4037 1904 4095 ideo

159 4123 330 4178 elasiastieos
347 4122 464 4178 ordines
488 4123 520 4177 in
545 4138 575 4177 so
597 4122 661 4194 ipso
682 4123 907 4179 demonstrabat.
923 4122 1005 4188 Quo·
1059 4124 1144 4181 etiam
1173 4128 1203 4178 et
1223 4123 1253 4179 bi
1280 4123 1440 4181 castitatem
1472 4141 1570 4181 amare
1590 4126 1706 4194 debent,
1730 4127 1780 4200 qni
1801 4143 1906 4198 corpus

159 4210 266 4265 modo?
296 4209 434 4264 Videlicet
464 4209 662 4281 obsequendo,
695 4211 840 4282 precando
871 4215 901 4266 ct
932 4209 1002 4267 0aa-
1021 4206 1043 4260 D
1059 4217 1087 4268 ol
1101 4211 1271 4283 sanguinem
1285 4213 1391 4282 ejrrsin
1405 4212 1489 4268 altari
1503 4213 1903 4286 tangrint3quemadmodum

160 4296 261 4354 raudo.
274 4297 447 4363 Quomodo?
461 4298 602 4364 Quoniam
628 4304 657 4354 at
676 4298 936 4355 circumcisionum
950 4315 1004 4356 suo
1056 4301 1195 4372 seriptum
1221 4305 1264 4354 est
1280 4301 1451 4368 :sacerdon
1473 4304 1502 4356 at
1524 4304 1651 4358 scortum
1675 4305 1703 4358 et
1715 4302 1771 4358 nile
1792 4304 1900 4375 prosti-

160 4388 300 4462 obsequio
313 4387 417 4460 tetigit,
442 4394 472 4444 et
485 4389 638 4461 propbatia
652 4405 720 4445 aum
732 4404 784 4444 sao
799 4389 925 4446 clamore
950 4390 1003 4445 de·
1057 4389 1157 4446 bulum
1181 4406 1239 4444 uon
1266 4388 1350 4444 ducet
1373 4405 1500 4458 uxorem,
1523 4407 1573 4446 nee
1586 4407 1651 4446 eom
1670 4407 1731 4463 qum
1751 4391 1906 4462 repudiato

159 4475 339 4541 monstravit,
356 4491 389 4529 sc
402 4474 463 4546 ipse
484 4491 538 4548 per
560 4491 590 4530 se
604 4475 700 4547 ipsum
714 4476 881 4532 hominibus
895 4477 1003 4548 praedi·
1056 4480 1100 4534 cat
1113 4495 1133 4533 o
1147 4477 1264 4538 marito.
1281 4477 1542 4549 quinconoeerotus
1555 4485 1599 4534 ert
1618 4485 1675 4535 Deo
1695 4496 1756 4546 suo,
1772 4485 1800 4534 et
1814 4495 1906 4551 pones

158 4565 243 4634 eavit,
266 4564 428 4620 attendam
447 4563 543 4619 rivum
565 4563 737 4621 saerilieium
757 4565 788 4620 ia
803 4581 852 4620 nra
866 4565 1004 4620 cruaisse
1056 4567 1261 4641 propositionis
1273 4568 1357 4638 offert
1372 4569 1445 4638 (aar.
1463 4569 1541 4637 xus).
1557 4569 1631 4635 Quid
1647 4569 1719 4624 boe?
1734 4571 1782 4624 tlte
1803 4571 1853 4642 qni
1868 4571 1906 4625 ad

158 4653 272 4709 obtulit.
290 4653 403 4724 Etonia
418 4653 522 4724 ipsese
537 4653 634 4725 ipsum
654 4652 686 4708 in
713 4654 842 4710 castitate
866 4653 1003 4710 bolooon·
1057 4657 1110 4712 boc
1125 4657 1235 4726 positus
1249 4664 1301 4725 ast,
1318 4661 1352 4711 ut
1376 4657 1548 4714 sacrificium
1566 4659 1622 4712 Qeo
1648 4657 1761 4725 oderat,
1789 4657 1904 4728 injusti·

158 4749 236 4798 stum
258 4741 347 4802 dedit.
364 4741 405 4798 sic
419 4746 447 4796 et
469 4742 511 4797 ilti
533 4742 693 4797 castitatem
708 4743 772 4814 ejus
790 4742 941 4798 imitentur
953 4742 1004 4814 qrri
1057 4745 1128 4799 tiam
1142 4745 1250 4800 diaboli
1264 4747 1316 4818 qtri
1329 4746 1360 4800 in
1374 4746 1455 4800 omni
1481 4744 1618 4816 spurcitia
1632 4745 1719 4800 totins
1744 4746 1905 4819 iniquitatis

158 4831 186 4886 ei
225 4831 262 4886 ad
288 4831 378 4886 altare
402 4831 603 4886 holocaustum
626 4831 729 4887 offerre
758 4835 919 4896 conantur;
952 4829 1004 4903 qui
1057 4834 1220 4890 communis
1236 4839 1393 4889 auctorest
1421 4849 1480 4891 non
1508 4834 1620 4907 diligat,
1637 4835 1791 4891 nacoliam
1807 4851 1909 4890 mosas

158 4925 257 4975 manca
280 4935 338 4974 non
359 4918 453 4974 solum
471 4919 631 4976 castitatem
654 4920 684 4976 in
699 4919 762 4975 aliis
789 4919 939 4987 tenebunt,
954 4919 1003 4974 sed
1057 4937 1123 4976 suos
1138 4921 1179 4977 ita
1192 4921 1288 4976 viliter
1317 4920 1443 4992 dejiciat,
1470 4926 1501 4976 nt
1512 4937 1578 4976 cnm
1591 4921 1694 4994 jugum
1710 4937 1806 4978 meum
1832 4922 1909 4977 terre

157 5007 271 5064 atinae
286 5006 357 5077 ipsis
383 5023 448 5062 eam
474 5007 693 5062 conservabunt.
722 5006 899 5073 Quomodo?
914 5007 949 5061 lit
963 5023 1003 5059 sa·
1058 5009 1129 5073 vult,
1158 5009 1336 5066 uoluntatem
1363 5008 1458 5064 earnis
1481 5023 1540 5064 sum
1566 5015 1667 5064 contra
1687 5009 1828 5082 justitiam
1859 5009 1910 5065 [lei

158 5097 259 5153 cardos
272 5097 472 5168 aeontagione
493 5077 623 5154 mulieris
640 5112 670 5151 se
685 5096 830 5151 custodire
845 5095 949 5151 debet:
964 5095 1004 5149 sic
1058 5100 1207 5152 utcontra
1230 5096 1361 5169 exempla
1391 5095 1576 5168 antiquorum
1596 5091 1760 5154 sanctorum
1787 5097 1912 5170 turpiter

158 5185 246 5242 etiam
260 5203 279 5241 a
292 5185 388 5256 seipso
400 5200 430 5239 se
443 5185 600 5252 ooatiaeat,
624 5182 733 5239 sedicet
751 5199 856 5239 means
870 5200 907 5240 aa
925 5188 1003 5239 taeta
1057 5186 1256 5256 amplectendo
1288 5189 1434 5258 sequatur,
1462 5200 1500 5240 ne
1524 5185 1565 5241 ita
1591 5185 1806 5243 immunditiam
1830 5187 1910 5244 illam

159 5289 298 5330 arannnm
323 5289 441 5328 suarum
464 5273 654 5345 pollutionem
676 5271 712 5326 de
728 5288 759 5327 se
778 5271 893 5341 educat,
907 5273 949 5328 ita
966 5287 1004 5327 ne
1059 5291 1125 5346 quaa
1139 5274 1293 5344 repudiata
1307 5281 1352 5327 est
1364 5274 1401 5329 ab
1420 5274 1531 5330 eisdem
1556 5275 1681 5347 antiquis
1708 5275 1840 5331 Patribus
1852 5277 1912 5330 suis

157 5361 436 5435 strepitnslibidlais
451 5362 481 5417 in
497 5362 561 5434 ipso
575 5375 739 5417 aerumnosa
752 5361 918 5416 tumultuet.
932 5361 1004 5416 llam
1057 5363 1137 5431 teum
1151 5376 1216 5416 eam
1240 5361 1277 5416 da
1306 5360 1376 5416 llalu
1398 5361 1509 5434 antiqui
1536 5362 1678 5433 serpentis
1705 5377 1768 5418 essa
1802 5377 1911 5434 cogno-

159 5449 268 5504 crimen
303 5451 372 5503 ada»
394 5449 561 5504 horninibus
576 5454 698 5503 nrortem
721 5447 858 5504 intereas.
879 5448 908 5500 in
934 5449 1004 5518 ipsis
1062 5453 1188 5512 suerent)
1203 5448 1233 5502 in
1254 5449 1470 5504 contumeliosis
1485 5449 1596 5505 actibus
1617 5449 1757 5519 portloint.
1773 5450 1827 5504 llas
1843 5465 1911 5514 erpo
