3984 6034
62 235 137 289 tuat
387 232 490 291 LIBER
508 232 663 292 lttvtttolt.
682 234 786 290 crue.
805 232 977 292 stttrttcls
995 232 1284 293 acutula-PARS
1303 236 1351 305 tlt,
1372 236 1465 296 VISIO
1483 236 1513 293 X.
1747 240 1817 297 1034

59 376 117 437 est,
134 369 203 441 qaia
217 369 329 425 Lucifer
351 384 415 425 mm
438 369 468 424 in
479 368 633 441 semetipso
646 368 773 440 pnmnm
786 368 906 437 invenit,
926 369 1146 442 Amarlyrinm,
1171 370 1245 444 quod
1268 371 1309 427 eis
1331 372 1407 427 lilius
1425 372 1594 444 perditionis
1609 374 1722 443 inierat,
1745 392 1811 431 cum

59 458 203 530 illamque
224 475 259 514 eo
276 458 343 514 dolo
357 458 494 530 proteret,
514 474 572 530 quo
588 458 718 513 homiues
745 458 857 513 seducit
874 473 911 513 ne
965 460 1076 514 ardenti
1097 460 1153 515 lide
1173 460 1250 515 reiut
1264 460 1299 515 ad
1324 461 1488 516 convivium
1505 468 1701 535 properantes,
1727 464 1814 529 itaut

60 548 229 603 Creatorem
255 563 340 601 suum
365 552 555 618 cognoscier
573 552 727 618 atqueper
745 546 837 617 ipsam
866 546 912 602 in·
966 543 1052 599 etiam
1079 544 1218 599 occisores
1243 544 1433 617 ipsorumpro
1450 546 1538 600 nimia
1559 548 1741 603 multitudine
1767 564 1812 603 oc-

59 636 163 691 lideles
177 636 233 691 boc
250 636 336 691 modo
352 636 478 700 deludet,
494 640 528 690 ut
554 650 738 708 nequaquem
753 635 832 691 eliud
853 639 910 692 co·
964 632 1038 688 cisos
1052 633 1235 689 dinumerare
1257 633 1370 699 tredaci,
1394 634 1462 705 qnia
1485 635 1642 691 multitudo
1662 636 1811 709 sanguinis

60 726 134 792 lere,
163 740 251 797 quem
277 725 355 796 qnod
378 724 422 778 illi
450 723 590 780 ridebunt
615 724 736 795 placere,
765 724 908 780 studeant.
965 736 1066 775 eorum
1083 720 1157 776 sicut
1178 722 1254 776 rivos
1273 722 1601 793 aquarumeliundetur.
1627 724 1809 781 Sedtandem

61 814 146 869 Dicet
171 813 248 869 enim
271 813 350 868 idem
372 812 449 868 lilius
467 812 638 884 perditionis
664 813 742 885 qnod
776 812 851 868 sicut
877 813 911 868 li·
964 824 1029 863 cum
1045 808 1122 863 lilius
1142 809 1313 881 perditionis
1336 810 1388 865 hos
1403 810 1474 866 duos
1493 826 1569 867 veras
1595 813 1753 869 sanctitatis
1768 813 1810 869 vi-

60 918 153 973 gnum
168 901 325 958 abscissam
347 901 512 973 deponitur,
536 918 686 974 quousque
711 902 806 973 pictor
838 901 910 958 illud
964 913 1011 952 ros
1035 914 1088 953 nec
1113 897 1269 967 blanditiis,
1307 916 1360 955 nec
1384 898 1470 955 minis
1504 901 1632 972 potuerit
1663 917 1808 973 superare,

59 994 217 1063 componat
243 996 271 1045 et
291 996 383 1058 ornet,
412 994 445 1045 ut
459 990 494 1045 ab
516 990 652 1045 omuibus
678 996 841 1059 veneretur,
871 990 911 1046 ita
963 1002 1016 1042 nec
1042 988 1134 1060 signa,
1161 1004 1213 1043 nec
1240 988 1379 1043 miracula
1402 1004 1503 1044 eorum
1529 988 1678 1054 ulluscarc,
1699 989 1811 1058 jubebit

60 1096 179 1151 quoque
198 1080 286 1134 horno
307 1078 516 1134 netushonore
534 1084 639 1147 careat,
663 1095 815 1152 quousque
839 1080 910 1134 scri·
962 1091 1011 1132 eos
1038 1076 1147 1135 crudeli
1174 1076 1311 1149 martyrio
1340 1077 1543 1144 consummari,
1582 1077 1811 1150 memoriamque

60 1174 150 1239 plora
163 1168 217 1222 ista
227 1167 392 1233 extolletur,
407 1165 547 1238 quoniam
562 1168 654 1239 major
672 1168 749 1222 salas
777 1171 806 1222 et
820 1167 910 1223 virtus
963 1163 1092 1235 ipsorum
1107 1165 1232 1221 deterre
1259 1165 1374 1238 penitus
1393 1165 1493 1235 deleri,
1511 1171 1653 1239 qnatenus
1668 1182 1721 1222 nec
1735 1167 1811 1222 ultus

61 1258 95 1311 in
113 1256 176 1327 ipse
207 1256 245 1311 eit
260 1271 347 1327 qnam
371 1255 400 1309 in
417 1254 563 1311 creatione
578 1254 704 1311 bominis
726 1256 822 1311 tuerit.
853 1255 910 1312 Sed
964 1252 1115 1309 hominum
1139 1254 1168 1309 in
1197 1258 1256 1309 tote
1284 1258 1361 1310 tarra
1384 1255 1431 1323 sit,
1448 1254 1497 1326 qui
1512 1254 1538 1310 ei
1553 1255 1687 1329 deinceps
1707 1256 1812 1313 audeat

62 1347 139 1401 Deus
162 1359 264 1399 omnes
289 1348 407 1398 conatus
435 1342 563 1414 ejusdem
595 1344 745 1414 scripturae
769 1360 834 1399 cnm
858 1360 910 1399 au·
964 1340 1105 1397 resistere.
1126 1343 1362 1413 Tunc,ulsupra
1381 1341 1558 1412 dictumest,
1575 1360 1680 1401 aureus
1710 1362 1811 1405 nume·

61 1438 142 1487 ctore
164 1448 216 1487 suo
240 1432 384 1509 destruct;
404 1430 546 1501 scriptura
567 1437 662 1485 autem
687 1448 774 1503 qnam
788 1432 911 1505 Spiritus
964 1446 1013 1484 ras
1030 1430 1182 1486 beatorum
1205 1437 1376 1503 martyrum,
1405 1432 1455 1504 qui
1470 1432 1502 1488 in
1524 1432 1672 1504 primitiva
1686 1436 1811 1493 Ecclesia

61 1525 180 1575 sanctus
195 1520 339 1575 daditnon
352 1519 548 1590 pertransibit.
566 1520 694 1591 Cumque
709 1520 754 1573 bis
768 1519 846 1575 ielsis
871 1520 911 1576 si·
964 1524 1083 1591 propter
1099 1536 1194 1575 rorem
1210 1519 1297 1575 tidem
1314 1520 1399 1575 occisi
1415 1525 1492 1586 sunt,
1507 1520 1538 1575 in
1550 1523 1723 1594 martyribus
1739 1524 1810 1591 istis,

62 1609 129 1681 gnis
144 1609 268 1664 exomni
293 1623 398 1679 genere
418 1604 664 1663 hominamfadse
679 1607 910 1680 colligereineoe-
965 1608 1068 1679 quiin
1095 1625 1191 1664 errore
1215 1610 1364 1664 novissimi
1389 1610 1528 1681 temporis
1562 1612 1739 1679 occidentur,
1775 1612 1811 1668 ed

63 1696 150 1767 perit,
166 1695 296 1750 sancliet
311 1695 381 1767 justi
396 1695 426 1748 in
447 1694 552 1749 timore
567 1709 673 1765 niagno
700 1695 908 1751 concutientur.
964 1696 1175 1767 plenitudinem
1190 1698 1373 1768 perfectionis
1388 1714 1447 1753 suae
1477 1698 1659 1769 perducetur,
1674 1701 1812 1772 quoniam

64 1817 224 1875 promi-3350
236 1815 673 1873 „fideresqimionessnocheq
691 1817 769 1885 atta,
795 1820 824 1872 el
840 1834 909 1889 quo·
964 1790 1080 1855 tempus
1099 1785 1266 1841 hocomnia
1287 1786 1457 1841 conculcans
1483 1786 1639 1859 omniaque
1660 1788 1811 1856 devorans,

101 1888 838 1960 modoanimmcu„,ma901pr‚etqm12·rercum
866 1905 911 1944 re.
965 1874 1060 1947 lupus,
1086 1874 1136 1945 qui
1164 1874 1193 1928 in
1224 1874 1296 1930 libro
1318 1873 1431 1930 Scicics
1456 1875 1636 1944 describitur,
1671 1878 1811 1949 designat,

99 1958 525 2029 stitulisaerintseincdoerais
538 1957 911 2029 iulcrdmninealtabebunt,
966 1963 1035 2034 quie
1049 1968 1081 2018 ut
1095 1964 1181 2034 lupus
1205 1963 1235 2017 in
1260 1965 1416 2035 rapacitate
1437 1979 1488 2018 sna
1515 1980 1696 2037 quecunque
1720 1971 1814 2037 potest

101 2032 402 2104 eliu‘tillflssdvmii'
423 2029 637 2085 ‘infidissimi'
657 2029 869 2102 Plaedssstllffll‘
885 2034 914 2085 ⁶!
966 2048 1191 2115 devorat,itaet
1211 2050 1241 2105 in
1258 2050 1630 2124 temporeiltolldeleequi
1660 2054 1689 2107 in
1710 2054 1812 2110 Filium

100 2101 306 2157 miraculorum
329 2103 470 2173 potestate
500 2099 665 2168 enitescent,
689 2116 708 2154 o
735 2117 790 2172 quo
813 2104 914 2158 lamen

103 2172 289 2245 murman.
306 2188 371 2227 mm
393 2170 553 2226 summm-3
564 2170 633 2225 alm
650 2172 785 2227 emmo
803 2172 913 2244 mim·
969 2139 1018 2193 liei
1046 2139 1176 2203 credunt,
1207 2138 1447 2195 absorbebuntur.
1476 2141 1656 2213 Quapropter
1681 2149 1709 2197 et
1737 2144 1812 2198 idem

102 2245 182 2311 pum,
193 2244 377 2298 ,ppmpomm
395 2257 532 2297 numm
544 2245 707 2313 martyrum
726 2242 765 2296 ad
783 2242 914 2314 plenam.
968 2226 1055 2281 Filius
1070 2226 1119 2283 liei
1144 2227 1178 2282 ed
1194 2228 1307 2282 Patrem
1332 2228 1437 2283 ilcrrrm
1453 2228 1563 2284 dicitul
1587 2229 1737 2299 prelatum
1749 2238 1814 2297 est;

102 2316 199 2372 dinem
214 2315 314 2370 delites
327 2312 515 2399 perfectionis
527 2312 707 2384 perducetur.
966 2316 1039 2371 Item
1050 2314 1249 2385 interpellatio
1268 2315 1339 2371 title·
1353 2315 1391 2371 od
1408 2318 1523 2372 Patrem
1537 2316 1568 2372 in
1580 2318 1741 2374 ostensione
1754 2321 1815 2375 cul-

445 2438 451 2449 ,
1004 2402 1103 2441 nerum
1117 2402 1234 2441 suorum
1246 2385 1321 2458 ipsis
1335 2386 1498 2443 bominibus
1512 2392 1543 2443 ut
1571 2389 1616 2444 eia
1630 2394 1816 2462 parcntcom·

102 2439 217 2496 ΧΧΧΙῙῙ·
237 2438 291 2495 Sed
320 2440 378 2509 58⁰
402 2453 452 2509 <1⁰¹
480 2453 543 2491 Μ’
569 2436 742 2492 ¹0⁰⁰fd³b⁰i
770 2437 915 2509 qu⁰¹¹¹⁰d⁰
1002 2456 1177 2521 meadanlls,
1193 2456 1527 2513 eteosacmtominesut
1540 2476 1704 2531 qenrtcsuc
1733 2462 1816 2516 Patri

64 2529 194 2601 primum
215 2528 364 2583 bominem
383 2525 577 2594 formaverim,
605 2530 634 2581 et
648 2524 726 2597 quali
745 2526 833 2581 modo
854 2542 915 2581 om·
991 2526 1131 2597 flectant,
1148 2526 1360 2599 qocdipsorum
1370 2528 1553 2597 misereatur,
1565 2530 1753 2588 eciortonlr's.

66 2617 219 2689 niaopera
240 2616 345 2687 quibus
367 2614 478 2669 Lucifer
500 2618 601 2668 contra
625 2629 670 2668 me
693 2630 745 2686 per
765 2614 913 2669 hominem
1000 2614 1141 2671 tillut«
1164 2614 1227 2671 lem
1251 2630 1296 2669 me
1325 2616 1436 2687 fatigat,
1468 2618 1535 2689 quin
1559 2618 1742 2674 ordinatione
1767 2625 1815 2675 tun

65 2712 249 2780 pugnaturus
270 2710 345 2759 esset
372 2704 565 2775 praeviderim,
580 2708 666 2775 atque
688 2704 832 2774 quomodo
854 2720 917 2758 san·
969 2718 1055 2758 cerna
1085 2701 1204 2757 indutus
1234 2718 1309 2773 sum,
1337 2704 1414 2777 quod
1441 2704 1572 2759 membra
1593 2722 1668 2774 mea,
1683 2706 1816 2762 videlicet

66 2796 254 2853 ctasvirtutes
274 2794 410 2849 adversus
433 2792 516 2848 illum
546 2792 704 2862 pugnaudo
731 2791 914 2863 signaverim,
969 2790 1013 2846 illi
1034 2790 1085 2862 qui
1119 2796 1297 2847 sacramento
1320 2791 1500 2863 baptismatis
1527 2792 1597 2847 milri
1626 2794 1815 2864 adheserant,

67 2883 312 2959 quemadmodum
328 2882 358 2937 in
374 2882 469 2937 Enoch
498 2886 527 2936 ct
545 2880 606 2935 Elia
628 2879 693 2943 ieci,
708 2897 779 2953 qnos
799 2880 834 2936 de
848 2897 915 2954 ger·
935 2894 1052 2987 Cneca
1067 2895 1113 2935 me
1128 2879 1275 2947 recedunt,
1291 2883 1318 2935 el
1343 2881 1420 2954 quod
1446 2880 1474 2935 in
1491 2880 1652 2937 irrisionem
1669 2881 1816 2939 diobolicae

68 2972 317 3032 minebominum,
334 2970 454 3042 quitolo
471 2968 699 3024 desideriomihi
725 2970 915 3037 adheserant,
970 2966 1132 3023 illusionem
1152 2967 1267 3035 vadunt,
1296 2984 1362 3024 cunr
1386 2968 1477 3024 lilium
1501 2969 1669 3041 perditionis
1698 2972 1816 3026 audien·

68 3063 155 3132 elegi.
173 3063 207 3117 Et
233 3060 309 3115 circa
332 3058 521 3114 novissimum
546 3058 845 3129 tempustbominibus
873 3076 917 3113 os·
970 3063 1014 3112 tes
1030 3056 1137 3122 colunt,
1158 3072 1190 3111 ex
1220 3056 1324 3127 quibus
1354 3063 1451 3112 lamen
1471 3057 1568 3130 lapsos
1596 3059 1740 3130 recolligo,
1771 3076 1816 3116 re·

68 3152 187 3208 leudam
219 3153 361 3221 qnatenus
393 3146 590 3203 testimonium
628 3147 750 3202 istorum
792 3152 915 3203 duorum
971 3145 1059 3201 belles
1075 3150 1170 3200 autern
1186 3146 1255 3200 etin
1282 3146 1358 3201 malo
1381 3151 1597 3218 perseverantes
1618 3148 1732 3219 abjicio.
1762 3151 1818 3204 Pa-

69 3242 187 3298 testinm
226 3238 359 3295 homines
385 3236 563 3292 confidenter
595 3236 744 3307 recipiant.
779 3238 851 3292 Nam
885 3236 917 3292 in
971 3239 1024 3301 ter,
1042 3234 1427 3305 quoniamegol'iliustuus
1447 3252 1522 3303 sum,
1538 3236 1604 3291 vide
1620 3236 1817 3304 eacharitate,

69 3328 208 3401 mysterio
231 3342 296 3382 meo
315 3342 364 3380 eos
389 3326 490 3393 doceo,
525 3338 670 3397 operaque
690 3323 840 3381 homiuum
876 3325 919 3380 ais
972 3338 1090 3395 queme
1120 3323 1148 3377 in
1173 3322 1313 3378 mrrndum
1337 3324 1449 3393 misisti,
1480 3325 1675 3380 etecusidera
1699 3325 1819 3381 vulnera

69 3413 235 3482 manifesto,
257 3413 297 3468 ita
313 3416 346 3467 ut
370 3412 419 3466 illa
445 3411 545 3476 sciant,
569 3412 652 3483 quasi
673 3428 705 3465 aa
731 3412 919 3483 corporaliter
973 3428 1047 3479 moa,
1063 3412 1167 3483 quibus
1182 3418 1324 3484 praecepto
1340 3418 1388 3468 tao
1403 3412 1551 3468 hominem
1571 3414 1689 3481 redemi,
1713 3413 1820 3486 itiaque

71 3501 212 3569 siderium
240 3500 485 3573 sapientioresque
527 3498 641 3570 scriptis
676 3503 704 3552 et
735 3497 919 3553 sermonibus
973 3500 1025 3555 tibi
1053 3500 1183 3567 ostendo,
1204 3505 1346 3571 quatenus
1372 3506 1400 3555 et
1438 3506 1469 3556 tu
1504 3501 1618 3557 illorum
1656 3503 1819 3558 miserearis

70 3591 246 3665 sapientium
267 3589 424 3644 suabilum
447 3585 527 3640 enim
549 3586 584 3639 ab
602 3584 768 3639 bominibus
783 3601 918 3657 corpora·
974 3603 1048 3659 qnos
1058 3588 1178 3655 redemi,
1196 3604 1289 3660 neque
1300 3589 1449 3660 permittas
1475 3588 1570 3645 eosde
1594 3590 1744 3646 librovitae
1766 3591 1820 3645 de-

70 3682 141 3737 liter
154 3677 258 3733 sublati
286 3680 364 3742 sunl,
392 3671 486 3729 omnis
504 3672 592 3728 timor
613 3676 642 3726 et
655 3675 764 3726 tremor
776 3671 818 3726 eis
845 3673 921 3728 ebla·
972 3674 1044 3746 leri;
1070 3675 1119 3729 sed
1135 3691 1186 3744 per
1209 3676 1380 3747 sanguinem
1406 3677 1558 3732 vulnerum
1586 3693 1718 3733 meorum
1741 3678 1820 3748 ipsos

70 3778 120 3828 tus
143 3771 195 3835 est,
212 3766 253 3820 ita
268 3770 300 3820 ut
325 3761 528 3835 equanimiter
553 3760 650 3816 omnia
663 3776 729 3832 qnae
744 3760 819 3815 circa
843 3762 920 3832 ipsos
973 3764 1004 3819 iu
1016 3762 1184 3836 poenitentia
1199 3764 1234 3818 ed
1252 3768 1280 3818 te
1293 3764 1438 3835 recollige,
1455 3781 1492 3819 ne
1507 3765 1555 3819 ille
1570 3764 1621 3838 qui
1636 3771 1664 3821 et
1686 3765 1820 3821 incarna-

70 3861 143 3915 suut
155 3854 305 3921 sufferant,
319 3867 431 3923 egoque
445 3850 475 3905 in
494 3848 610 3905 secretis
621 3849 690 3905 locis
705 3849 812 3921 absque
841 3848 920 3905 omni
974 3852 1083 3907 tionem
1109 3867 1140 3906 ac
1165 3852 1330 3923 passionem
1347 3868 1440 3908 meam
1462 3852 1569 3921 illudit,
1590 3852 1632 3909 eis
1665 3853 1695 3909 in
1727 3853 1822 3927 perdi-

70 3946 192 4005 laesione
212 3942 340 4013 corporis
368 3955 417 3996 ecs
441 3956 534 3994 servo.
558 3938 670 3994 Etcum
686 3936 762 3993 filius
789 3938 922 4011 perditio
974 3938 1053 3993 tione
1077 3936 1252 3993 dominetur.
1277 3938 1349 4009 Ergo
1377 3952 1465 4007 nunc,
1486 3954 1585 3994 omnes
1600 3940 1743 4009 homines,
1771 3940 1822 4012 qui

72 4033 119 4093 nis
142 4045 304 4105 perversam
334 4028 494 4086 doctrinam
523 4043 604 4082 suam
629 4030 750 4094 evomet,
779 4026 848 4082 istos
873 4043 920 4083 ea·
975 4026 1128 4098 antiquum
1155 4030 1319 4100 serpentem
1335 4026 1477 4097 deserere,
1504 4031 1533 4083 el
1552 4027 1588 4084 ad
1602 4029 1767 4085 Creatorem
1779 4045 1823 4084 re·

73 4125 141 4181 dem
156 4122 198 4177 ris
211 4135 265 4193 per
282 4134 369 4191 quam
392 4117 474 4190 prius
496 4116 531 4170 de
555 4116 650 4171 medio
665 4115 817 4171 hominum
834 4116 921 4171 ablati
975 4120 1069 4171 strum
1083 4115 1177 4170 redire
1201 4114 1379 4183 desideratis,
1400 4114 1539 4173 attendite
1562 4117 1639 4189 quod
1655 4134 1708 4190 ego
1734 4118 1822 4174 Filius

73 4214 199 4277 luerent,
225 4207 307 4281 quasi
332 4207 362 4262 in
390 4211 475 4261 rento
507 4204 632 4273 reducet,
657 4208 687 4260 ct
706 4203 835 4276 quandiu
854 4220 919 4260 cum
938 4225 962 4280 ῃ
979 4203 1030 4259 uei
1044 4209 1073 4260 et
1096 4202 1220 4259 hominis
1239 4203 1317 4258 Patri
1331 4219 1397 4259 meo
1415 4206 1533 4261 vulnera
1546 4222 1609 4261 mea
1626 4206 1746 4262 ostendo
1768 4224 1822 4279 pro

74 4297 242 4357 hominibus
260 4295 290 4351 in
314 4298 392 4350 terre
417 4292 617 4360 morabuntur,
634 4306 748 4362 semper
762 4295 828 4363 post
850 4308 920 4364 qua·
975 4293 1065 4349 vobis.
1078 4292 1158 4348 Unde
1185 4292 1270 4349 etiem
1286 4309 1335 4349 vos
1358 4309 1452 4366 genua
1465 4298 1560 4350 restra
1585 4312 1650 4367 qnae
1676 4294 1823 4353 multoties

75 4386 210 4459 draginta
223 4384 285 4440 dies
310 4380 487 4449 reficientur,
515 4379 759 4453 quemadmodum
774 4379 860 4436 atiani
877 4380 921 4436 Fi·
976 4382 1013 4438 ad
1034 4382 1189 4437 ranimtam
1223 4380 1330 4455 iniquae
1359 4383 1569 4440 contrarietatis
1584 4384 1754 4452 inclinastis,
1786 4385 1822 4440 ad

75 4478 132 4533 lius
163 4489 245 4529 meus
270 4469 463 4545 quadraginta
491 4468 592 4529 diebus
620 4467 771 4523 transactis
792 4468 920 4527 esurivit.
977 4471 1090 4528 Patrem
1106 4474 1232 4526 restrum
1254 4471 1304 4544 qui
1320 4488 1369 4527 vos
1384 4472 1500 4539 creavit,
1530 4478 1558 4527 et
1581 4474 1633 4545 qui
1661 4472 1742 4528 vobis
1768 4472 1823 4545 spi·

76 4568 148 4624 latos
175 4567 272 4618 autem
302 4560 392 4616 fortes
426 4564 455 4614 et
476 4557 623 4629 sapientes
645 4561 733 4629 caput
761 4557 922 4627 capricorni
979 4558 1109 4614 reculam
1125 4559 1192 4616 ritae
1216 4560 1305 4630 dedit,
1325 4560 1357 4615 in
1376 4560 1502 4632 puritate
1525 4560 1592 4617 fidei
1615 4561 1732 4633 flectite,
1756 4577 1822 4633 pec·

75 4658 106 4713 in
121 4651 241 4726 praefata
254 4655 355 4706 catena
369 4646 488 4704 monilis
506 4645 630 4720 justitiae
642 4646 871 4703 demonstratum
885 4648 921 4703 si·
977 4651 1040 4704 cata
1055 4653 1148 4703 restra
1173 4664 1206 4703 er
1235 4648 1321 4704 corde
1339 4648 1463 4722 pleniter
1483 4650 1661 4717 cauillantes,
1691 4656 1723 4705 nt
1743 4650 1824 4705 vobis

76 4740 204 4815 gnificat,
221 4738 359 4810 quoniam
384 4736 457 4792 sicut
486 4734 663 4808 capricornis
689 4735 837 4806 iortisest,
854 4736 924 4792 etin
978 4736 1072 4810 quiin
1090 4736 1320 4792 alllictionetam
1346 4738 1474 4810 corporis
1496 4754 1583 4809 quam
1610 4736 1714 4793 animae
1745 4738 1824 4807 estis,

76 4825 314 4895 altnmescendit,
332 4826 371 4880 sic
383 4823 438 4897 ipsi
453 4824 485 4879 in
499 4824 628 4896 potentia
642 4823 804 4880 meelortes
828 4830 922 4892 erunt,
978 4840 1098 4880 manum
1134 4840 1216 4881 suem
1252 4826 1357 4882 tortam
1393 4829 1422 4882 et
1454 4825 1649 4881 invincibilem
1685 4825 1824 4898 porrigat,

77 4921 107 4975 in
127 4915 309 4974 altitudinem
331 4913 539 4969 miraculorum
562 4928 693 4969 meorum
708 4912 845 4969 uelociter
863 4914 924 4968 ela·
979 4918 1120 4986 quatenus
1143 4914 1289 4970 ediabolo
1314 4918 1343 4970 et
1362 4915 1397 4971 ab
1417 4915 1497 4970 onrni
1522 4914 1597 4969 malo
1613 4930 1662 4969 ros
1677 4914 1791 4985 eripiat.
1809 4936 1823 4966 a

77 5006 172 5064 vendi.
196 5006 316 5060 Tantam
345 5002 424 5057 enim
449 5001 583 5056 virtutem
612 5000 643 5056 in
674 5001 820 5057 miraculis
854 5002 925 5058 meis
978 5003 1023 5059 Sic
1038 5002 1126 5059 Filius
1138 5002 1173 5057 ad
1188 5004 1303 5059 Patrem
1328 5002 1467 5075 loquitur,
1493 5002 1679 5075 membraque
1707 5018 1759 5059 suo
1783 5003 1826 5059 illi

78 5096 237 5161 habebunt,
264 5092 341 5165 quod
368 5090 477 5161 majore
503 5090 585 5161 signa
599 5090 631 5144 in
654 5089 837 5146 firmamento
852 5096 881 5146 ot
895 5091 925 5146 in
979 5090 1172 5159 commendat,
1199 5106 1232 5147 ac
1259 5090 1307 5147 illa
1319 5091 1448 5165 castigat,
1463 5096 1495 5147 ut
1514 5107 1582 5147 rere
1602 5090 1690 5163 capiti
1709 5107 1761 5146 suo
1776 5092 1826 5147 ad-

77 5183 241 5251 elamantis,
262 5198 294 5236 ac
322 5180 352 5235 in
380 5178 489 5234 certaris
510 5177 650 5233 creaturis
674 5178 735 5233 lilio
757 5180 926 5250 perditionis
979 5181 1120 5242 iimreenl,
1136 5196 1172 5235 ne
1195 5178 1321 5251 perditio
1348 5180 1436 5253 primi
1461 5185 1489 5236 et
1503 5179 1651 5235 novissimi
1673 5179 1826 5252 proditoris

78 5276 193 5340 iacient,
216 5272 257 5327 ite
277 5272 311 5325 ut
331 5268 443 5324 fallacie
456 5265 538 5337 signe
552 5265 628 5321 iltius
650 5266 724 5321 veris
738 5268 828 5339 signis
856 5267 925 5324 isto·
980 5284 1014 5323 aa
1026 5268 1186 5324 absorbeat.
1199 5267 1434 5341 Quotiescunque
1445 5268 1523 5323 enim
1538 5267 1724 5339 omnipotens
1743 5269 1828 5325 Pater

78 5378 143 5418 rum
161 5360 346 5417 deludantur.
362 5356 443 5413 Unde
466 5359 494 5411 et
519 5354 556 5411 ob
576 5354 697 5410 nimiam
711 5355 846 5412 virtutem
875 5357 927 5411 mi·
980 5356 1076 5429 pravis
1100 5357 1235 5430 operibus
1256 5358 1409 5413 hominum
1428 5356 1570 5428 irritatur,
1587 5356 1674 5413 Filius
1688 5356 1750 5429 ejus
1773 5356 1826 5428 ipsi

80 5452 243 5507 seculorum
271 5462 373 5503 eorum
403 5460 438 5500 ex
467 5443 927 5516 omnibuspopulishominesad
981 5446 1100 5502 vulnera
1127 5462 1179 5503 sua
1208 5446 1345 5515 ostendit,
1370 5446 1502 5503 videlicet
1523 5449 1689 5518 utpropter
1709 5445 1827 5501 illabo-

80 5543 159 5614 ipsos
177 5542 294 5595 current
327 5533 422 5591 verbis
456 5548 557 5588 eorum
586 5532 745 5600 credentes,
776 5538 863 5606 atque
890 5533 928 5589 ad
982 5534 1109 5591 minibus
1130 5540 1238 5606 parcat,
1266 5532 1404 5607 quoniam
1424 5534 1486 5607 ipse
1505 5534 1685 5607 corporisne
1706 5550 1827 5607 nonpe-

260 5636 399 5702 Peraoe.
425 5632 570 5699 catulli.
1633 5640 1673 5699 33
