3984 6034
40 183 103 236 ooo
699 181 881 241 sellim.-
891 181 954 240 Lm.
975 183 1023 254 ΙΙΙ,
1044 181 1134 240 vlslu
1155 180 1224 238 Vlll.
1757 179 1810 232 oto

41 309 151 366 tendit
170 309 202 367 in
223 287 438 368 seeltissimsm
460 314 490 366 et
517 311 770 380 promedissimem
795 312 906 370 bonita-
923 317 1006 370 Acte
1025 328 1109 370 cerne
1137 311 1321 384 postmodum
1336 307 1468 384 regnabit
1487 310 1606 384 spiritus
1622 313 1690 367 tuus
1710 309 1742 364 ln
1767 315 1807 380 te,

41 403 112 454 tem
131 399 300 472 soioperis,
329 399 407 472 qood
436 398 512 456 idem
538 400 625 456 Filius
640 400 690 456 Dei
708 405 842 472 operatus
866 407 909 457 est
940 401 1214 468 ,ettuncllenmiu
1230 401 1391 456 animatus
1409 399 1651 472 sicintelligesut
1673 399 1809 455 mandata

41 486 77 541 in
96 486 248 544 viriditate
263 489 392 544 illarum
413 489 531 543 virtutes
556 489 617 559 jam
641 489 672 544 in
693 489 823 546 doctrina
847 493 909 561 ejus
961 492 1024 562 ejus
1034 491 1157 546 scienter
1179 489 1330 556 custodias,
1354 493 1440 560 atque
1468 504 1502 544 ea
1526 503 1584 543 non
1609 487 1691 560 pigro
1720 503 1807 558 opere

41 577 200 643 virebant,
214 581 242 632 et
266 578 298 632 in
320 576 426 632 rubore
446 577 596 648 sauguinis
611 577 716 649 ipsios:
741 595 806 633 cum
831 594 908 634 mor·
960 580 1115 651 compleas.
1131 581 1163 634 Et
1184 579 1356 635 deiudehoc
1376 577 1460 632 saiodo
1476 593 1576 632 omues
1591 577 1664 632 vires
1680 576 1808 647 corporis

42 669 111 718 tem
132 682 233 736 passus
248 672 290 719 est
304 665 335 719 iu
349 681 443 734 crece,
459 667 572 721 salvans
594 666 753 734 hominem,
770 674 857 739 etque
878 668 909 722 in
960 672 989 722 et
1002 668 1107 732 animos
1124 675 1179 723 tue
1195 669 1250 723 lieo
1266 667 1472 738 subjiciuntur;
1489 665 1627 738 quoniam
1641 664 1702 719 haec
1712 665 1807 735 prima

42 753 219 809 clarissima
255 754 387 809 albedine
423 754 639 810 resurrectionis
674 761 703 811 et
736 755 909 811 ascensionis
961 757 1079 813 victoria
1105 757 1136 811 in
1172 772 1290 827 corpore
1309 762 1358 811 tuo
1383 757 1456 810 lecta
1481 757 1533 820 est,
1552 753 1591 807 ita
1628 758 1659 808 ut
1682 758 1751 808 tunc
1776 753 1806 809 in

42 842 131 910 ejus,
147 858 213 897 cum
229 842 336 914 quibus
355 843 490 898 omnibus
517 843 680 899 illuminate
693 849 722 900 et
743 850 843 899 ornata
866 849 908 900 est
960 844 1094 900 ouirsibus
1114 845 1158 899 his
1173 843 1328 915 prepositis
1342 843 1435 898 causis
1450 843 1540 896 [leiim
1561 839 1749 896 fortissimum
1775 840 1804 894 in

44 925 194 992 Ecclesia,
228 932 261 981 ot
283 943 328 981 res
358 928 407 981 illa
438 927 599 983 illustratur
629 932 659 984 et
687 929 838 984 decoratur
861 930 907 983 cui
960 929 1522 1004 tuamentecomprcbendas:quodtibi
1538 929 1808 1000 tanquemlirmum

42 1014 178 1083 pretiosi
203 1015 313 1087 lapides
338 1015 538 1086 imponuntur.
577 1016 660 1080 Quod
680 1023 778 1072 autem
801 1017 832 1071 in
855 1033 907 1088 pe·
960 1023 1209 1094 propugnaculum
1224 1025 1267 1074 ost
1280 1023 1378 1074 contra
1397 1017 1518 1073 insidias
1539 1016 1724 1072 inimicorum
1744 1021 1806 1071 tuo·

42 1109 134 1157 ctare
163 1119 218 1158 suo
245 1104 331 1159 habet
355 1104 505 1176 speculum
530 1104 750 1172 lucidissimum,
785 1104 816 1160 in
847 1122 906 1178 quo
960 1127 1035 1174 rum,
1061 1111 1101 1166 ita
1131 1116 1162 1166 ut
1194 1107 1390 1165 tortitudinem
1414 1107 1475 1178 ejus
1497 1106 1528 1161 in
1552 1105 1695 1176 predictis
1723 1105 1808 1160 rebus

44 1193 132 1246 mira
169 1193 299 1248 claritate
339 1194 434 1264 imago
475 1192 617 1247 incarnati
651 1192 713 1247 Filii
740 1192 791 1248 bei
819 1209 906 1264 appa·
960 1200 1055 1254 nullus
1081 1214 1217 1270 superare
1231 1199 1325 1252 valeat
1338 1196 1482 1261 inimicus,
1498 1195 1567 1267 quia
1581 1209 1663 1248 mens
1678 1199 1728 1248 tua
1745 1208 1808 1248 om·

44 1286 95 1334 ret
111 1295 120 1334 2
154 1281 211 1336 Ιιοι
227 1287 271 1334 ιιι
285 1281 363 1351 quod
386 1280 416 1335 in
437 1279 601 1336 humililate
624 1296 690 1352 ‹111ae
706 1280 737 1335 in
751 1283 837 1337 corde
857 1297 906 1336 ιι·
960 1288 1008 1343 nia
1024 1287 1084 1342 lraec
1099 1287 1247 1342 continere
1261 1286 1356 1352 debet,
1372 1285 1402 1339 iu
1421 1299 1451 1340 se
1470 1277 1687 1338 confirmasset
1704 1297 1807 1337 conso·

43 1369 126 1423 crati
152 1369 253 1439 templi
284 1375 336 1437 est,
365 1368 397 1423 in
427 1368 593 1424 beatissima
623 1375 651 1424 ιι
677 1370 907 1441 splendidissime
958 1376 1053 1431 lidons
1072 1381 1173 1430 cuncta
1188 1391 1252 1446 quae
1268 1373 1340 1446 agis.
1358 1375 1422 1429 llaec
1440 1389 1509 1444 ergo
1524 1371 1609 1427 iacies
1625 1375 1685 1426 loto
1708 1371 1806 1434 corde,

44 1456 179 1511 scientia
199 1458 247 1526 pie
269 1461 297 1512 et
321 1457 484 1512 humillime
500 1475 533 1512 ac
553 1457 703 1528 splendide
724 1458 906 1514 firmissime·
959 1470 1020 1520 tote
1035 1465 1141 1532 anima,
1157 1469 1186 1518 et
1196 1464 1330 1518 omnibus
1345 1462 1462 1528 viribus,
1479 1465 1508 1516 ιι
1526 1459 1606 1515 omui
1625 1463 1722 1515 mente
1737 1461 1804 1513 tue:

45 1561 110 1616 ‘1¹¹⁰
128 1545 239 1600 θΙΙῦΙιΙΙ
256 1544 319 1616 ipse
338 1545 509 1617 Usslssffliim
522 1545 584 1612 [ΙθΙι
607 1546 639 1601 '1¹1
659 1547 794 1603 omnibus
813 1548 905 1619 operi·
961 1553 1001 1608 ita
1015 1559 1047 1608 ut
1060 1553 1132 1608 nihil
1157 1551 1270 1608 deliciet
1293 1549 1344 1607 tibi
1363 1551 1395 1606 in
1408 1549 1475 1616 fida,
1491 1553 1633 1622 quatenus
1650 1564 1709 1603 nou
1738 1563 1807 1603 con-

44 1634 107 1688 bus
122 1634 187 1687 suis
199 1649 266 1705 quaa
274 1634 461 1706 corporaliter
476 1635 576 1706 gessit,
587 1633 618 1689 in
628 1635 735 1707 quibus
749 1651 779 1691 se
794 1635 904 1692 mundo
924 1612 1065 1697 Bsentias
1090 1641 1142 1697 ulli
1163 1642 1205 1697 rei
1231 1657 1297 1712 quse
1322 1641 1465 1711 repugnat
1490 1639 1559 1708 Deo,
1578 1641 1604 1693 ιι
1628 1637 1758 1693 dividens
1777 1637 1807 1693 iu

47 1722 204 1793 praecipue
225 1721 428 1777 manifestarit.
455 1722 536 1778 Unde
559 1722 646 1778 etiem
668 1728 697 1779 at
714 1723 822 1796 ipsein
842 1724 907 1782 illu·
960 1729 1074 1795 aliena3
1096 1729 1143 1783 sed
1161 1733 1193 1783 ut
1210 1728 1328 1800 colligas
1342 1733 1370 1783 te
1385 1725 1422 1780 ad
1440 1724 1621 1780 dulcedinem
1645 1723 1807 1779 dilectionis

48 1808 154 1863 stricti
180 1812 262 1879 parte
290 1809 377 1865 corda
403 1810 558 1865 electorum
583 1811 711 1866 tidelium
747 1812 906 1883 consignat,
960 1818 1033 1889 ejus,
1065 1816 1188 1888 diligens
1210 1821 1239 1870 ιι
1267 1821 1295 1870 te
1323 1815 1429 1886 ipsum.
1455 1813 1628 1878 Quomodo?
1657 1811 1686 1867 Si
1710 1811 1808 1884 diligis

48 1898 83 1952 in
100 1899 146 1951 eis
160 1897 291 1954 tribunal
313 1913 399 1953 suum
415 1915 537 1970 ponens,
553 1915 653 1955 omnes
668 1904 757 1968 actus,
778 1900 907 1973 ipsorum
961 1908 1065 1975 Deum,
1088 1904 1185 1976 diligis
1206 1904 1329 1960 salutem
1351 1907 1442 1958 tuam.
1470 1902 1503 1957 Et
1526 1901 1600 1957 sicut
1622 1905 1691 1956 tunc
1712 1900 1742 1955 in
1761 1899 1806 1955 his

49 1985 193 2041 videlicet
214 2002 317 2058 regens
353 1986 556 2060 et‚dirigens;
595 1986 664 2060 quia
698 1989 907 2046 solidissimum
962 1995 1097 2050 omnibns
1119 1999 1147 2049 ιι
1167 1993 1273 2064 diligis,
1299 1993 1339 2047 sic
1360 1991 1462 2063 diliges
1483 1995 1512 2044 et
1531 1988 1696 2063 proximum
1711 1993 1806 2056 tuum,

48 2073 282 2131 fundamentum
304 2076 436 2132 omnium
459 2077 602 2132 bonorum
615 2077 647 2131 iu
664 2077 832 2134 hominibus
853 2083 907 2146 ast,
961 2083 1031 2156 quia
1048 2084 1172 2154 quisque
1192 2081 1285 2137 tidelis
1310 2081 1397 2137 homo
1427 2077 1538 2135 esttibi
1559 2078 1719 2150 proximus,
1744 2077 1806 2132 exi·

50 2163 148 2217 veluti
161 2164 248 2218 etism
262 2163 293 2218 in
313 2163 476 2236 supradicta
495 2170 628 2221 matema
640 2165 836 2223 admonitione
856 2184 908 2223 sua
961 2177 1039 2226 stens
1060 2171 1092 2226 iu
1118 2170 1278 2226 Christiano
1302 2169 1419 2225 nomine
1440 2183 1473 2223 ac
1496 2169 1525 2223 in
1547 2167 1628 2223 lide:
1653 2167 1693 2221 ila
1716 2169 1748 2221 ut
1769 2163 1809 2219 sic

50 2251 194 2306 ostendit.
961 2260 1087 2329 gaudeas
1105 2259 1136 2314 in
1156 2259 1218 2329 ejus
1234 2264 1310 2314 recta
1337 2255 1537 2330 prosperitate,
1560 2261 1589 2310 et
1609 2269 1733 2326 superna
1756 2253 1808 2308 sal·

89 2339 150 2396 Sed
166 2340 293 2396 secunde
320 2340 454 2413 designat
475 2339 657 2408 charitatem
681 2342 820 2414 quoniam
843 2347 909 2414 post
961 2349 1075 2402 ratione
1095 2353 1126 2403 ut
1148 2346 1272 2402 lideliter
1293 2347 1323 2402 in
1341 2345 1397 2401 lide
1414 2349 1607 2411 conservetur,
1629 2343 1703 2399 sicut
1721 2342 1809 2398 etiam

49 2427 256 2484 humilitatem
270 2429 350 2484 illam
361 2444 418 2501 qua
432 2429 520 2485 Filius
534 2428 585 2485 liei
604 2429 749 2485 incarnari
772 2431 909 2502 dignatus
961 2435 1067 2492 laeteris
1091 2436 1127 2491 de
1140 2440 1189 2490 tua
1203 2435 1304 2491 salute.
1321 2435 1380 2490 lloc
1393 2449 1464 2504 ergo
1479 2433 1628 2504 geminum
1644 2447 1716 2502 opus
1740 2430 1808 2485 cha·

51 2522 107 2585 est,
130 2524 248 2572 ostensa
271 2522 313 2573 est
329 2519 415 2573 etiam
443 2532 509 2574 sera
530 2523 559 2573 et
582 2518 783 2574 ardentissima
798 2519 908 2592 lampas
962 2524 1053 2580 ritatis
1083 2524 1121 2578 sil
1141 2523 1170 2578 in
1197 2522 1324 2589 homine,
1348 2520 1525 2576 descendens
1548 2535 1639 2591 usque
1662 2519 1697 2574 nd
1720 2518 1809 2588 pedes

51 2605 216 2673 charitatis,
239 2622 306 2662 cum
327 2607 402 2662 ileos
423 2606 464 2661 ite
492 2604 591 2662 dilexit
612 2607 761 2662 hominem
785 2613 819 2662 ut
840 2623 908 2680 pro·
962 2614 1034 2683 eJ'us,
1057 2613 1087 2667 id
1107 2610 1197 2666 estad
1218 2609 1306 2665 finem
1327 2607 1596 2675 consummationis;
1611 2611 1677 2661 anta
1700 2607 1806 2677 ipsum,

52 2701 124 2766 pter
138 2695 231 2765 ipsius
244 2711 373 2751 amorem
393 2695 581 2766 Unigenitum
603 2711 690 2751 suum
712 2696 840 2751 mitteret
861 2697 908 2751 iu·
962 2701 1069 2756 scilicet
1088 2716 1230 2772 apparens
1247 2699 1277 2753 in
1293 2699 1356 2770 lege
1381 2697 1444 2764 llei3
1471 2701 1500 2751 ιι
1524 2701 1610 2758 retro,
1634 2694 1665 2750 in
1684 2693 1809 2749 bominis

54 2784 249 2839 cernendum.
273 2783 342 2849 Qum
364 2789 425 2838 tota
438 2783 552 2839 videtur
578 2788 611 2838 ut
641 2784 813 2856 hyacinthos
837 2785 909 2840 aerii
961 2789 1095 2845 videlicet
1127 2787 1323 2854 subventione,
1348 2794 1381 2842 ut
1412 2786 1547 2841 ethome
1573 2784 1614 2839 sic
1640 2783 1809 2839 charitatem

55 2872 86 2926 in
119 2872 181 2926 alto
207 2870 322 2937 coloris,
353 2869 485 2927 videlicet
509 2875 569 2926 tam
587 2871 680 2926 lorma
701 2888 788 2944 quam
812 2873 910 2929 tunica
928 2909 948 2964 C
963 2883 1097 2946 sectetur,
1114 2882 1257 2949 quatenus
1281 2876 1385 2947 rejecta
1400 2878 1492 2930 morte
1514 2872 1663 2945 perveniet
1685 2871 1719 2927 ad
1742 2885 1809 2942 per·

56 2961 166 3033 ipsius;
188 2960 258 3032 quia
271 2961 436 3015 incarnatus
457 2961 508 3016 ltei
524 2961 611 3016 Filius
624 2976 678 3032 per
699 2961 910 3018 humanitatem
964 2965 1118 3023 lectionem
1135 2965 1210 3031 ritae,
1229 2965 1303 3020 sicut
1315 2963 1401 3020 etiam
1415 2963 1516 3019 eadem
1535 2960 1659 3016 charitas
1677 2958 1809 3030 superius

57 3066 145 3104 suam
155 3048 310 3104 illustravit
323 3049 423 3104 fideles
455 3055 484 3102 et
506 3049 634 3103 celestes
656 3049 798 3118 homines,
814 3057 847 3106 ut
865 3067 910 3106 res
964 3054 995 3109 in
1010 3054 1104 3110 serbis
1117 3055 1175 3108 suis
1187 3054 1323 3109 declarat.

56 3137 109 3193 illa
130 3152 184 3208 per
209 3136 398 3207 hyacinthum
425 3136 587 3192 illustratur
603 3137 649 3192 cui
672 3136 843 3207 imponitur,
869 3141 911 3195 ita
999 3143 1092 3198 Tertia
1115 3149 1211 3198 autem
1234 3141 1330 3214 imago
1365 3139 1508 3212 significat
1527 3139 1662 3195 timorem
1683 3135 1808 3202 Domini,

57 3241 107 3279 eos
123 3224 214 3278 etiam
235 3223 388 3278 incendens
402 3223 555 3291 charitate;
574 3229 609 3279 ut
624 3225 779 3297 unicuique
798 3226 910 3281 homiui
964 3229 1012 3302 qui
1041 3235 1107 3301 post
1132 3229 1205 3284 hanc
1223 3229 1393 3285 charitatem
1426 3241 1514 3300 quam
1543 3228 1617 3282 Deus
1644 3223 1810 3281 hominibus

56 3305 207 3383 indigenti
221 3310 528 3368 fidelitersubrcniaut
543 3313 633 3369 :sicut
647 3313 776 3370 etvirtus
789 3315 850 3370 hec
864 3314 908 3370 in·
963 3318 1168 3386 manifestavit,
1195 3333 1261 3373 cum
1285 3316 1387 3372 Filium
1408 3329 1493 3371 suum
1521 3330 1573 3386 pro
1596 3313 1665 3384 ipsis
1687 3315 1809 3367 mortem

56 3403 160 3459 duitor
174 3401 272 3457 tunica
285 3401 445 3456 dulcedinis
460 3401 520 3470 Dei,
536 3401 910 3475 bochebensofficiumqua·
963 3407 1060 3461 subire
1084 3407 1173 3460 soluit
1194 3405 1224 3460 in
1245 3403 1390 3460 mentibus
1410 3402 1539 3458 lldelium
1563 3401 1695 3469 surrexit,
1717 3400 1812 3456 itaut

56 3499 147 3549 tenus
161 3490 326 3558 devotione,
342 3495 407 3546 actu
429 3495 459 3546 ιι
473 3507 526 3546 usu
541 3491 676 3546 omnibus
692 3490 858 3571 hominibus
879 3492 911 3548 in
965 3493 1090 3549 ooelestia
1112 3497 1256 3564 precepta
1275 3490 1389 3562 plenius
1403 3489 1595 3561 intelligerent
1610 3493 1637 3544 et
1658 3486 1811 3560 perfectius

57 3579 371 3637 recmlumineluceat.
382 3579 505 3652 Propter
518 3578 694 3652 quodetiam
706 3578 911 3634 eidemtunicoe
964 3597 1053 3654 quam
1083 3581 1163 3652 prius
1184 3579 1385 3652 adimplerent.
1403 3578 1495 3642 Quam
1516 3592 1594 3632 nunc
1617 3575 1741 3632 videsin
1762 3591 1811 3630 co·

57 3672 126 3726 dee
148 3685 230 3724 zone
249 3667 444 3724 inestimabili
468 3668 561 3736 modo,
590 3683 660 3723 auro
683 3673 712 3721 et
727 3666 852 3739 gemmis
864 3683 911 3722 or·
964 3668 1185 3726 demechemete
1200 3672 1230 3722 nt
1244 3668 1274 3723 in
1289 3667 1379 3738 priori
1393 3666 1504 3721 visione
1518 3680 1582 3720 eam
1604 3665 1716 3731 vidisti3
1738 3679 1811 3736 quo-

57 3764 137 3814 natae
154 3757 326 3813 mirabiliter
341 3757 458 3812 intextae
483 3761 566 3822 sunt;
589 3771 655 3828 que
676 3755 793 3811 suntin
817 3755 911 3811 dulce·
964 3759 1044 3815 mam
1066 3755 1309 3814 incommutabilis
1328 3757 1410 3824 Dens,
1435 3753 1523 3808 simili
1547 3758 1576 3808 et
1597 3768 1655 3807 non
1677 3749 1810 3806 dissimili

58 3850 130 3903 diue
155 3846 207 3901 liei
229 3846 345 3917 gemina
366 3848 511 3916 praecepte
534 3843 691 3910 charitatis,
709 3843 786 3899 bona
804 3844 912 3900 scilicet
964 3849 1076 3904 honore
1095 3851 1123 3901 ct
1143 3843 1304 3901 reverantia
1320 3843 1469 3900 habendus
1483 3846 1526 3898 ιιι
1541 3841 1570 3898 in
1585 3840 1664 3896 omni
1681 3843 1812 3894 creature

58 3943 88 3992 et
102 3935 252 4008 praecipua
265 3935 413 3990 voluntate
425 3933 508 4006 quasi
527 3949 598 3988 auro
619 3939 648 3988 et
669 3933 755 4003 justis
775 3933 911 4003 operibus
965 3942 995 3991 et
1012 3935 1121 3991 lactura
1143 3933 1215 4005 ejus,
1232 3940 1263 3988 ut
1279 3938 1307 3988 et
1332 3931 1385 3988 tibi
1408 3931 1539 4001 superius
1559 3931 1735 3986 declaratum
1757 3931 1808 3982 est.

58 4025 150 4079 veluti
164 4023 341 4090 clarissimis,
360 4023 492 4094 gemmis,
513 4021 640 4077 mirabili
653 4021 730 4077 douo
744 4021 851 4076 summi
865 4021 912 4075 da·
965 4025 1011 4079 Est
1034 4039 1150 4096 quoque
1175 4021 1293 4093 majoris
1308 4024 1335 4076 st
1349 4019 1487 4092 longioris
1508 4023 1626 4074 staturae
1648 4031 1735 4090 quam
1759 4031 1811 4070 oac-

59 4114 133 4168 toris
156 4112 325 4184 composita.
349 4114 391 4166 lte
413 4115 446 4166 ut
467 4124 555 4182 snper
579 4115 736 4182 utrumque
757 4111 911 4165 homerum
964 4119 1033 4168 terae
1064 4113 1193 4179 virtutes,
1218 4109 1423 4181 dissimilisque
1446 4107 1582 4163 huurense
1605 4108 1720 4172 lurmee;
1744 4105 1812 4176 quia

60 4203 193 4273 ejusdem
213 4200 350 4273 imaginis
369 4215 442 4255 zona
462 4214 522 4254 une
537 4214 628 4271 usqne
649 4199 685 4253 ad
707 4199 795 4269 pedes
818 4197 908 4270 ipsius
928 4190 1024 4272 Dipse
1039 4215 1096 4270 prae
1120 4200 1230 4255 ceteris
1248 4198 1410 4271 angustam
1430 4204 1459 4253 ιι
1481 4204 1638 4253 tremorem
1653 4195 1741 4250 inlert
1762 4195 1812 4248 ho-

60 4296 173 4347 anteet
192 4296 270 4346 retro
293 4289 462 4355 descendat3
491 4287 629 4360 qsroniem
650 4287 910 4359 eademprescepta
964 4287 1102 4355 minibus,
1123 4289 1207 4342 itaut
1224 4286 1453 4360 magnitudinem
1468 4301 1589 4342 summe
1612 4281 1769 4354 majestatis
1783 4285 1813 4335 ιι

58 4381 89 4435 iu
111 4379 204 4434 multe
223 4377 416 4432 sollicitudine
441 4380 537 4447 portat
560 4391 651 4431 unum
672 4375 779 4430 scilicet
799 4377 831 4430 in
853 4376 911 4431 lleo
964 4376 1146 4433 altitudinem
1178 4377 1335 4432 divinitatis
1365 4376 1457 4447 ipsius
1484 4372 1695 4446 perspicacibus
1720 4369 1810 4426 oculis

58 4475 93 4524 ut
122 4469 153 4522 in
189 4469 312 4522 humero
337 4466 449 4533 dextro,
473 4470 502 4520 et
526 4465 650 4519 alterum
674 4463 704 4518 in
720 4464 852 4536 proximo
881 4469 912 4519 ut
964 4483 1079 4538 semper
1115 4465 1322 4521 considerando
1358 4468 1530 4535 pavescaut3
1564 4462 1703 4533 quioniam
1739 4463 1813 4515 bens

59 4560 91 4612 in
120 4557 244 4611 humero
277 4555 404 4622 sinistro,
433 4552 507 4609 sicot
533 4552 674 4625 scriptum
701 4558 762 4608 est:
802 4551 912 4625 Diliges
964 4555 1099 4611 omuibus
1123 4553 1289 4610 bominibus
1318 4553 1408 4608 multa
1434 4551 1619 4608 veneratione
1642 4548 1813 4604 metuendos

59 4645 215 4703 Domitium
235 4646 329 4700 Deum
348 4647 476 4699 tuamen
504 4645 562 4700 toto
586 4642 672 4698 corde
695 4645 833 4707 tenetes
849 4645 911 4700 toto
964 4649 1017 4712 ιιι,
1038 4643 1107 4715 quia
1128 4643 1164 4699 eb
1187 4643 1248 4715 ipso
1268 4647 1371 4698 etuou
1390 4641 1497 4699 abalio
1521 4641 1609 4696 creati
1629 4643 1705 4694 siant.
1734 4636 1812 4692 Unde

59 4735 238 4801 animulae,
261 4736 340 4789 elea
357 4731 489 4788 omnibus
512 4731 621 4788 oiribnr
645 4731 712 4799 luis,
734 4734 811 4786 etex
832 4731 912 4786 unani
965 4733 1052 4788 etiam
1071 4731 1171 4788 eadem
1196 4733 1286 4787 virtus
1318 4731 1442 4804 speciem
1473 4729 1598 4786 bominis
1633 4725 1811 4792 nonhabet,

60 4826 225 4885 mentetua,
236 4825 264 4879 el
274 4821 438 4896 proximan
460 4825 540 4877 tuum
567 4822 641 4876 secut
663 4821 761 4891 ipsum
790 4820 908 4891 (Mollia.
964 4823 1033 4894 quie
1061 4821 1317 4877 contradictionem
1343 4821 1422 4876 illam
1450 4835 1507 4892 qua
1526 4819 1584 4873 Deo
1602 4817 1633 4872 in
1655 4813 1814 4871 urelelactls

62 4915 141 4983 xxii).
172 4912 233 4968 lloc
262 4912 391 4967 taleest:
416 4910 462 4967 Sic
497 4909 584 4965 debes
602 4909 722 4980 diligere
756 4909 910 4964 Dominum
965 4909 1160 4980 resistitur(ut
1176 4909 1385 4981 supradictum
1400 4906 1455 4976 est)
1478 4905 1680 4977 abjicltllgens
1699 4905 1813 4957 tantum

61 5004 154 5058 ileum
185 5005 279 5068 tuum,
302 5001 352 5072 qui
374 5000 512 5056 Dominus
534 5004 601 5055 tuus
626 5004 679 5066 ιιι,
703 4997 834 5053 videlicet
854 4998 910 5052 hoc
964 4999 994 5054 in
1007 4999 1142 5054 timorem
1162 4998 1358 5070 coguitionem
1375 5011 1456 5052 suam
1472 4995 1502 5050 in
1518 4996 1618 5060 Deum,
1630 5005 1813 5066 pergensque

60 5093 175 5147 honore
189 5107 248 5163 quo
261 5088 678 5156 dominaturomnicreature,
695 5092 723 5142 et
747 5087 821 5142 [leus
843 5091 910 5141 tuus
963 5087 1125 5144 rectissima
1145 5087 1249 5143 itinere
1265 5087 1420 5143 voluntatis
1441 5086 1512 5157 ejus.
1534 5086 1601 5140 ldeo
1627 5087 1656 5138 et
1671 5079 1813 5152 plurimos

60 5179 130 5253 quia
143 5181 206 5252 ipse
227 5195 287 5234 non
306 5179 414 5234 habeus
434 5177 558 5245 initium,
581 5178 631 5233 sed
646 5181 758 5232 creator
777 5177 909 5231 omnium
964 5177 1062 5233 oculos
1083 5175 1211 5248 undique
1224 5176 1254 5231 in
1271 5193 1300 5232 se
1315 5176 1412 5242 habet,
1427 5178 1488 5229 tola
1502 5173 1531 5228 iu
1545 5171 1684 5244 sapientia
1700 5169 1813 5267 vlregss3

60 5272 195 5336 existens,
208 5269 248 5324 ite
269 5273 301 5324 ut
323 5274 442 5338 propter
469 5282 597 5323 amomm
623 5267 686 5338 ejsrs
700 5264 731 5320 iu
751 5265 836 5320 corde
860 5269 910 5321 tuo
964 5265 1033 5337 quia
1050 5281 1102 5336 per
1116 5267 1215 5321 oculos
1226 5264 1296 5320 boni
1315 5265 1486 5330 intellectus,
1513 5262 1620 5332 ubique
1639 5277 1669 5316 se
1690 5259 1812 5316 circurn-

61 5358 189 5428 prisoum
216 5372 370 5428 exsuperes
403 5360 431 5410 ιι
456 5360 622 5428 prosternas
647 5370 763 5410 carnem
782 5353 910 5424 corporis
964 5352 1057 5424 spicit,
1076 5352 1317 5408 Deumintuendo
1336 5353 1367 5406 iu
1382 5351 1518 5406 omnibns
1538 5347 1717 5404 mirabilibus
1739 5347 1812 5418 ejus,

61 5445 112 5514 tui,
128 5446 209 5518 quod
227 5445 281 5501 tibi
307 5444 389 5501 valde
404 5443 510 5500 durum
532 5449 584 5512 est,
607 5443 676 5516 quia
693 5443 819 5515 primum
833 5443 910 5500 devi-
963 5442 1004 5497 ita
1019 5442 1093 5498 utin
1109 5441 1191 5498 bonis
1211 5441 1344 5512 operibus
1357 5441 1418 5512 ejus
1447 5444 1556 5496 rectum
1580 5437 1636 5496 iter
1653 5435 1768 5502 habeat,
1785 5440 1814 5490 ιι
