3984 6034
4 235 9 256 ο
103 226 168 279 οη
681 221 971 279 crisma-ne.
993 222 1084 291 uun
1101 222 1265 280 risurus.
1298 188 1307 209 '
1783 226 1851 282 leit

4 401 5 420 ,
98 357 231 426 vmeitur,
248 360 278 412 et
298 356 365 412 ideo
379 370 447 411 caru
462 354 615 425 eiussauis
628 353 845 411 hominibusad
861 370 944 411 uom-
961 356 1068 413 Alunc
1097 355 1237 428 quasdam
1268 354 1371 411 herbas
1401 355 1511 412 similes
1541 357 1581 413 olo
1612 359 1672 412 tam
1702 356 1847 412 mumulus

98 445 242 502 mendum
265 446 342 499 bona
360 449 414 512 est,
438 443 572 499 inllrmus
591 447 688 499 autem
710 443 791 500 ludit
811 444 944 516 aliquan·
1000 456 1088 514 quam
1110 442 1218 499 lemine
1232 443 1368 510 comedit,
1385 449 1415 499 et
1436 443 1640 500 iucunditatem
1657 442 1770 515 accipit.
1791 443 1844 500 Sed

97 537 170 589 tum.
196 534 232 589 Et
252 533 315 604 ipse
329 532 436 603 leychet
449 537 482 586 nt
498 531 548 588 alii
562 532 663 603 pisces.
681 533 772 588 llomo
793 537 892 589 autam
914 532 945 588 iu
1000 546 1066 586 uum
1082 537 1195 601 tempus
1216 531 1303 586 instat
1318 537 1351 586 ut
1372 531 1471 600 lepclte,
1490 530 1645 602 quamdam
1662 530 1775 601 nigram
1787 533 1845 585 tar-

98 637 156 693 quo
175 622 292 693 ydropis
312 621 429 677 morbus
451 635 579 675 arescere
598 620 716 691 incepit,
737 622 861 676 vesicam
884 622 945 693 pis·
1000 634 1062 675 ram
1084 619 1199 691 quaerit,
1227 622 1256 674 et
1280 618 1321 673 ibi
1341 618 1473 690 qaudam
1497 634 1587 690 grana
1616 620 1731 686 emittit,
1760 635 1845 691 super

97 709 242 779 cislrujus
262 707 412 780 inaquam
437 712 538 779 ponat,
553 713 586 763 ut
604 724 680 780 aqua
700 709 755 763 ista
770 709 840 765 inda
862 726 946 781 sapo-
1000 724 1064 780 quae
1093 708 1236 763 masculus
1260 707 1347 763 nichil
1372 706 1476 774 laudii,
1499 707 1539 761 ita
1561 707 1638 778 qnod
1668 706 1730 762 haec
1756 722 1845 780 granu

99 812 159 850 rem
179 796 293 863 babeat,
313 800 342 851 el
364 812 429 851 eam
449 812 527 867 supe
548 796 638 863 bibat,
663 802 693 851 et
713 797 834 870 ydropis
855 798 945 871 ineo
1000 795 1087 867 piscis
1113 810 1188 851 tanus
1217 794 1322 863 lueril;
1349 798 1378 849 sl
1404 794 1509 849 iterum
1537 794 1620 866 juxta
1647 810 1746 850 semen
1773 795 1844 850 illud

99 884 299 940 meliorabitur
332 891 362 940 et
378 890 529 941 evanescet
560 885 608 956 (l).
636 886 709 940 llam
739 885 833 941 vesica
860 886 946 958 piscia
999 883 1152 957 quiescunt
1191 883 1242 953 ibi,
1272 883 1341 938 dum
1374 882 1489 939 vitalem
1524 898 1619 938 aarum
1650 882 1781 955 accipiat.
1812 885 1847 939 lit

97 972 184 1043 hujus
203 983 312 1044 aquosa
334 978 363 1027 et
383 988 487 1044 aspera
510 976 563 1039 eat,
587 972 812 1044 utaliquantum
835 990 944 1043 amam,
1000 977 1154 1045 postquam
1174 971 1288 1038 vixerit,
1313 972 1418 1026 iterum
1439 973 1612 1042 procedunt,
1635 975 1664 1026 ct
1688 986 1755 1025 cum
1782 970 1845 1025 aliis

98 1060 249 1116 etidcirco
267 1076 334 1116 cum
351 1061 491 1115 suavitate
509 1076 593 1131 aque
606 1066 795 1133 temperatur,
811 1064 945 1119 morbum
1000 1062 1099 1132 granis
1123 1062 1254 1130 leychent,
1277 1065 1306 1115 et
1328 1060 1369 1114 ita
1393 1075 1444 1131 per
1466 1060 1610 1128 ordinem,
1635 1060 1705 1115 dum
1730 1074 1846 1113 omnem

99 1148 214 1204 minuit.
999 1150 1123 1219 geleyche
1136 1166 1221 1205 snum
1236 1148 1382 1203 emittunt.

227 1237 293 1292 Cre.
314 1237 362 1291 ΙΙΙ.
382 1264 418 1278 -·
436 1238 477 1293 lla
495 1238 623 1293 ldmswm
642 1237 682 1309 (2)
701 1236 760 1312 [lV,
775 1238 815 1310 ³l·
1038 1240 1127 1293 llomo
1152 1241 1248 1293 autem
1266 1252 1352 1309 quem
1375 1236 1450 1292 uicllt
1469 1236 1579 1307 latigct,
1597 1236 1741 1307 dejecere
1761 1235 1848 1307 hujus

133 1324 265 1380 Messenia
289 1326 354 1396 plus
378 1325 414 1381 de
433 1325 527 1382 calido
549 1340 615 1382 aere
639 1331 683 1381 est
699 1342 788 1399 quam
811 1326 848 1383 da
864 1327 945 1399 lrigi·
1000 1326 1086 1398 piscis
1106 1326 1282 1381 sufficienter
1302 1331 1331 1381 et
1352 1340 1429 1396 steps
1450 1325 1592 1393 comedat,
1615 1328 1644 1379 at
1668 1326 1742 1380 uicit
1760 1322 1791 1379 in
1814 1340 1847 1379 eu

99 1413 137 1468 do
152 1415 203 1485 (3),
219 1419 248 1467 et
269 1419 402 1469 naturam
416 1414 538 1484 piscium
556 1420 585 1468 ol
598 1414 659 1469 iere
672 1430 828 1485 porcorum
847 1417 945 1486 babet,
1000 1414 1132 1471 cessabit.
1162 1416 1197 1470 Et
1215 1414 1261 1469 cni
1284 1430 1351 1469 caro
1376 1414 1451 1469 eirca
1472 1414 1570 1469 oculos
1592 1414 1725 1484 emergit,
1748 1412 1779 1468 id
1806 1418 1849 1468 est

97 1504 185 1573 alque
198 1508 312 1557 noctem
329 1503 495 1574 plusquam
510 1502 588 1558 diem
608 1502 715 1575 diligit,
737 1509 824 1575 atque
847 1503 940 1560 liban·
1000 1505 1167 1571 uszwelczet,
1194 1503 1235 1558 vel
1259 1502 1305 1557 cui
1323 1503 1400 1557 oculi
1420 1502 1555 1572 caligant,
1567 1502 1602 1556 de
1617 1502 1682 1557 lulle
1699 1500 1762 1571 ejus
1774 1501 1847 1555 auci·

97 1596 143 1645 ter
169 1589 201 1645 in
224 1592 354 1645 cavernis
381 1606 524 1663 mnarum
549 1597 689 1659 moratur,
718 1597 748 1646 el
775 1593 862 1647 etiam
890 1592 943 1649 ali-
1002 1592 1071 1663 piet,
1097 1598 1126 1646 rt
1147 1592 1252 1663 aquali
1271 1590 1400 1662 pondere
1419 1590 1455 1645 da
1470 1606 1553 1645 enuco
1576 1589 1679 1657 rutbte,
1704 1594 1734 1643 et
1751 1589 1848 1645 minus

98 1678 215 1749 quando
237 1694 325 1750 super
340 1695 431 1750 aquus
445 1679 585 1746 ascendit,
600 1686 687 1750 atque
701 1680 859 1735 immundis
874 1680 944 1736 cibis
963 1652 1035 1735 ¹³de
1059 1680 1203 1746 camillen,
1229 1685 1258 1735 ct
1286 1680 1340 1735 hoc
1367 1679 1453 1735 simul
1479 1677 1673 1744 commisceat,
1704 1682 1792 1748 etqua
1817 1676 1847 1732 in

98 1764 246 1822 interdum
273 1766 398 1820 uescitur
417 1771 504 1838 atque
532 1766 668 1822 humanis
693 1766 842 1836 carnibus,
867 1768 945 1823 suili-
999 1769 1153 1841 cuprinum
1182 1770 1329 1825 vasculum
1355 1768 1459 1836 mittat,
1487 1772 1603 1823 etcum
1625 1782 1659 1821 eo
1682 1766 1756 1821 eirca
1782 1780 1848 1821 noc·

97 1859 143 1908 cet
164 1868 230 1908 cum
246 1853 382 1909 homines
402 1854 434 1910 in
449 1854 532 1927 aquis
547 1856 782 1927 submergantur,
798 1864 885 1929 atque
909 1857 945 1913 de
1000 1862 1060 1912 lem
1074 1859 1172 1913 oculus
1185 1872 1253 1913 suus
1268 1857 1401 1929 superius
1415 1869 1491 1928 sepe
1512 1858 1612 1926 ungat,
1627 1855 1668 1909 ite
1687 1855 1764 1927 quud
1776 1868 1847 1909 outt-

96 1940 255 1997 immundie
272 1942 394 2013 spumis,
407 1957 472 2014 qum
486 1958 694 2015 superaquam
707 1948 823 2011 natant3
838 1944 945 2001 otideo
1000 1944 1043 2000 lue
1069 1943 1180 2000 modice
1205 1945 1328 1999 interius
1351 1949 1461 2015 tangat,
1479 1948 1507 1998 et
1530 1943 1561 1998 in
1580 1942 1669 1997 oculis
1687 1942 1845 2011 sanabitur,

96 2030 239 2101 caroejus
259 2046 320 2085 nou
342 2038 386 2085 est
399 2048 470 2086 sana
486 2030 599 2086 bomini
617 2031 655 2088 ad
666 2032 893 2101 comedendum
917 2042 947 2089 et
1001 2040 1031 2088 et
1063 2033 1139 2089 clare
1170 2032 1281 2088 ridebit
1312 2032 1436 2103 caligine
1463 2031 1572 2103 lugula.
1606 2030 1662 2087 Sed
1694 2036 1724 2085 et
1754 2029 1780 2085 si
1810 2028 1847 2084 de

96 2123 157 2173 tam
177 2120 322 2175 masculus
344 2135 433 2191 quam
448 2119 558 2175 femina
581 2121 720 2191 quasdam
743 2121 846 2176 herbas
865 2137 945 2177 com-
1000 2119 1111 2175 ossibus
1125 2120 1188 2191 ejus
1210 2120 1242 2175 in
1265 2120 1363 2191 aliqua
1375 2120 1462 2174 dumo
1483 2117 1687 2183 incenduntur,
1703 2116 1779 2173 narei
1792 2116 1848 2188 spi·

95 2207 196 2273 munt,
221 2207 382 2279 dequibus
401 2222 529 2277 swuuper
549 2208 633 2263 liunt
657 2209 693 2263 Et
709 2225 776 2263 cum
792 2209 863 2280 ipsis
885 2209 947 2280 jam
1001 2209 1073 2264 ritus
1096 2224 1160 2264 sam
1183 2208 1299 2263 interim
1314 2208 1451 2276 devitant,
1475 2222 1530 2263 neo
1544 2206 1584 2263 lui
1609 2205 1757 2261 illusiones
1782 2220 1846 2261 susa

94 2295 274 2368 instatquod
298 2296 407 2365 pelepcd
424 2310 510 2351 suum
534 2297 678 2360 emittant.
703 2302 774 2352 tunc
799 2300 944 2353 mumulus
1001 2296 1117 2352 interim
1141 2296 1260 2365 iaciunt,
1277 2297 1326 2352 sed
1346 2296 1425 2352 velut
1447 2296 1534 2351 homo
1557 2295 1705 2351 loetentem
1728 2294 1847 2349 odorem

96 2389 126 2439 et
144 2384 253 2440 lamina
266 2385 342 2439 colla
358 2399 413 2439 sua
429 2384 554 2440 invicem
567 2385 759 2456 conjungunt,
776 2394 807 2440 et
824 2387 945 2455 mutu,
1000 2384 1087 2457 fugit,
1103 2386 1143 2439 sic
1157 2385 1225 2440 mali
1244 2382 1362 2456 spiritus
1376 2388 1444 2439 lunc
1458 2399 1523 2439 eam
1534 2384 1661 2455 lugiunt,
1677 2382 1745 2454 quia
1759 2398 1846 2437 mnn-

97 2477 127 2527 et
154 2471 195 2526 ita
219 2472 304 2527 ambo
324 2472 511 2542 incalescunt,
535 2478 566 2529 et
584 2472 689 2529 deinde
709 2475 818 2530 lumina
848 2490 947 2530 semen
1001 2475 1072 2530 dum
1087 2474 1194 2529 animal
1209 2490 1267 2529 nun
1282 2473 1415 2544 diligunt.

97 2576 183 2615 snum
205 2560 323 2627 emittit,
346 2567 376 2615 et
398 2562 553 2629 masculus,
573 2561 629 2617 huc
642 2561 751 2629 uidens,
767 2562 840 2618 illud
859 2564 949 2619 devo·
1144 2562 1208 2619 Gir.
1227 2563 1258 2616 V.
1279 2591 1313 2603 -
1333 2562 1373 2616 lin
1392 2560 1521 2617 Sounoua
1540 2559 1578 2631 (u)
1597 2560 1651 2629 liv,
1668 2558 1704 2631 5).

97 2653 153 2716 ral,
174 2654 203 2704 et
222 2649 333 2705 femina
352 2665 389 2703 cx
410 2650 465 2705 hoc
484 2650 663 2721 indignatur,
687 2656 718 2705 et
738 2650 845 2706 iterum
868 2651 949 2707 aliud
1037 2652 1129 2708 Sulmo
1155 2651 1249 2722 magis
1273 2651 1309 2705 de
1333 2650 1437 2721 frigido
1460 2664 1548 2721 quam
1575 2648 1669 2703 calide
1695 2662 1761 2701 uere
1795 2650 1847 2715 ost,

98 2753 198 2792 samm
225 2736 341 2804 emittit,
364 2743 393 2793 el
422 2738 545 2809 desuper
569 2736 712 2793 incumbit
739 2742 769 2793 el
794 2746 891 2806 ructuat,
919 2744 948 2795 el
1003 2746 1032 2795 et
1048 2739 1139 2812 magis
1158 2740 1189 2793 in
1207 2744 1391 2810 noctequam
1413 2738 1444 2793 iu
1461 2738 1508 2793 die
1527 2742 1666 2803 versatur,
1682 2742 1769 2807 atque
1783 2734 1850 2807 plus

98 2842 166 2880 mox
188 2827 332 2881 musculus
345 2826 475 2891 veniens,
493 2842 581 2898 super
594 2826 668 2881 illud
683 2844 718 2882 ex
732 2844 784 2884 ure
799 2843 853 2883 suu
865 2829 949 2884 milei
1004 2830 1102 2883 lunam
1119 2842 1205 2899 quum
1225 2826 1318 2883 aulem
1333 2826 1439 2899 diligit.
1460 2827 1572 2883 lituum
1588 2825 1656 2880 luna
1673 2833 1803 2896 apparel,
1818 2824 1849 2877 in

99 2914 207 2969 emittit
230 2914 316 2970 simul
331 2930 399 2969 cum
411 2914 461 2969 illo
474 2916 553 2987 quod
573 2914 769 2983 decoraverat,
790 2918 872 2972 etita
886 2934 948 2972 am·
966 2942 988 2999 ρ
1004 2916 1156 2988 splendore
1178 2915 1241 2987 ejus
1262 2930 1375 2971 summe
1398 2920 1488 2980 natat,
1512 2915 1589 2969 velut
1612 2914 1642 2969 in
1665 2913 1733 2970 solis
1754 2912 1849 2985 splen·

98 3003 137 3059 bu
152 3002 230 3058 idem
241 3004 367 3072 quicquic
380 3003 514 3068 allinunt,
527 3007 556 3058 ot
569 3003 611 3059 sic
624 3003 666 3059 ibi
680 3010 800 3058 manent
815 3005 883 3059 dum
905 3005 948 3059 vi·
1003 3006 1084 3073 dure,
1112 3011 1141 3060 et
1172 3004 1239 3059 ideo
1267 3018 1333 3059 cero
1366 3004 1427 3073 ejus
1461 3004 1641 3075 aliquantum
1672 3004 1748 3058 lune
1779 3001 1853 3057 asci-

97 3104 164 3146 sare
182 3091 353 3161 inceperint,
374 3097 404 3145 et
420 3091 463 3146 sic
476 3090 561 3163 piscis
575 3107 650 3147 unus
663 3093 728 3147 erit
749 3094 782 3147 lit
795 3099 948 3165 postquam
1002 3093 1131 3162 milatur,
1155 3098 1184 3147 et
1203 3092 1299 3147 mullis
1320 3108 1352 3147 ac
1379 3090 1494 3146 infirma
1515 3097 1568 3159 est,
1592 3106 1644 3145 neu
1666 3089 1718 3145 ulli
1740 3089 1852 3145 homini

98 3178 148 3234 ille
169 3178 285 3234 vilalem
307 3195 404 3234 aarum
422 3181 541 3251 accepit,
566 3181 672 3236 iterum
686 3181 891 3252 proceduntet
911 3182 949 3237 si-
1003 3181 1039 3237 ad
1064 3180 1274 3237 comedendum
1297 3180 1374 3236 buna
1392 3185 1445 3247 est,
1469 3179 1538 3251 quia
1560 3194 1661 3235 omnes
1684 3179 1774 3234 males
1797 3180 1849 3233 hu·
1885 3198 1888 3207 ·

99 3268 163 3323 mili
188 3268 273 3322 modo
303 3266 423 3334 iaciunt,
455 3268 525 3339 quia
552 3286 609 3324 una
628 3270 691 3324 rice
712 3275 806 3325 tutum
825 3272 949 3341 geleyche
1001 3286 1099 3325 murce
1117 3270 1169 3342 qui
1183 3270 1213 3325 in
1227 3269 1346 3324 bomine
1360 3273 1429 3324 sunt
1445 3268 1557 3324 excitat.
1579 3268 1748 3325 Etlundum
1765 3282 1851 3339 aqua·

97 3370 184 3411 anum
204 3357 350 3411 emittunt.
382 3356 475 3410 iiumo
498 3362 595 3413 autem
619 3360 670 3429 qui
691 3360 870 3428 virgichtiget
891 3366 946 3427 est,
1001 3375 1067 3414 rum
1086 3358 1200 3430 quaerit,
1225 3362 1253 3412 et
1276 3358 1362 3411 etiarn
1384 3358 1494 3413 radices
1516 3363 1545 3412 et
1560 3357 1694 3412 herbulas
1718 3356 1781 3411 illas
1803 3356 1849 3411 in·

97 3444 244 3515 dejecere
268 3453 296 3501 et
309 3445 448 3515 pulmone
459 3447 522 3515 ejus
536 3461 622 3517 {equo
637 3446 765 3517 pondere
778 3449 945 3517 pulverizet,
1001 3447 1115 3503 tardum
1136 3446 1272 3514 comedit,
1305 3444 1411 3515 quibus
1433 3446 1484 3501 diu
1514 3444 1624 3517 absque
1648 3445 1711 3501 aliis
1737 3445 1849 3516 pascuis

97 3537 127 3585 et
140 3533 288 3603 pulverem
302 3531 389 3587 istum
410 3531 442 3587 in
463 3548 540 3605 aqua
554 3539 643 3604 ponat
656 3538 685 3588 ot
708 3549 786 3605 saepe
806 3534 896 3603 bibat,
918 3540 949 3591 et
1001 3534 1154 3591 sustentari
1177 3538 1279 3604 potest.
1303 3532 1357 3589 Sed
1383 3536 1413 3587 et
1435 3534 1472 3587 da
1493 3534 1624 3603 gramine
1641 3535 1692 3588 illo
1711 3533 1847 3598 comedit,

96 3621 172 3689 picit
191 3620 224 3674 in
238 3638 272 3675 eo
287 3619 419 3675 cessabit.
441 3620 562 3692 lleliqua
581 3625 677 3675 aulam
692 3636 757 3691 quae
771 3620 802 3676 in
816 3636 852 3677 oo
867 3628 945 3690 sunt,
1001 3624 1078 3695 quod
1103 3624 1139 3677 dc
1161 3623 1306 3677 frumento
1332 3622 1471 3687 nascitur,
1493 3622 1571 3695 quod
1595 3624 1626 3677 in
1649 3638 1737 3694 aquas
1760 3622 1846 3689 cadit,

97 3724 158 3763 non
173 3710 297 3763 multum
312 3708 408 3764 valent
421 3708 689 3765 admedicumanta.
1001 3721 1030 3767 et
1050 3712 1086 3768 ab
1111 3712 1161 3765 illo
1182 3710 1388 3767 fecunditatem
1412 3709 1500 3781 capit,
1523 3715 1554 3765 et
1573 3726 1638 3766 cum
1657 3711 1768 3779 leychet,
1790 3711 1848 3778 leq·

254 3795 320 3851 Car.
341 3795 389 3853 lV.
411 3822 443 3839 -
463 3799 504 3854 lla
521 3797 609 3853 &ono
628 3797 790 3870 (4)[1v,4].
1000 3801 1097 3866 meolct,
1120 3806 1227 3855 terram
1251 3800 1367 3871 quaerit,
1390 3803 1419 3853 et
1445 3798 1483 3853 ibi
1508 3802 1596 3867 rupim
1618 3814 1703 3853 suum
1731 3790 1846 3864 amittit,

132 3883 212 3938 Sloru
235 3882 375 3953 [ilombus
397 3882 451 3957 ed.)
469 3884 535 3955 plus
555 3883 592 3939 de
609 3886 715 3956 frigido
733 3892 779 3941 est
799 3901 887 3957 quam
909 3886 946 3941 de
1000 3895 1030 3943 et
1051 3889 1194 3943 masculus
1215 3902 1303 3959 super
1315 3886 1399 3943 illum
1420 3887 1504 3941 miei
1525 3886 1631 3953 lundil,
1647 3892 1676 3941 et
1694 3886 1729 3941 de
1749 3884 1847 3957 granis

97 3969 191 4027 ualido
215 3973 265 4041 (5),
291 3978 321 4026 et
341 3972 435 4043 magis
456 3974 490 4027 in
509 3974 556 4029 die
578 3991 666 4045 quam
685 3976 717 4030 in
739 3980 822 4031 nocie
845 3992 944 4031 versa·
999 3975 1154 4047 pisciculus
1175 3990 1251 4029 unus
1264 3975 1308 4043 fit,
1328 3980 1357 4030 et
1377 3976 1418 4030 ita
1439 3976 1545 4031 iterum
1562 3974 1731 4047 procedunt,
1756 3986 1846 4044 usque

97 4063 156 4122 tur,
181 4064 210 4113 el
223 4061 310 4113 eliam
329 4059 360 4115 in
383 4060 473 4117 fundo
494 4077 636 4132 aquarum
659 4063 770 4117 radices
789 4068 819 4117 el
841 4063 946 4118 herbas
999 4064 1067 4118 dum
1095 4062 1259 4133 aqeieyuie
1282 4080 1334 4120 suu
1363 4071 1547 4129 evacuentur,
1574 4062 1681 4118 seilicet
1704 4060 1774 4117 lucia
1801 4075 1848 4113 ra·

98 4149 162 4203 illas
184 4146 299 4219 quaerit,
326 4148 433 4219 quibua
455 4149 505 4204 diu
532 4150 641 4220 absque
663 4151 720 4205 aliu
742 4156 824 4221 pastu
849 4150 944 4207 virere
999 4152 1049 4207 riis
1064 4168 1122 4207 uno
1146 4158 1276 4222 tempure
1297 4152 1421 4221 geleyche
1441 4168 1526 4207 suum
1550 4150 1738 4220 elluudentes,
1758 4155 1786 4205 at
1806 4148 1849 4204 ihi

98 4242 202 4308 polest,
222 4242 252 4290 et
276 4236 307 4291 in
330 4236 412 4307 aquis
432 4237 487 4292 huc
510 4244 541 4293 el
560 4238 626 4293 illac
649 4239 773 4295 libenter
803 4247 942 4296 movetur.
961 4235 984 4290 D
1001 4241 1259 4315 quiescentesque
1273 4240 1343 4295 dum
1358 4256 1392 4294 ex
1404 4256 1471 4296 aere
1486 4240 1574 4295 vitam
1589 4239 1739 4311 accipiant.

99 4325 189 4383 Sanus
212 4341 313 4380 carues
334 4326 429 4393 babet,
446 4342 511 4397 ques
527 4327 614 4383 eliam
629 4327 707 4383 sanis
728 4328 896 4384 homiuibus
907 4329 944 4385 ad
1035 4327 1073 4400 (7)
1090 4330 1181 4385 Homo
1197 4334 1293 4383 aulem
1307 4327 1352 4382 cui
1369 4328 1485 4399 dentigo
1495 4326 1635 4399 putrescit
1648 4332 1677 4382 et
1689 4327 1736 4381 cui
1746 4326 1848 4381 dentes

98 4413 311 4470 comedendum
339 4430 399 4469 ηοη
422 4416 537 4484 obsunt,
563 4416 694 4471 infirmos
721 4422 819 4473 autem
846 4418 944 4474 dolere
999 4418 1184 4473 infirmantur
1208 4421 1237 4471 cl
1252 4416 1369 4487 lragiles
1385 4422 1462 4484 sunt,
1483 4417 1519 4471 de
1536 4416 1648 4471 ossibus
1662 4414 1748 4486 piscis
1762 4414 1848 4485 hujus

98 4502 280 4574 aliquantum
302 4502 381 4571 iacit,
404 4504 474 4575 quia
495 4503 584 4559 nimis
606 4504 688 4559 lorlis
707 4506 735 4559 ei
750 4508 801 4559 est.
825 4506 858 4560 Et
876 4520 944 4560 cum
999 4506 1030 4561 in
1053 4506 1202 4578 pulverem
1222 4503 1345 4575 redigat,
1365 4509 1395 4560 et
1415 4504 1562 4560 modicum
1583 4502 1724 4559 assiculis
1751 4501 1847 4570 addat,

97 4593 222 4663 pcleyultc
245 4592 275 4646 in
297 4607 331 4647 eo
352 4607 480 4647 crescere
496 4592 594 4662 debet,
619 4593 681 4665 ipse
701 4609 788 4665 super
811 4610 900 4665 aquas
913 4611 943 4649 se
999 4601 1027 4651 et
1046 4594 1079 4650 ud
1100 4600 1212 4649 noctem
1235 4594 1383 4666 pulverem
1410 4594 1497 4649 istum
1521 4592 1655 4649 dentibus
1680 4608 1757 4663 supe
1791 4592 1847 4647 uir·

98 4679 193 4751 erigit,
218 4685 248 4736 et
269 4696 318 4735 ros
343 4680 380 4737 de
405 4697 471 4737 aere
491 4696 578 4753 super
604 4697 672 4737 cum
693 4682 777 4751 cadit,
803 4687 833 4738 et
856 4685 943 4738 aliam
998 4687 1163 4754 cumpunat,
1177 4688 1206 4738 et
1220 4682 1348 4749 salivam,
1370 4681 1625 4753 scilicetgengiras
1645 4680 1763 4736 effluere
1777 4695 1848 4752 per·
1907 4710 1909 4716 ι

134 4819 175 4887 (¹)
192 4819 250 4873 flou
263 4834 355 4891 usque
367 4820 435 4876 edit.
999 4825 1034 4879 de
1057 4823 1193 4879 calimino
1215 4822 1409 4890 commisceat,
1431 4829 1460 4878 et
1474 4824 1505 4878 in
1521 4821 1675 4893 cuprinum
1698 4818 1847 4875 vasculum

133 4890 171 4957 (2)
190 4889 292 4943 Ρῑὶῡθω
308 4895 428 4959 θΡθθὶθθ·
996 4895 1103 4961 mittat,
1127 4900 1156 4949 et
1170 4910 1235 4949 cum
1255 4910 1288 4949 eu
1304 4895 1403 4949 oculos
1416 4911 1483 4949 suos
1496 4894 1629 4966 superius
1645 4906 1721 4964 serpe
1746 4895 1845 4962 ungat,

132 4958 221 5028 (3llit
247 4964 378 5015 naturum
409 4965 526 5031 piscium
560 4968 612 5018 etc.
647 4976 706 5017 um.
735 4964 781 5017 cd.
815 4963 941 5035 Pergit:
998 4971 1027 5021 et
1048 4967 1122 5021 clare
1146 4965 1261 5021 videbit.
1294 4965 1324 5020 Si
1350 4970 1447 5021 autem
1472 4964 1582 5021 homini
1606 4964 1637 5019 in
1661 4963 1758 5035 ailquu
1786 4963 1848 5015 loco

99 5030 304 5093 democratem:
319 5031 435 5100 desinit,
451 5032 789 5101 cluiuiliu'coceasudil.
996 5037 1126 5108 corporis
1148 5036 1190 5091 sui
1207 5037 1305 5108 aliquo
1324 5052 1392 5091 casu
1413 5054 1445 5091 os
1468 5036 1621 5105 frangitur,
1646 5050 1678 5088 os
1698 5030 1847 5089 strationis
1945 5072 1954 5093 .

132 5101 172 5171 (l)
186 5104 334 5169 Acipertser
347 5102 450 5158 scursa
995 5106 1164 5178 pulverizet,
1182 5114 1210 5163 et
1233 5108 1382 5178 pulverem
1402 5108 1491 5164 istum
1516 5109 1547 5163 in
1561 5120 1663 5178 puram
1679 5118 1785 5175 aquam
1811 5101 1847 5158 de

132 5173 173 5242 (5)
194 5172 256 5234 Ed..
285 5172 457 5228 intermedia
485 5173 622 5229 omittens
650 5188 658 5227 c
688 5192 703 5226 a
732 5175 821 5230 Homo
844 5180 941 5231 autem
995 5183 1082 5248 puteo
1104 5194 1161 5233 non
1182 5180 1256 5233 salso
1273 5183 1430 5237 extractam
1445 5180 1550 5246 mittat,
1574 5183 1603 5232 et
1616 5175 1734 5249 jejunus
1748 5172 1845 5240 bihat3

96 5258 184 5314 quem
200 5244 262 5298 oieb
276 5243 387 5313 fatigat,
400 5244 546 5316 dejecere
559 5245 646 5315 piscis
661 5245 747 5316 hujus
766 5246 943 5301 sufficienter
995 5253 1026 5303 et
1037 5250 1091 5303 hoc
1103 5248 1188 5305 faciat
1202 5249 1272 5304 dum
1287 5255 1414 5318 sanetur,
1431 5252 1481 5306 scd
1496 5256 1593 5305 tumen
1608 5245 1732 5302 modice.
1748 5264 1763 5298 a

96 5319 125 5369 et
147 5329 224 5394 smpe
247 5318 388 5384 comedat,
410 5321 440 5370 et
459 5315 521 5371 uiuit
542 5314 572 5369 in
594 5331 628 5370 eu
649 5315 780 5371 cambit.
804 5316 837 5371 lit
860 5316 942 5387 cujus
1031 5318 1069 5389 (6)
1084 5320 1175 5375 Sulmo
1188 5320 1279 5376 Sulur.

96 5400 162 5440 caro
177 5400 252 5440 curua
272 5386 370 5440 oculos
392 5401 458 5441 suos
473 5385 622 5445 evolvitur.
637 5387 682 5441 vel
705 5386 750 5440 cui
773 5387 848 5443 oculi
873 5388 941 5442 cali-
1031 5390 1072 5462 (7)
1085 5389 1134 5443 Ηὶο
1155 5390 1257 5465 incipit
1271 5395 1365 5446 textus
1389 5390 1492 5465 editus,
1520 5390 1670 5469 superiora
1693 5386 1843 5449 omittens.

4 5519 5 5532 ,
95 5461 173 5526 gant,
190 5458 226 5511 de
246 5456 313 5511 felle
326 5456 413 5528 piscis
429 5457 524 5528 hujus,
543 5457 579 5513 de
593 5472 678 5513 succo
693 5464 777 5525 rutae,
793 5464 823 5512 et
843 5457 939 5514 minus
