3984 6034
84 214 133 270 etl
299 280 301 285 ¹
405 215 508 273 LIBER
529 216 685 274 bivinen.
705 182 808 275 oulen.
829 219 998 276 slueelffls
1015 219 1299 278 uolitare-rans
1316 222 1339 289 l,
1359 222 1450 279 vrslo
1469 222 1514 281 [V.
1780 231 1837 286 811

82 345 190 417 cipales
214 344 292 401 venti
316 358 382 400 cum
410 344 463 399 alis
486 345 556 412 suis,
583 345 613 401 id
640 350 683 402 est
697 361 763 402 cum
784 348 930 403 collatura·
948 349 1115 405 illatereles
1131 348 1209 404 renti
1219 349 1353 404 orientali
1367 356 1452 406 rento
1478 352 1561 424 quasi
1580 354 1645 410 dua
1670 354 1724 412 alm
1742 356 1837 428 juncti

82 433 159 489 libus
173 434 274 500 ventis,
291 433 505 488 firmamentum
529 438 699 502 sustentant,
715 441 743 491 et
766 452 868 491 manus
896 437 930 492 ad
987 442 1064 503 sunt,
1076 437 1116 491 sic
1135 437 1240 492 animae
1254 438 1363 492 bouum
1376 444 1405 495 et
1418 440 1537 509 malum,
1553 442 1662 498 bonum
1679 444 1709 499 in
1728 446 1835 518 gaudio

82 537 201 577 manum
229 521 425 593 conjungitur,
450 527 529 577 utet
548 523 591 577 ale
624 523 762 595 cujusque
789 524 827 579 ad
857 525 932 579 alam
987 523 1432 597 stlatilia,perquaetauquam
1456 528 1499 582 sol
1523 528 1555 584 in
1582 529 1688 587 virtuts
1714 548 1766 589 sua
1788 549 1835 588 co·

83 610 201 664 alterius
231 610 401 664 extenditur.
433 610 499 665 llaec
531 617 627 665 eutem
664 610 817 682 designent
856 612 932 685 quod
986 625 1048 666 ram
1072 612 1130 666 [leo
1160 612 1246 681 lucet,
1272 613 1381 667 malum
1405 630 1456 685 per
1477 616 1555 687 quud
1578 633 1667 688 opera
1699 619 1775 675 bona
1806 626 1836 676 et

84 698 191 760 anima,
208 713 273 768 quae
299 698 549 769 perviumque
574 700 649 753 Deus
664 704 717 767 est,
740 700 798 754 vite
826 700 931 768 existit,
987 704 1086 753 sancta
1114 699 1264 769 nigredine
1306 707 1500 771 peccatorum,
1532 705 1610 759 velut
1629 690 1742 761 claritas
1767 707 1836 763 solis

84 790 113 841 et
137 786 311 857 spiraculum
328 786 363 839 de
388 784 496 856 Spiritu
520 786 570 841 liei
587 786 674 841 ssnem
693 788 806 843 vivendi
832 790 932 847 utliu-
986 785 1147 842 tenebrosis
1168 787 1293 842 nubibus
1306 789 1485 844 obscuratur.
1510 791 1602 846 llomo
1636 808 1760 865 namque
1784 811 1836 865 per

84 888 203 928 manum
223 888 328 944 corpus
344 888 403 928 non
427 873 525 944 habet,
546 890 649 945 corpus
674 874 783 930 viribus
802 878 860 931 suis
888 877 930 932 vi·
985 874 1092 930 bonam
1122 875 1313 932 intentionem
1339 878 1444 933 auimae
1470 895 1531 934 sum
1556 895 1656 950 poenas
1696 899 1769 954 quas
1803 886 1835 939 in

84 960 180 1016 vificat
195 968 223 1016 et
239 965 389 1028 sustentat,
404 963 482 1017 uelut
509 962 603 1018 sidera
627 962 842 1020 firmamentum
866 981 932 1020 cum
986 963 1121 1036 aquilone
1141 979 1201 1019 esse
1227 965 1380 1035 cognoscit,
1404 965 1487 1021 valde
1511 966 1603 1036 timet,
1624 970 1755 1039 quemvis
1775 986 1837 1026 cor·

84 1054 193 1120 puncto
212 1065 274 1117 suo,
291 1049 369 1121 quod
393 1054 470 1104 terra
486 1055 538 1117 est,
566 1066 654 1122 quam
672 1050 810 1107 inmedio
834 1052 931 1108 firma·
985 1066 1041 1122 pus
1069 1050 1304 1106 delectationibus
1329 1058 1514 1123 peccatorum
1543 1055 1745 1126 assuefactum,
1774 1058 1836 1114 aui·

85 1137 178 1191 menti
196 1136 317 1192 verbum
345 1136 394 1193 liei
422 1138 607 1207 constituens,
635 1138 815 1196 immobilem
834 1140 931 1197 firma·
985 1154 1064 1195 mam
1079 1139 1224 1195 multoties
1234 1145 1355 1212 premat.
1366 1140 1420 1197 Sed
1435 1146 1464 1197 et
1492 1142 1553 1197 bac
1576 1144 1700 1199 intentio
1728 1144 1834 1201 animm

84 1224 126 1280 ait
152 1228 181 1280 et
207 1224 391 1280 illuminarit.
419 1224 565 1297 Siquidem
593 1227 689 1282 anima
721 1244 787 1301 quae
821 1245 839 1284 a
873 1230 931 1285 ileo
986 1225 1059 1283 duas
1077 1229 1135 1283 alas
1149 1228 1485 1301 babet,quesumaltere
1511 1231 1607 1285 timor.
1624 1234 1676 1287 ilci
1705 1237 1759 1303 est,
1785 1234 1835 1305 qui

84 1312 174 1367 missa
193 1310 225 1367 iu
250 1328 353 1383 corpus
376 1311 558 1370 invisibiliter
580 1318 609 1369 st
635 1315 744 1370 occulte
776 1315 932 1383 descendit,
986 1330 1039 1387 per
1053 1316 1281 1373 admonitionem
1300 1317 1423 1389 Spiritus
1443 1318 1574 1374 sauctiin
1589 1320 1706 1378 homine
1736 1336 1836 1377 acceu-

83 1401 232 1473 bomiuem
259 1402 349 1456 Deum
388 1416 438 1473 per
475 1400 564 1457 iidem
597 1406 789 1473 leugnoscere,
829 1406 933 1462 emtum
987 1402 1077 1473 ditur,
1098 1405 1189 1460 altera
1211 1420 1279 1459 vero
1304 1405 1518 1463 abrenuntiatio
1542 1413 1737 1479 peccatorum,
1771 1426 1836 1483 quae

84 1490 237 1561 respicere,
261 1494 290 1545 et
317 1488 442 1545 eoelcstie
462 1489 575 1560 operari
606 1490 683 1545 lacit.
713 1492 748 1548 Et
791 1492 864 1547 sicut
886 1508 933 1547 ros
987 1496 1098 1562 postea,
1113 1492 1217 1547 timore
1231 1493 1283 1547 [lei
1304 1494 1475 1564 postposito,
1499 1495 1585 1551 bomo
1598 1496 1757 1568 saepissime
1790 1515 1837 1552 re-

84 1576 268 1633 inrisibiliter
281 1592 367 1648 super
382 1592 501 1648 gramen
527 1579 641 1647 cadens,
657 1578 728 1634 illud
754 1578 933 1635 lruclilerum
988 1580 1069 1651 petit.
1097 1579 1287 1637 Occidentalis
1313 1587 1416 1637 ventus
1442 1583 1528 1637 etiam
1562 1583 1634 1638 diras
1656 1585 1715 1639 alas
1738 1585 1835 1654 habet,

84 1665 191 1734 reddit,
202 1665 242 1720 sic
265 1666 341 1721 Deus
361 1667 510 1721 homiuem
539 1665 684 1738 quispam
703 1682 785 1726 suam
812 1668 843 1724 in
871 1668 934 1739 ipso
953 1635 1113 1739 Bquarum
1128 1668 1265 1725 alteraad
1280 1672 1409 1724 austrum
1437 1673 1467 1725 et
1489 1670 1580 1726 altera
1601 1670 1638 1726 ad
1667 1672 1835 1744 aquilonem

85 1752 247 1822 constituit,
269 1758 298 1809 et
320 1756 437 1817 terram.
474 1754 605 1809 videlicet
645 1756 738 1811 carnis
780 1756 931 1823 desideria,
987 1755 1163 1823 extenditur,
1191 1771 1257 1827 quse
1286 1756 1449 1827 significant
1485 1758 1563 1829 quod
1600 1760 1688 1815 homo
1723 1758 1836 1816 bouum

85 1840 210 1913 pedibus
234 1840 332 1909 calcat,
364 1845 423 1897 tuto
452 1858 571 1914 corpore
600 1844 635 1899 ed
651 1843 755 1899 caelum
775 1845 871 1915 erigit,
896 1845 933 1901 ad
987 1843 1076 1899 sentit
1104 1848 1133 1900 et
1155 1844 1338 1915 perbonam
1362 1847 1470 1901 malum
1494 1846 1558 1902 scit.
1582 1848 1616 1902 lat
1643 1847 1758 1903 dextere
1790 1850 1837 1905 ela

84 1930 196 1985 fructus
211 1929 355 1985 bonorum
374 1946 496 1999 operum
518 1930 836 2001 perierandos,occulta
865 1933 933 1989 dul·
987 1929 1115 1986 ostendit
1138 1931 1218 2002 quod
1240 1932 1339 1988 anima
1360 1933 1535 1989 desiderium
1563 1938 1593 1990 et
1617 1934 1773 2007 suspirium
1801 1935 1838 1991 ad

85 2017 186 2073 cediue
215 2016 315 2087 gratiae
329 2032 389 2072 sum
407 2016 629 2073 misericorditer
652 2017 762 2089 irrigat,
792 2023 934 2076 contraria
987 2018 1160 2090 bonoopere
1173 2018 1268 2088 habet,
1295 2019 1410 2077 sinistra
1436 2030 1533 2077 autem
1562 2023 1722 2079 fatuitatem
1741 2024 1836 2079 homi·

86 2122 154 2161 sero
173 2121 262 2177 opera
295 2104 409 2161 eternis
444 2106 585 2176 geheuuae
619 2107 767 2179 suppliciis
804 2108 931 2164 damnat.
986 2105 1042 2175 nis,
1057 2121 1123 2162 cum
1138 2107 1281 2178 quamale
1303 2112 1460 2179 perpetrat,
1474 2125 1539 2179 quae
1562 2125 1599 2166 ex
1612 2110 1710 2167 debito
1744 2110 1835 2184 origi·

87 2193 180 2247 llomo
195 2208 320 2264 namque
335 2191 434 2247 omnia
444 2207 531 2264 opera
544 2208 596 2247 sua
617 2193 692 2249 bona
705 2194 750 2249 vel
765 2194 841 2251 mala
868 2211 934 2251 cum
987 2194 1061 2249 nolis
1074 2194 1186 2266 peccati
1197 2196 1349 2251 contraxit.

87 2284 212 2351 quatuor
226 2278 375 2333 elementis
389 2284 534 2349 operatur,
547 2280 577 2333 iu
592 2279 709 2335 modum
724 2285 849 2351 quatuor
862 2296 936 2337 veu-
987 2279 1062 2347 Quia
1075 2280 1249 2406 “nimfff
1266 2281 1408 2355 Spiritum
1422 2282 1473 2337 bei
1484 2280 1517 2337 in
1536 2298 1641 2356 corpus
1657 2284 1748 2341 missu
1770 2283 1838 2341 uiri·

87 2371 185 2423 torum
199 2367 249 2439 qui
263 2366 501 2438 insuperioribus
522 2367 650 2439 partibus
679 2369 752 2423 aeris
766 2369 840 2424 sires
869 2386 935 2425 suas
1022 2351 1074 2406 ⁶¹⁴⁸
1099 2368 1162 2406 ⁸¹⁶³
1180 2352 1256 2407 ’Μ
1281 2356 1372 2407 “llum
1397 2352 1566 2424 l’ffs‘mdssb
1592 2356 1835 2438 mmmmm

87 2462 230 2525 exercent,
260 2461 289 2510 et
315 2460 412 2511 temen
440 2455 525 2512 llatus
544 2472 611 2511 suos
625 2456 769 2513 interdum
784 2457 814 2512 iu
838 2459 935 2517 sordes
1018 2420 1114 2489 flam
1124 2424 1272 2477 ”mmm
1286 2423 1425 2479 mundum
1443 2438 1557 2480 mmm
1570 2430 1725 2497 Pmum‘·

85 2548 116 2599 et
138 2544 168 2599 in
197 2544 395 2599 immunditiae
420 2545 473 2599 luti
497 2544 655 2617 deponunt.
683 2545 812 2611 Quatuor
857 2546 935 2603 enim
1003 2508 1053 2608 ,ι’
1077 2508 1131 2563 s⁰d
1158 2513 1188 2563 et
1211 2509 1309 2609 ”dim
1333 2526 1387 2581 W
1406 2513 1630 2583 mmmmm
1654 2512 1836 2579 diffunditur’

85 2632 295 2703 principalibus
307 2632 401 2687 ventis
423 2637 548 2705 quatuor
569 2633 643 2689 vires
656 2633 688 2688 in
715 2633 843 2703 homine,
878 2634 934 2689 sci·
987 2602 1061 2651 secut
1080 2603 1109 2652 et
1132 2601 1287 2653 ventositas
1302 2598 1472 2655 eorumdem
1497 2608 1649 2654 ventorum
1668 2616 1721 2671 per
1743 2606 1837 2658 totum

86 2721 154 2777 licat
168 2720 315 2791 cogitatio,
328 2720 445 2789 locutio,
473 2720 594 2777 intentio
609 2725 638 2775 et
666 2721 802 2792 gemitus,
826 2722 935 2779 assimi-
1004 2772 1010 2783 .

85 2809 194 2863 lentur.
210 2809 323 2865 Etsicnt
338 2808 536 2880 uuusquisque
563 2824 664 2864 eornm
683 2808 768 2864 ssatus
779 2824 844 2865 suos
867 2810 933 2866 dex·

87 2902 214 2952 trorsum
230 2901 258 2951 et
280 2895 474 2951 sinistrorsum
496 2896 627 2952 mittendi
642 2901 814 2967 potestatem
838 2898 975 2967 habete

89 2984 129 3039 sic
156 2984 254 3039 anima
280 2982 325 3038 his
349 2988 472 3055 quatuor
496 2984 601 3057 stipata
617 2983 725 3039 viribus
746 3001 798 3057 per
820 2993 935 3042 natura·

88 3074 147 3127 lem
157 3072 305 3129 scientiam
318 3073 350 3127 in
360 3088 448 3143 quam
462 3078 575 3143 partem
597 3074 728 3145 voluerit,
742 3075 800 3130 sive
827 3076 936 3131 bonum

88 3160 149 3215 sive
174 3160 283 3215 malum
311 3160 454 3232 eligendo,
484 3160 627 3216 declinare
655 3166 760 3233 potest.
797 3163 937 3218 Australis

87 3250 168 3304 enim
191 3252 291 3302 sentus
320 3248 390 3303 duos
417 3248 594 3303 collaterales
630 3256 731 3305 ventos
756 3249 837 3321 quasi
866 3251 936 3307 dues

90 3338 149 3392 alas
163 3334 257 3405 habet,
283 3351 406 3402 quarum
432 3337 522 3391 altera
549 3353 648 3392 versus
671 3338 810 3394 orientem
845 3340 937 3395 calida
992 3386 999 3399 .

88 3427 143 3491 est,
167 3440 233 3497 qum
260 3424 349 3480 boues
375 3427 404 3479 et
431 3428 542 3480 sanctas
566 3426 765 3498 cogitationes,
794 3442 859 3499 quse
887 3444 938 3499 per

87 3514 189 3584 ignem
202 3512 325 3583 Spiritus
340 3512 430 3567 sancti
444 3513 538 3569 studio
553 3514 610 3585 pies
639 3514 809 3569 intentionis
838 3532 937 3571 accen·

88 3600 210 3667 duntur,
239 3599 388 3671 significat.
415 3601 512 3656 Altera
546 3616 613 3656 sero
632 3617 729 3657 versus
763 3602 939 3659 occidentem

87 3689 195 3759 frigida
220 3693 271 3757 est,
299 3702 364 3760 quse
393 3703 494 3760 pravas
519 3694 548 3745 et
564 3689 680 3744 inutiles
694 3690 883 3761 cogitationes
908 3691 937 3745 in

987 2684 1206 2741 firmamentum
1215 2686 1358 2741 discurrit.
1375 2685 1481 2742 Anima
1490 2686 1579 2756 enim,
1596 2703 1662 2759 quae
1684 2704 1737 2759 per
1764 2688 1832 2761 Spi-

988 2777 1076 2828 ritum
1098 2772 1149 2828 liei
1175 2773 1205 2828 iu
1233 2789 1336 2846 corpus
1357 2774 1444 2828 missa
1464 2779 1517 2843 est,
1544 2775 1653 2830 viribus
1676 2777 1736 2832 suis
1763 2776 1837 2833 illud

989 2864 1081 2917 totum
1096 2860 1245 2931 pertundit
1259 2877 1267 2916 ε
1283 2867 1313 2916 ct
1326 2861 1573 2933 quemadmodum
1585 2861 1670 2917 ssatus
1684 2867 1836 2920 ventorum

989 2948 1020 3003 iu
1030 2948 1212 3004 firmamento
1226 2949 1401 3017 discurrunt,
1419 2949 1459 3003 sic
1473 2950 1537 3020 ipsa
1563 2950 1728 3022 bominem!
1747 2953 1838 3008 Deum

988 3037 1188 3093 ardentissime
1203 3037 1331 3109 diligere,
1348 3043 1377 3092 et
1400 3037 1592 3094 sanctissimas
1616 3039 1737 3094 virtutes
1764 3042 1837 3096 mel·

989 3125 1103 3181 liiluum
1118 3141 1250 3197 saporem
1272 3126 1411 3181 habentes
1433 3125 1547 3195 operari
1572 3125 1649 3196 lacit,
1678 3127 1748 3199 quia
1779 3128 1839 3182 elo·

991 3214 1060 3286 quia
1068 3213 1184 3269 Domini
1194 3230 1281 3286 super
1293 3214 1350 3268 mel
1366 3218 1394 3269 et
1403 3214 1499 3269 levum
1509 3212 1552 3268 ori
1566 3217 1629 3283 ejus
1659 3214 1838 3271 dulcescunt.

990 3301 1094 3371 Sicque
1120 3301 1218 3357 anima
1236 3302 1462 3369 firmamentum,
1487 3302 1594 3357 scilicet
1616 3318 1719 3375 corpus
1743 3320 1838 3372 suum,

990 3387 1209 3461 incomparabili
1232 3393 1402 3445 ornamento
1443 3388 1582 3444 virtutum
1616 3393 1646 3443 et
1672 3390 1840 3446 suavissimo

992 3477 1094 3533 decore
1108 3482 1273 3533 sanctorum
1292 3493 1414 3549 operum
1441 3474 1659 3549 diligentissime
1682 3477 1838 3549 perfundit.

992 3581 1065 3650 Quia
1082 3581 1158 3638 aaut
1181 3583 1265 3638 bomo
1282 3582 1452 3639 brucbiiset
1473 3581 1725 3655 cruribusregitur
1741 3586 1771 3639 et
1792 3600 1841 3640 su-

1026 3655 1181 3720 stentatur,
1193 3652 1237 3708 itu
1251 3652 1364 3709 etoenls’
1374 3652 1429 3708 ulii
1451 3651 1521 3708 aliis
1546 3656 1578 3707 tn
1601 3654 1842 3722 confortationem

1024 3724 1206 3794 firstomenti
1216 3721 1395 3791 subveniunt,
1412 3726 1439 3780 et
1458 3722 1528 3793 quid
1549 3721 1595 3778 vet
1608 3724 1679 3791 istu,
1691 3724 1737 3779 oei
1752 3724 1842 3780 etium

89 3780 158 3848 igne
182 3776 304 3849 Spiritus
332 3776 423 3831 suncti
443 3792 501 3831 uon
530 3777 664 3846 calentes,
694 3777 743 3833 sed
771 3776 889 3849 frigidas
911 3783 941 3833 et
1028 3794 1193 3850 commum,
1217 3800 1368 3850 sensorum
1392 3792 1528 3865 placidus
1548 3792 1656 3863 statam,
1672 3797 1724 3849 aut
1747 3796 1843 3850 aaran.

89 3880 178 3937 opere
199 3879 287 3935 prava
311 3863 452 3935 designet.
480 3865 579 3936 iguem
608 3880 724 3938 quoque
753 3864 940 3938 spiraculum,
1029 3862 1587 3935 lentusdiscursueiauas'mufigurent.

90 3951 168 4022 quod
196 3948 294 4007 anima
318 3949 465 4005 rationalis
509 3955 562 4017 est,
587 3967 653 4023 quse
674 3966 763 4023 opere
785 3952 879 4007 caruis
904 3956 941 4023 ,st
983 4010 987 4017 Χ
1032 3952 1072 4008 l.l.
1094 3952 1166 4007 Nam
1179 3959 1210 4008 et
1231 3952 1318 4008 homo
1339 3967 1405 4007 cum
1418 3951 1544 4008 brachiis
1572 3954 1601 4007 et
1626 3952 1758 4008 cruribus
1782 3952 1843 4008 suis

91 4038 251 4110 sanguinis,
267 4038 373 4110 quihus
399 4039 485 4094 homo
507 4039 674 4102 delectatur,
697 4040 792 4109 sentit,
813 4042 879 4096 licet
905 4042 941 4097 ad
994 4043 1088 4095 totum
1102 4056 1132 4094 se
1148 4040 1266 4112 regitat
1292 4044 1444 4108 sustentat,
1465 4043 1494 4095 et
1507 4044 1642 4095 ventosus
1656 4043 1709 4108 est,
1739 4056 1841 4113 quem·

92 4126 219 4182 coelestia
246 4126 416 4183 naturaliter
440 4127 574 4199 suspiret,
602 4130 717 4201 corpori
743 4134 840 4186 tamen
867 4130 941 4184 vires
994 4128 1152 4184 admodum
1167 4134 1294 4201 quatuor
1314 4127 1488 4200 principales
1509 4126 1587 4184 venti
1602 4142 1669 4183 cum
1692 4128 1843 4186 collatera-

92 4220 122 4270 et
146 4215 271 4270 calorem
296 4215 326 4270 in
359 4215 591 4272 immundissimo
627 4218 719 4273 fetore
757 4224 938 4291 peccatorum
960 4213 1244 4300 „libussuisomne
1259 4216 1475 4272 firmamentum
1497 4216 1528 4271 in
1542 4216 1613 4271 illud
1629 4216 1717 4287 positi
1731 4220 1842 4287 tenent,

93 4304 179 4359 etiam
204 4302 413 4371 subministrat,
426 4315 436 4371 ι
449 4304 695 4375 quemadmodum
729 4306 772 4361 sol
801 4304 942 4361 letantem
996 4308 1025 4359 et
1037 4308 1071 4358 ut
1083 4305 1283 4376 unusquisque
1302 4320 1404 4360 eorum
1432 4305 1467 4360 ad
1484 4303 1723 4359 confortationem
1745 4304 1844 4361 firma-

92 4389 589 4462 putredinemimmundissimorum
605 4392 745 4447 vermium
763 4391 853 4448 radiis
882 4392 942 4447 suis
983 4378 1087 4446 'menti
1114 4390 1178 4445 aliia
1204 4391 1347 4447 subvenit.
1379 4392 1445 4446 lloec
1476 4391 1608 4463 desigeut
1640 4390 1718 4464 quod
1747 4392 1845 4448 anima

92 4478 229 4535 calefacit.
244 4479 298 4535 Sed
317 4479 548 4551 septentrionalis
572 4485 673 4537 sentus
701 4481 835 4535 omuibus
861 4496 941 4536 crea·
996 4483 1121 4551 quatuor
1139 4478 1201 4543 alis,
1217 4479 1326 4534 scilicet
1347 4494 1412 4533 cum
1427 4480 1621 4548 sensualitate,
1645 4480 1792 4536 intellectu
1815 4484 1843 4536 et

93 4568 167 4623 turis
189 4567 300 4623 inutilis
316 4572 367 4636 est,
386 4568 435 4639 qni
460 4569 547 4624 etiam
574 4568 645 4625 duas
666 4569 836 4637 similabat,
867 4584 941 4641 qua·
997 4566 1116 4622 scientia
1130 4567 1242 4622 boniet
1257 4567 1335 4632 mali,
1365 4566 1395 4620 in
1425 4565 1543 4621 homine
1571 4568 1657 4622 volat.
1684 4568 1755 4624 Cum
1779 4582 1845 4623 aen-

93 4672 158 4711 rum
183 4656 276 4711 altere
303 4656 504 4722 adorientem,
533 4656 622 4711 altera
650 4656 686 4712 ad
703 4657 879 4712 occidentem
894 4671 943 4711 ex·
997 4654 1129 4710 sualitete
1148 4670 1274 4726 namque
1289 4653 1448 4709 secuudum
1474 4659 1591 4724 gustum
1615 4656 1708 4711 carnis
1736 4655 1768 4711 iu
1792 4657 1846 4712 bo-

93 4743 241 4811 teuditur;
269 4758 335 4815 quse
358 4743 506 4799 scientiam
533 4744 603 4799 boni
627 4746 655 4799 et
677 4743 746 4799 mali
770 4743 801 4799 in
824 4743 943 4800 homine
998 4742 1075 4799 mine
1102 4747 1248 4813 operatur,
1276 4758 1331 4813 per
1358 4742 1535 4796 intellectum
1568 4757 1636 4797 sero
1670 4758 1758 4813 opera
1795 4758 1847 4797 sue

94 4829 258 4901 designant,
275 4846 327 4903 per
341 4846 428 4903 quam
453 4832 515 4898 ipse
529 4846 652 4903 quaeque
679 4832 760 4887 utilia
775 4836 803 4886 el
827 4830 944 4887 inutilia
998 4829 1144 4898 discernit,
1165 4828 1189 4884 si
1204 4829 1263 4884 [teo
1278 4832 1329 4884 aut
1350 4828 1518 4883 hominibus
1539 4828 1679 4900 placeant.
1697 4830 1749 4883 Per
1775 4829 1847 4885 duas

95 4919 247 4974 inanimo
275 4934 328 4973 suu
353 4918 480 4974 velutin
515 4920 632 4989 speculo
668 4920 840 4989 considerat,
869 4920 943 4974 sicut
998 4916 1086 4971 etiam
1115 4918 1185 4983 atas,
1208 4915 1332 4972 scientim
1350 4916 1484 4971 videlicet
1505 4914 1575 4971 boni
1597 4921 1627 4969 et
1650 4916 1729 4984 mali,
1759 4914 1848 4971 homo

95 5010 173 5061 terra
186 5021 240 5078 per
251 4996 466 5063 firmamentum
481 5008 613 5079 superius
628 5013 657 5064 et
671 5008 793 5064 interius
820 5008 941 5081 regitur.
999 5018 1086 5059 omne
1108 5020 1181 5075 opus
1204 5003 1235 5058 iu
1257 5003 1354 5059 anima
1381 5002 1503 5075 perlicit,
1534 5018 1660 5073 quarum
1683 5002 1849 5059 diversitate

96 5094 249 5151 orientalis
266 5094 450 5152 autemsenti
466 5096 520 5161 ala,
545 5112 609 5169 quse
622 5097 657 5153 ed
682 5100 812 5152 anstrum
839 5095 942 5164 tendit,
999 5091 1093 5166 qualis
1107 5090 1144 5147 sit
1158 5092 1322 5162 innotescit,
1346 5091 1415 5164 quia
1442 5091 1629 5146 salvationem
1645 5106 1696 5162 per
1721 5091 1849 5147 animam

95 5181 437 5237 demonstretnominem
453 5181 502 5255 qui
527 5198 579 5254 per
603 5182 679 5238 buna
694 5181 830 5251 operaed
853 5182 945 5236 Deum
1000 5182 1110 5249 alteo,
1132 5196 1186 5252 per
1203 5196 1318 5236 carnem
1346 5196 1414 5235 vero
1453 5180 1593 5235 honorem
1619 5178 1656 5234 ab
1683 5177 1850 5235 hominibus

95 5269 125 5325 iu
151 5268 332 5341 amplexione
355 5284 431 5327 verm
461 5270 608 5327 charitatis
643 5269 785 5341 ascendit3
811 5269 857 5325 ala
879 5284 946 5324 sero
1001 5268 1118 5340 expetit.
1134 5270 1168 5324 Et
1195 5269 1235 5325 sic
1263 5266 1409 5324 interdum
1424 5284 1477 5340 per
1498 5266 1645 5323 scientiam
1667 5265 1737 5321 boui
1751 5265 1850 5323 inem·

96 5374 162 5431 quae
186 5358 222 5414 ad
239 5359 404 5431 aquilonem
426 5358 542 5430 respicit
572 5358 722 5414 hominem
748 5357 841 5413 carnis
864 5357 945 5413 volu·
1001 5356 1062 5413 lum
1091 5355 1229 5425 escendit,
1257 5356 1404 5413 interdum
1427 5354 1582 5426 etiamper
1605 5354 1755 5411 scientiam
1780 5356 1851 5410 mall

95 5445 226 5518 ptatibus
256 5446 431 5503 sordidatum
455 5446 607 5519 signifieat.
633 5449 665 5505 lit
678 5447 751 5503 sicut
769 5444 791 5503 ii
806 5446 864 5502 duo
887 5446 946 5501 col·
1001 5443 1033 5501 iu
1060 5448 1168 5501 terram
1196 5443 1399 5519 prosternitur.
1427 5442 1483 5501 Sed
1506 5458 1571 5500 cum
1592 5442 1681 5501 homo
1695 5442 1850 5516 aliquando

279 5545 421 5612 Parnon.
446 5545 589 5613 cxcvii.
1609 5549 1651 5608 2⁷
