3984 6034
141 257 195 311 593
764 259 947 317 stilles·
956 262 1022 318 tiu.
1041 261 1089 330 ΙΙΙ,
1111 261 1202 321 vtslo
1222 261 1271 321 ΙΙΙ.
1840 265 1891 321 tol

137 390 314 450 venientium
345 391 568 465 indisciplinatas
601 391 734 460 lascivius,
766 393 875 451 seilicet
905 395 983 469 qued
1000 395 1201 453 dsulreticue.
1226 394 1309 462 Quod
1332 397 1429 452 eumin
1450 393 1654 452 dissimilitudo
1674 399 1718 452 est
1738 395 1780 452 eis
1806 410 1812 451 :
1836 397 1892 453 boc

141 481 216 537 Deus
231 495 294 537 nou
307 481 469 538 habebatur
488 481 520 536 iu
539 482 735 548 veneratione,
750 483 992 556 inspiciendoque
1045 485 1184 557 estquod
1208 485 1251 539 vis
1273 499 1374 540 aarum
1398 482 1523 538 vicissim
1546 487 1589 539 est
1611 483 1642 539 iu
1666 485 1741 540 dono
1770 485 1891 557 Spiritus

139 569 219 641 quod
239 570 286 626 lex
302 569 354 626 Ilei
374 570 463 641 digne
479 585 538 624 nou
566 569 726 626 habebatur
742 570 773 625 iu
798 573 908 643 populo
928 572 989 634 illo,
1045 573 1145 642 suncti,
1170 589 1235 628 cum
1262 572 1352 628 virtus
1380 572 1442 627 buc
1470 571 1557 627 babet
1585 571 1639 627 hoc
1668 573 1892 628 instrumentum

137 658 221 731 quusi
248 657 279 714 in
307 657 454 730 aquilone.
483 657 579 713 Tertia
601 675 670 713 vero
689 657 782 714 tendit
805 657 841 714 ed
875 665 990 730 septen·
1044 661 1159 730 animle,
1184 667 1213 717 et
1235 660 1325 716 virtus
1348 660 1404 716 aliu
1423 660 1511 728 eliud,
1535 675 1626 716 nnnrn
1651 665 1748 716 tamem
1765 659 1891 717 studium

137 747 281 814 trionem
299 746 369 820 quie
388 745 544 802 fortissime
566 745 617 801 ille
633 747 791 818 prosternit
813 748 990 819 superlluam
1044 749 1198 806 existentes
1225 749 1256 804 iu
1285 749 1344 805 Deo
1376 765 1383 804 ι
1413 748 1453 804 ite
1480 747 1557 820 quod
1588 749 1710 804 cmlestis
1736 751 1891 817 Jerusalem

136 835 369 902 fornicationem,
393 834 578 906 despiciendo
596 851 671 900 eem,
695 840 725 891 et
745 836 869 907 seipsam
889 837 926 891 ab
940 837 991 892 illu
1043 837 1167 910 perlecta
1181 843 1366 894 construetur
1382 853 1448 893 eum
1471 837 1529 904 eis,
1553 836 1620 908 quie
1641 836 1711 908 ipsae
1733 843 1801 893 silut
1820 853 1893 909 opus

137 922 316 996 protegendo
335 923 421 994 legati
443 922 634 978 institutione
650 924 758 993 Quarta
776 928 873 979 entem
893 925 990 996 imago
1044 925 1122 997 quod
1145 924 1277 982 homines
1295 929 1452 996 operentur
1468 939 1475 979 :
1491 938 1543 996 per
1562 924 1638 996 quod
1656 925 1689 980 ad
1718 925 1808 980 ileum
1830 939 1893 996 per·

136 1012 260 1068 vertitur
288 1011 325 1068 ed
352 1013 517 1068 columnam
545 1011 626 1067 verbi
652 1011 715 1080 oei,
738 1013 769 1068 in
790 1013 873 1084 cujus
895 1014 990 1070 radice
1044 1015 1175 1070 veniunt.

136 1100 284 1157 Abraham
308 1099 472 1172 patriarcha
499 1099 622 1168 residel3
651 1100 792 1172 qnoniam
818 1100 881 1173 ipse
908 1119 990 1157 versa
1079 1104 1158 1159 Unde
1177 1104 1239 1159 brec
1260 1101 1354 1176 prime
1376 1101 1472 1174 imago
1500 1101 1633 1174 designat
1653 1101 1796 1158 coelestem
1814 1119 1892 1158 nmo-

136 1190 193 1246 iuit
205 1189 358 1246 adhaerens
371 1187 403 1244 iu
422 1188 621 1245 incarnatione
637 1189 702 1246 Filii
723 1190 786 1260 liei,
809 1206 898 1262 quem
912 1193 990 1247 velut
1042 1206 1115 1259 rem,
1131 1191 1200 1258 onie
1224 1193 1285 1266 ipse
1302 1207 1364 1264 pree
1388 1189 1477 1247 enimi
1502 1207 1571 1246 cure
1585 1191 1678 1246 inesse
1694 1191 1779 1246 debet
1801 1191 1891 1246 homi-

136 1277 168 1334 in
195 1277 384 1334 fundamento
411 1275 556 1334 Abrabam
587 1277 691 1349 tetigit,
719 1294 786 1333 curn
818 1277 989 1351 prmsignili·
1042 1279 1143 1346 uibus;
1167 1283 1281 1352 gestans
1303 1279 1335 1335 iu
1357 1279 1449 1351 cupite
1473 1296 1525 1334 suo
1548 1277 1743 1351 pontificalem
1758 1279 1892 1346 ininlnm,

137 1366 259 1422 catione'
289 1365 370 1421 mirae
407 1366 622 1437 profunditatis,
654 1366 744 1423 ariete
777 1367 923 1438 pendente
958 1368 988 1423 in
1042 1367 1148 1439 sparsis
1167 1369 1278 1439 capillis
1299 1374 1327 1424 et
1350 1368 1432 1436 albis,
1454 1369 1522 1439 quin
1542 1369 1624 1422 ratde
1647 1371 1843 1423 coronatuest
1862 1368 1893 1423 in

138 1454 239 1525 spinis.
263 1452 372 1520 Quinte
394 1469 462 1508 sero
482 1452 601 1526 respicit
617 1454 654 1509 ed
675 1454 779 1510 turrim
794 1455 938 1519 Ecclesium
960 1461 989 1511 et
1034 1471 1156 1512 'summo
1171 1455 1316 1512 secerdote
1329 1457 1395 1512 lesu
1416 1457 1539 1520 Cliristo,
1556 1461 1585 1510 et
1600 1456 1631 1510 in
1653 1455 1773 1511 summis
1796 1473 1893 1510 saeer-

138 1545 175 1600 ed
196 1543 261 1599 illos
283 1542 417 1598 homines
445 1542 544 1614 quiin
565 1543 629 1615 ipsc
648 1543 770 1599 aedilicio
793 1543 851 1599 huc
871 1549 901 1600 et
920 1544 990 1600 illuc
1041 1543 1156 1600 dotibus
1178 1545 1286 1599 Veteris
1314 1545 1497 1612 Testamenti,
1524 1549 1553 1600 et
1575 1544 1603 1598 in
1634 1544 1690 1599 illis
1717 1546 1767 1616 qni
1799 1545 1892 1599 eidem

138 1632 321 1698 discurruut;
347 1630 415 1703 qnia
430 1630 481 1686 ille
502 1631 595 1686 crexit
615 1647 645 1686 se
668 1631 820 1688 victoriose
840 1633 989 1690 destruere
1043 1631 1107 1687 l'ilii
1130 1631 1181 1687 Dei
1204 1631 1361 1688 dixerunt:
1391 1631 1505 1687 Utinam
1527 1632 1722 1703 disrumperes
1747 1633 1837 1688 coelos
1865 1639 1893 1686 et

137 1735 255 1776 omnem
277 1717 449 1789 injustitiam
474 1733 540 1791 quse
565 1723 630 1774 orte
653 1723 698 1774 est
718 1719 750 1775 in
770 1719 872 1788 Adam,
899 1720 989 1792 respi-
1009 1693 1249 1786 Bdescenderes;
1271 1725 1348 1776 stans
1371 1719 1522 1776 denudatis
1545 1721 1656 1792 capillis
1680 1721 1742 1776 sine
1758 1719 1892 1775 mutiensi

137 1809 215 1864 ciem
228 1806 265 1864 ed
291 1806 492 1863 fortitudinem
515 1807 664 1864 catholice
683 1808 825 1876 Ecclesiae,
848 1813 880 1865 ut
900 1808 988 1866 viclo·
1043 1806 1186 1863 velamine
1204 1809 1305 1879 capitis
1330 1809 1361 1864 in
1385 1809 1518 1864 albedine
1546 1809 1773 1881 apparentibus:
1798 1809 1890 1880 proeli·
1945 1829 1952 1839 ·

136 1897 215 1952 rinse
228 1901 259 1951 et
280 1894 343 1950 siue
357 1893 572 1950 intermissione
592 1900 706 1968 pugnet
726 1901 828 1952 contre
846 1896 915 1952 vitis
928 1898 988 1952 dia·
1042 1912 1149 1968 gerens
1163 1897 1194 1953 iu
1207 1897 1249 1951 eis
1262 1897 1340 1970 qnod
1354 1897 1529 1953 sacerdotale
1541 1897 1668 1952 clllcium
1683 1897 1891 1952 denudandum

136 1983 207 2052 boli,
234 1988 264 2040 et
292 1983 327 2040 ed
355 1983 491 2040 homines
522 1983 628 2056 quiin
655 2001 691 2041 ee
713 1985 825 2042 diverse
852 1986 988 2043 verteme
1043 1989 1117 2041 esset
1136 1986 1281 2058 conjugali
1299 1985 1394 2042 cilicio
1419 1985 1450 2041 in
1472 1987 1593 2042 adventu
1619 1987 1683 2042 lilii
1707 1986 1774 2053 mei,
1801 1984 1892 2057 ipsius

137 2089 254 2130 morum
273 2072 447 2141 discurrunt,
468 2074 623 2130 osteudens
646 2073 689 2130 eis
708 2074 741 2131 in
761 2074 988 2147 pertimescendo
1042 2075 1093 2147 qui
1116 2075 1273 2130 imitandus
1295 2079 1338 2130 est
1363 2091 1379 2129 a
1404 2075 1598 2131 sacerdotibus
1624 2075 1684 2130 suis
1713 2075 1890 2130 incestitatis

137 2163 199 2218 zelo
217 2163 268 2218 liei
281 2167 390 2217 utores
401 2159 523 2232 justitie
535 2177 597 2218 esse
607 2168 800 2233 perseverent.
1042 2168 1160 2235 propter
1182 2163 1383 2230 salvationem
1404 2163 1473 2235 quie
1493 2163 1546 2236 ipsi
1567 2163 1771 2234 perfectissimo
1784 2163 1890 2218 coelesti

173 2251 256 2318 Quod
279 2255 377 2307 eutem
394 2249 556 2306 similitudo
572 2265 631 2306 una
652 2251 749 2306 estin
773 2249 816 2307 eis
839 2267 847 2306 z
869 2251 924 2306 hcc
945 2257 990 2308 est
1042 2267 1141 2309 umore
1160 2253 1201 2308 sic
1221 2267 1337 2325 semper
1362 2252 1509 2308 adlimrers
1528 2253 1635 2309 debent
1658 2270 1665 2307 :
1691 2257 1723 2308 ut
1747 2253 1892 2308 excutiunt

138 2339 216 2412 quod
239 2338 302 2412 pari
324 2337 477 2395 deuotione
501 2339 593 2395 ileum
607 2340 709 2395 colunt
730 2339 762 2394 in
784 2339 921 2410 operibus
941 2340 989 2394 hu
1041 2357 1145 2411 pravos
1174 2357 1267 2396 mores
1298 2341 1460 2408 homiuum,
1491 2359 1506 2396 a
1542 2343 1715 2414 contagione
1749 2341 1857 2413 percuti
1883 2359 1888 2394 :

138 2430 271 2496 miuum3
293 2443 362 2484 nem
383 2426 505 2498 singulte
533 2443 633 2484 cerum
657 2429 767 2484 vestitu
796 2433 864 2483 suut
884 2429 989 2484 solum-
1042 2430 1119 2485 clera
1141 2435 1170 2484 ct
1197 2429 1398 2502 candidapers
1418 2429 1571 2485 existentes
1594 2430 1624 2484 iu
1649 2429 1792 2501 spirituali
1815 2429 1889 2484 douo

138 2516 226 2572 modo
253 2515 336 2589 quiesi
358 2515 481 2588 singulis
508 2515 635 2573 vestibus
656 2515 796 2585 sericinis,
824 2516 892 2589 quie
913 2532 987 2571 una·
1042 2517 1104 2573 Dei.
1120 2518 1190 2584 Quae
1204 2517 1292 2573 etiem
1317 2519 1419 2573 indute
1445 2524 1488 2572 est
1503 2519 1585 2590 quusi
1610 2517 1701 2589 pallio
1726 2518 1800 2585 elbo,
1818 2518 1889 2572 inie-

138 2621 263 2679 quoeque
286 2607 454 2662 earumdem
476 2605 627 2673 virtutum,
650 2605 738 2661 habet
755 2605 787 2661 in
810 2622 841 2661 se
860 2605 988 2662 dulcedi·
1042 2603 1102 2660 rins
1127 2605 1158 2660 iu
1178 2603 1289 2660 duabus
1319 2605 1377 2660 oris
1405 2606 1496 2676 ipsine
1519 2621 1648 2676 purpura
1667 2611 1817 2674 context03
1836 2605 1890 2660 hoc

138 2711 207 2750 nem
236 2698 266 2750 et
289 2694 459 2751 suavitatem
480 2693 587 2766 quibus
614 2693 779 2749 nullatenus
797 2697 919 2764 gravent
934 2709 989 2749 uec
1042 2698 1086 2748 est
1111 2693 1275 2765 quodsum
1299 2693 1484 2749 circumdedit
1512 2694 1607 2766 gretie
1635 2693 1686 2749 Dei
1706 2694 1736 2748 in
1758 2693 1890 2748 albedine

28 2769 36 2780 ’
138 2784 341 2855 coustringunt
368 2783 521 2852 homiues;
543 2783 593 2839 sed
617 2788 649 2838 ut
674 2782 801 2838 suaviter
827 2783 987 2838 balsamum
1041 2781 1181 2850 lenitatis,
1200 2781 1322 2838 subnixa
1341 2787 1484 2837 etornele
1504 2784 1534 2837 in
1550 2783 1657 2838 linibus
1679 2782 1890 2853 protectionum

138 2871 224 2928 sudet
237 2871 274 2926 de
291 2871 395 2927 frutim
415 2886 490 2926 suo:
513 2870 554 2926 sic
573 2869 699 2926 molliter
713 2875 873 2941 operantur
894 2870 989 2927 dulce·
1042 2885 1160 2926 sumtum
1187 2886 1252 2926 cum
1280 2871 1392 2926 decoris
1420 2872 1597 2926 ornamentis
1632 2869 1794 2937 charitutis;
1822 2871 1889 2942 quin

139 2959 238 3016 dinem
263 2959 387 3016 caelestis
411 2958 496 3031 regni
528 2959 560 3014 in
593 2959 728 3015 humanis
753 2957 899 3015 mentibus
925 2958 987 3014 sine
1006 2959 1259 3031 ccomprehensio
1284 2959 1389 3016 divium
1412 2959 1511 3031 gratiss
1537 2960 1629 3015 inesse
1653 2959 1737 3015 debet
1765 2959 1889 3013 termino

138 3049 224 3105 sorde
243 3052 272 3106 et
296 3047 578 3120 duritieiujuslities.
598 3049 711 3104 Etennt
734 3049 866 3105 calceatae
883 3048 988 3104 calcee-
1042 3047 1270 3120 uuiuscujusque
1298 3047 1367 3104 boni
1400 3050 1506 3122 operis,
1539 3054 1672 3104 constans
1713 3049 1743 3103 in
1779 3048 1889 3104 duabus

138 3138 245 3194 mentis
268 3136 350 3207 elbis,
378 3136 516 3211 quonism
543 3141 620 3194 recte
655 3141 819 3210 sequuntur
845 3137 988 3208 justitium
1043 3137 1172 3209 partibus
1196 3136 1329 3193 videlicet
1350 3137 1382 3192 iu
1404 3137 1508 3192 virtute
1532 3136 1694 3192 dilectionis
1720 3137 1768 3191 llei
1791 3141 1820 3191 et
1838 3136 1888 3190 lio-

139 3243 234 3282 meum
262 3226 294 3282 iu
313 3225 448 3282 albedine
475 3225 597 3281 coelestis
619 3225 714 3296 regni,
730 3226 905 3282 transeundo
919 3225 987 3282 snb·
1043 3225 1138 3280 minis.
1154 3225 1236 3289 Quod
1250 3241 1318 3282 vero
1334 3226 1362 3280 iu
1389 3225 1505 3280 dextere
1526 3241 1577 3281 sua
1592 3226 1678 3281 hebel
1701 3225 1763 3280 lille
1777 3231 1805 3280 ct
1819 3225 1889 3280 elius

137 3315 292 3389 jectionem
311 3314 431 3384 diaboli,
453 3319 482 3369 et
503 3314 622 3371 omniuo
646 3315 845 3370 conculcantes
866 3314 988 3386 vestigia
1043 3313 1137 3382 liures,
1164 3315 1220 3370 huc
1237 3320 1281 3370 est
1303 3315 1382 3386 quod
1404 3313 1434 3369 in
1456 3314 1532 3370 bono
1553 3331 1640 3386 opere
1662 3315 1748 3369 heliel
1768 3314 1889 3369 candidu

140 3403 247 3477 ejusin
267 3402 511 3460 bominibus.Sed
526 3403 629 3473 quinta
647 3401 738 3458 virtus
760 3403 887 3459 exomni
907 3411 987 3475 perlc
1042 3402 1160 3475 praemis
1182 3402 1310 3459 liliorum
1325 3409 1441 3458 uternis
1465 3402 1530 3458 viles
1552 3409 1580 3458 et
1602 3403 1760 3458 claritatem
1789 3402 1888 3458 interni

140 3498 251 3550 amate
272 3492 399 3560 videtum
424 3492 494 3564 quia
519 3491 581 3563 ipse
601 3491 742 3562 prospicit
760 3491 797 3547 ed
822 3491 985 3555 Ecclesiam,
1044 3491 1171 3560 luminis,
1196 3497 1224 3547 et
1248 3491 1318 3547 elios
1342 3491 1500 3546 sanctitatis
1521 3492 1652 3547 lloscnlos
1672 3491 1722 3562 qni
1753 3497 1821 3546 suut
1843 3507 1888 3546 so-

139 3583 172 3638 in
195 3598 253 3654 qua
274 3580 439 3638 fortissimus
462 3597 568 3654 pugnus
591 3579 729 3635 adversus
752 3579 893 3636 diabolice
919 3579 989 3636 sitin
1043 3581 1122 3636 deles
1149 3579 1203 3648 sui,
1228 3579 1278 3651 qni
1304 3595 1334 3634 sc
1367 3579 1408 3634 illi
1434 3580 1616 3651 conjungunt
1637 3580 1745 3635 coelesti
1779 3595 1887 3636 amore.

139 3669 340 3743 perficiuntur,
374 3669 530 3725 extendeus
560 3668 592 3725 iu
624 3684 659 3724 ee
695 3668 802 3740 ubique
838 3668 987 3725 victoriam
1042 3669 1097 3725 Sed
1123 3668 1202 3740 quod
1227 3667 1258 3723 in
1282 3666 1399 3724 sinistre
1420 3683 1472 3723 sue
1496 3671 1590 3740 gestat
1613 3669 1751 3739 pulsuum,
1771 3669 1826 3724 hoc
1847 3675 1890 3724 est

140 3773 233 3826 suem,
259 3774 326 3814 cum
353 3757 559 3830 pretiosissime
585 3761 731 3813 armatura
759 3773 825 3829 quse
854 3761 898 3813 ast
918 3757 989 3812 invi·
1043 3757 1120 3830 quud
1144 3757 1206 3828 ipsa
1242 3756 1274 3812 iu
1301 3757 1499 3812 recordatione
1524 3756 1623 3811 mortis
1651 3756 1737 3814 babet
1763 3757 1889 3828 palmam

139 3847 267 3904 ctissime
291 3846 431 3920 fortitudo
459 3846 518 3911 nei,
541 3863 606 3918 qum
636 3845 866 3918 pertranseundo
885 3845 989 3901 occidit
1043 3845 1245 3902 escendentem
1263 3843 1298 3900 de
1319 3845 1430 3900 occulto
1457 3845 1548 3902 beatae
1577 3845 1703 3914 virtutis,
1731 3859 1797 3900 cum
1833 3861 1889 3916 qua

139 3952 256 3994 omnem
282 3935 455 4006 injustitiam
469 3935 498 3991 in
517 3935 684 3992 contusione
706 3935 855 4015 diabolicus
869 3934 986 3990 fraudis.
1043 3937 1165 3990 murum
1201 3931 1283 4006 quasi
1314 3933 1491 3989 torrentibus
1528 3931 1673 4004 lapidibus
1710 3931 1817 3999 obruit,
1858 3939 1890 3988 nt

140 4026 224 4094 Quod
243 4041 312 4081 vero
333 4024 459 4081 secunde
481 4028 510 4081 et
534 4025 619 4081 tertie
634 4029 703 4080 suut
723 4023 802 4080 nudo
823 4023 915 4095 capite
930 4023 987 4079 dis·
1042 4023 1130 4079 etiem
1152 4022 1277 4079 dederat
1290 4021 1322 4077 iu
1343 4019 1437 4077 verbis
1460 4021 1520 4077 suis
1536 4022 1572 4077 ed
1586 4021 1662 4077 lilios
1682 4021 1741 4089 liei,
1758 4026 1790 4077 ut
1804 4037 1890 4094 supru

141 4115 235 4171 solute
246 4119 374 4170 comest
394 4113 483 4168 albe:
510 4113 565 4168 boc
585 4118 629 4168 est
650 4113 728 4185 quod
741 4112 855 4169 nullum
875 4111 987 4184 suppli·
1043 4111 1218 4168 dictumest.

141 4203 219 4260 cium
245 4201 363 4272 laboris,
393 4217 446 4258 nec
472 4216 546 4256 uuus
573 4199 737 4257 divitiarum
771 4206 822 4257 eut
853 4199 989 4272 concupi·
1079 4201 1209 4255 Secunde
1227 4203 1334 4267 aulem,
1351 4198 1506 4272 pretendit
1530 4198 1726 4269 disciplinam
1750 4199 1888 4272 quoniam

141 4290 259 4348 scentiae
274 4290 329 4346 sibi
347 4290 500 4362 imponunt
523 4305 577 4362 pro
599 4304 697 4345 eruore
723 4303 808 4360 meo3
836 4289 886 4346 sed
908 4288 988 4344 nudo
1008 4275 1110 4360 Dpost
1124 4289 1272 4344 ardentem
1294 4288 1417 4344 coelestis
1431 4287 1498 4342 vitm
1517 4303 1644 4343 amorem
1660 4288 1753 4344 oritur
1766 4289 1891 4344 constri-

142 4379 247 4451 cepite,
262 4379 291 4436 id
308 4384 352 4435 est
373 4383 475 4452 aperte
486 4376 661 4435 conscientie
674 4394 736 4447 sue,
762 4378 898 4450 aperiunt
919 4375 990 4433 mihi
1045 4376 1102 4432 ctio
1136 4377 1294 4432 carnalium
1335 4375 1630 4447 concupiscentiarum
1672 4378 1702 4432 in
1741 4377 1891 4449 discipline

143 4484 228 4526 omne
254 4468 397 4524 occultum
411 4483 507 4534 suum,
536 4467 671 4524 ardentes
705 4481 820 4540 semper
853 4467 885 4522 iu
918 4466 988 4522 dile·
1045 4481 1158 4538 magnes
1181 4464 1372 4522 contritionis.
1392 4467 1462 4533 Quoe
1483 4464 1584 4521 induta
1606 4471 1651 4521 est
1672 4481 1817 4536 purpurea
1844 4471 1890 4522 tu-

141 4557 239 4614 ctione
261 4572 339 4627 mee,
353 4573 420 4614 cum
441 4572 557 4613 omnem
581 4555 778 4612 confusionem
797 4560 826 4612 et
845 4555 991 4612 lascivium
1045 4554 1126 4624 nicu3
1155 4553 1224 4627 qnia
1245 4553 1421 4610 circumdate
1444 4557 1488 4610 est
1512 4554 1575 4626 lege
1597 4569 1661 4610 mea
1683 4559 1712 4608 et
1734 4554 1891 4610 mortillca-

142 4645 382 4719 concupiscentise
418 4645 513 4702 cerrus
541 4663 558 4701 e
590 4661 622 4701 se
649 4644 802 4717 abjiciunt;
831 4644 884 4700 hoc
918 4644 991 4700 inci·
1045 4643 1124 4699 tione
1139 4644 1232 4698 carnis
1247 4643 1277 4700 in
1303 4643 1478 4712 huminibus,
1495 4643 1572 4715 qnod
1595 4646 1637 4698 est
1649 4643 1813 4712 exemplum
1828 4643 1889 4698 l'ilii

142 4736 255 4807 pientes
274 4734 306 4790 in
331 4734 405 4791 albis
423 4734 551 4790 crinibus
566 4734 643 4807 quod
669 4738 714 4790 est
734 4734 848 4790 claritas
873 4734 990 4804 mentis,
1045 4733 1103 4788 mei
1121 4731 1153 4788 iu
1175 4747 1320 4804 purpureo
1341 4731 1531 4788 indumento:
1553 4731 1677 4787 ntidem
1702 4729 1789 4786 Filius
1811 4749 1891 4787 meus

141 4825 219 4880 bone
242 4839 331 4896 opere
348 4822 548 4879 desiderantis.
578 4823 613 4878 Et
634 4827 732 4879 carent
754 4823 862 4878 amictu
882 4823 990 4895 pallio·
1046 4839 1078 4880 ex
1106 4823 1261 4895 purissima
1281 4822 1398 4894 Virgine
1426 4827 1511 4880 natus
1537 4828 1582 4879 est
1602 4823 1633 4878 iu
1659 4821 1891 4894 charitateque

141 4928 226 4981 rum;
253 4911 391 4984 quoniam
416 4927 484 4967 ase
507 4910 665 4984 projiciunt
685 4927 780 4967 mores
799 4925 990 4984 paganorum,
1045 4913 1213 4970 omnimodo
1236 4916 1353 4984 operata
1380 4915 1424 4967 esi
1450 4912 1480 4968 in
1508 4911 1580 4985 ipso.
1611 4913 1727 4969 Constat
1756 4912 1834 4967 enim
1861 4917 1892 4966 ut

141 5018 210 5057 cnm
229 4999 412 5073 impudicitia
434 5005 464 5056 et
485 5000 622 5072 spurcitia
636 5000 745 5056 diaboli
770 5006 879 5057 etcum
893 5000 991 5056 omui·
1046 5003 1211 5059 adolescens
1225 5001 1276 5076 qui
1290 5001 1420 5057 nondum
1435 5007 1478 5056 est
1492 5003 1527 5057 ud
1544 5003 1662 5074 plenum
1678 5000 1768 5056 virilis
1788 4999 1891 5066 uelutis,

144 5094 197 5148 bus
210 5091 288 5147 curis
308 5089 508 5157 secularibus3
523 5090 593 5163 quie
615 5089 761 5163 sapienta
781 5089 867 5161 nujus
879 5090 989 5155 mundi.
1047 5093 1095 5148 sed
1122 5097 1218 5148 temen
1244 5105 1357 5162 magnae
1380 5089 1542 5161 gravitatis,
1570 5091 1708 5160 quoniam
1743 5089 1892 5161 disciplina

140 5178 270 5236 stultitia
292 5178 431 5251 eetupud
444 5181 535 5235 Deum
561 5179 671 5250 (chr.
700 5182 738 5249 3).
764 5177 861 5234 Prima
874 5193 991 5251 quoque
1047 5195 1161 5252 semper
1181 5186 1225 5236 est
1248 5179 1279 5236 in
1300 5178 1403 5252 puerili
1431 5179 1546 5245 timore,
1572 5183 1604 5234 ut
1626 5195 1699 5252 puer
1721 5185 1764 5235 est
1783 5179 1892 5233 incorv-

142 5267 272 5325 etterlie
293 5285 327 5323 ec
349 5271 454 5339 quarta
467 5267 576 5323 indutm
598 5270 666 5323 sunt
680 5266 785 5323 tunicis
810 5265 897 5337 elbis3
913 5268 991 5338 quod
1046 5268 1193 5325 strictione
1218 5269 1322 5326 timens
1348 5268 1517 5340 magistrum
1546 5283 1629 5322 suum
1663 5269 1716 5324 sub
1742 5269 1892 5340 magistras

142 5362 187 5414 est
204 5355 397 5430 apprehensio
417 5355 590 5413 innocentie
617 5355 830 5429 praefigurantis
859 5355 991 5412 incarne·
1047 5358 1133 5414 tione.
1164 5359 1245 5415 Unde
1265 5369 1294 5414 et
1318 5373 1371 5430 ego
1400 5356 1594 5428 omnipotens,
1617 5371 1731 5427 semper
1758 5358 1893 5429 magister

142 5447 252 5504 tionem
280 5443 344 5501 lilii
372 5445 423 5502 Dei
446 5444 505 5501 mei
522 5461 589 5502 cum
613 5444 752 5502 suavitate
768 5444 917 5515 castitatis,
940 5445 992 5517 qui
1047 5461 1111 5502 snm
1136 5447 1305 5518 disciplinas,
1327 5447 1396 5519 quie
1421 5445 1483 5518 ipse
1507 5461 1576 5516 erge
1594 5461 1641 5500 me
1665 5447 1707 5499 est
1729 5447 1811 5516 quusi
1834 5463 1893 5500 riou

143 5534 232 5590 morti
265 5532 406 5589 subtraxit
437 5533 599 5599 bominem,
627 5533 752 5590 induens
783 5549 850 5590 eum
874 5533 933 5588 vite
960 5535 991 5590 in
1030 5533 1156 5607 ,virilis3
1180 5535 1319 5605 quonism
1345 5551 1402 5590 non
1429 5535 1489 5588 vult
1519 5549 1580 5588 essu
1608 5538 1710 5590 nutans
1740 5533 1767 5583 ln
1800 5534 1892 5584 rolli,
