3984 6034
41 217 75 270 ar
160 187 163 196 '
878 213 977 270 acra.
1769 206 1806 264 aa

41 347 177 418 iringere
206 362 265 402 non
292 351 395 418 potes:
425 349 455 400 et
479 361 544 417 quaa
576 343 606 400 iu
636 348 717 399 tauta
744 343 897 416 asperitate
917 341 1097 413 Aponcodo.
1114 340 1281 412 Respondet
1307 339 1336 396 S.
1365 340 1546 413 llildegardis
1559 339 1699 396 breviter:
1717 363 1732 393 a
1749 341 1803 398 Ubi

40 441 125 501 sunt,
148 435 226 506 quod
250 439 278 490 te
301 432 496 502 vulnerarent,
522 433 546 488 si
569 449 603 488 ea
624 437 767 503 tangeres,
787 437 816 486 et
834 447 899 504 quae
956 432 1033 487 vides
1048 431 1152 498 lutum,
1168 429 1240 485 illud
1260 430 1356 499 ablue,
1385 435 1414 484 et
1437 430 1514 502 quod
1538 430 1653 486 aridum
1682 435 1734 500 est,
1759 431 1803 487 lac

39 523 309 580 intantamollitie
338 527 413 588 svrnt,
442 523 519 595 quod
544 538 578 578 ea
600 526 774 590 contereres,
799 520 823 576 si
851 521 901 576 ills
955 534 1086 591 saporem
1102 518 1217 574 habere.
1235 539 1250 569 »
1275 517 1383 574 Deinde
1398 522 1498 574 monet
1513 535 1549 574 ue
1564 523 1672 574 temere
1688 520 1723 575 de
1738 519 1801 574 aliis

39 614 107 667 dire
126 617 158 667 et
183 629 283 684 espere
310 620 428 684 tangere
441 611 539 666 velles.
557 610 668 666 Duritia
684 626 819 682 namque,
835 626 901 682 qum
952 607 1072 680 judicet.
1091 608 1131 662 lte
1155 606 1284 662 solitaria
1309 606 1367 662 vita
1381 605 1421 662 sic
1435 605 1527 678 ipsam
1542 606 1677 664 instruit:
1696 606 1804 673 ‹Quo-

40 719 58 756 a
83 701 155 756 Sole
165 703 287 772 justitiae
311 701 491 771 claudicavit,
511 699 662 755 Ecclesiam
686 715 765 754 nnnc
778 700 902 754 circum·
955 697 1033 752 niam
1048 697 1081 752 iu
1106 694 1232 752 solitaria
1254 695 1323 764 vite,
1337 711 1426 767 qnam
1449 694 1574 767 requirit
1599 697 1804 753 sonusvsrbo·

42 792 141 860 dedit,
163 806 251 863 quam
275 794 308 845 tu
331 789 484 862 perforare
505 806 563 846 non
594 788 741 860 prevales.
767 787 847 843 Unde
870 788 901 844 in
954 801 1021 841 rum
1045 789 1174 853 tuorum,
1192 799 1252 839 non
1278 783 1388 839 valeres
1402 783 1549 856 quiescere
1562 784 1804 856 proptervicissi-

40 880 136 936 corde
151 884 203 935 tuo
218 878 256 935 ad
271 881 361 936 benna
381 879 444 934 dic:
465 878 625 942 «Domine,
640 877 692 950 qui
704 877 801 934 omnia
815 877 900 944 nosti,
955 874 1086 930 tudinem
1105 873 1282 929 diversorum
1311 889 1444 928 morum:
1467 871 1537 944 quia
1553 876 1623 928 tunc
1649 872 1805 929 novissima

43 971 74 1024 'u
92 969 247 1040 magistris
261 969 332 1024 meis
347 967 399 1023 tibi
423 967 540 1024 obedire
554 969 629 1035 volo,
645 966 782 1039 quamdiu
797 965 901 1020 Catho-
953 968 1006 1019 tna
1014 964 1106 1018 multo
1117 963 1218 1034 pejora
1236 961 1349 1030 tierent,
1365 977 1453 1034 quam
1468 962 1575 1034 prima,
1590 964 1620 1018 et
1632 961 1719 1017 etiam
1744 967 1803 1017 tam

45 1053 112 1108 tiore
128 1053 198 1108 fidei
215 1068 261 1109 me
275 1053 407 1108 resistere
422 1068 480 1107 non
495 1056 612 1124 cogunt.
628 1073 639 1102 ι
662 1051 727 1107 Haec
754 1056 901 1122 uteunque
956 1052 1066 1125 grevia,
1082 1057 1114 1107 ut
1121 1052 1235 1123 jactura
1246 1050 1351 1123 lepidis
1365 1055 1417 1106 est.
1433 1072 1448 1101 s»

45 1147 247 1213 exponuntur.
276 1141 387 1198 Duritia
415 1145 477 1196 erat
504 1139 614 1211 inipso
639 1139 800 1202 schismate,
817 1153 900 1209 aspe·
991 1143 1035 1197 85.
1063 1140 1211 1196 abbatissa
1242 1139 1398 1212 superioris
1422 1139 1589 1195 monasterii
1617 1138 1805 1210 Ratisponeu·

46 1231 120 1284 ritas
135 1229 168 1284 in
183 1229 361 1302 principibus
380 1229 576 1296 saecularibus,
598 1228 733 1284 mollities
745 1227 776 1282 in
789 1226 899 1299 episco·
956 1230 994 1286 sis
1018 1230 1054 1286 ad
1080 1230 1108 1286 S.
1133 1230 1333 1302 llildegerdem
1348 1228 1476 1284 scribens
1491 1229 1548 1301 (ep.
1566 1228 1639 1300 sta),
1654 1251 1669 1279 a
1682 1229 1719 1285 de
1736 1229 1806 1284 dua·

45 1318 114 1388 pin
131 1334 166 1380 sc
182 1318 208 1373 si
228 1318 388 1374 diceretur:
411 1317 515 1374 [turim
537 1323 580 1374 est
598 1317 731 1383 schisma,
755 1331 844 1388 quum
870 1319 902 1370 ut
954 1319 1009 1374 bns
1021 1317 1300 1391 inquisitionibus»
1327 1332 1499 1389 responsum
1518 1316 1602 1388 petit,
1623 1337 1637 1366 ιι
1660 1316 1685 1372 si
1699 1316 1805 1374 rideli-

45 1407 142 1478 possis
162 1407 232 1463 illud
258 1408 381 1462 tollere:
402 1428 417 1458 e
443 1413 473 1461 et
499 1407 643 1478 principes
666 1404 902 1461 sacvsliintenta
955 1410 1010 1472 cet,
1032 1406 1137 1477 inquit,
1164 1406 1200 1460 de
1227 1422 1269 1474 re,
1298 1422 1351 1477 pro
1378 1421 1435 1477 qua
1454 1405 1516 1477 jam
1527 1403 1805 1476 merimeeilligitur

46 1495 207 1566 asperitate
222 1500 299 1564 erint,
327 1495 404 1568 quod
431 1501 460 1550 te
479 1511 539 1549 non
568 1493 710 1560 audirent,
727 1493 751 1547 si
766 1493 807 1548 eis
822 1493 901 1546 dice·
955 1511 1121 1561 cormeum,
1138 1495 1255 1567 aliquod
1269 1495 1433 1566 periculum
1456 1494 1630 1562 timendum,
1645 1495 1691 1550 vel
1706 1494 1742 1550 de
1754 1493 1805 1549 Dei

46 1599 102 1646 res,
122 1583 202 1653 qued
217 1582 247 1636 iu
258 1582 434 1638 scientiales
441 1582 550 1651 justum
566 1581 664 1646 habes,
677 1601 692 1632 s
708 1585 739 1635 ut
753 1579 899 1652 sequitur:
956 1584 1153 1639 misericordia
1181 1584 1416 1654 presumendum
1440 1583 1487 1638 sit.
1510 1602 1525 1636 s
1543 1585 1600 1639 lloc
1617 1584 1648 1638 in
1670 1583 1726 1639 alia
1740 1582 1805 1655 epi·

47 1671 181 1742 episcopi
197 1687 263 1726 vero
286 1677 421 1726 stentem
442 1671 594 1726 mollitiem
620 1685 696 1726 nunc
712 1673 866 1736 sectantur,
887 1689 897 1716 ι
920 1673 1030 1728 Bstola
1044 1671 1208 1744 expositum
1234 1672 1336 1728 luerat.
1353 1673 1482 1727 Alterum
1507 1675 1551 1727 est
1574 1670 1609 1725 ds
1633 1671 1728 1726 officio
1753 1671 1803 1726 ab·

46 1767 78 1815 nt
102 1761 235 1816 nescires
272 1760 340 1832 quid
369 1775 434 1815 cum
463 1758 520 1815 illis
545 1774 654 1830 ageres.
683 1757 778 1812 llonet
804 1761 901 1812 tamen
955 1761 1069 1817 batissoe
1092 1760 1273 1832 deponendo.
1302 1759 1344 1815 Ad
1372 1759 1427 1816 hoc
1442 1760 1483 1814 ita
1495 1759 1523 1815 S.
1554 1747 1733 1831 hildegardis
1756 1775 1804 1814 re-

47 1849 155 1904 Sancta
180 1848 324 1915 abbatem,
338 1853 372 1903 ut
392 1847 495 1904 Christi
519 1847 651 1918 exemplo
666 1845 820 1918 discipulos
834 1860 901 1900 snos
955 1851 1094 1923 spondet:
1107 1872 1121 1900 «
1137 1851 1218 1905 Nuus
1240 1854 1350 1919 autem,
1364 1847 1529 1904 dulcissima
1542 1847 1611 1915 fitia,
1627 1863 1727 1902 euram
1749 1846 1804 1903 tihi

46 1942 160 2002 teneat,
177 1937 303 2009 reliquos
324 1939 380 1992 heo
397 1935 532 1992 dimittet.
955 1939 1094 1994 creditam
1109 1938 1140 1992 in
1151 1937 1201 1992 tali
1213 1937 1332 1992 veritate
1351 1937 1481 2010 provide,
1498 1953 1535 1990 ue
1549 1940 1667 2007 propter
1684 1934 1804 1992 taedium

83 2029 130 2081 83.
147 2025 396 2091 Quemadmodum
419 2024 536 2080 abbates
552 2024 645 2093 multi,
662 2022 701 2079 sic
729 2039 787 2079 non
803 2039 902 2094 peuce
956 2027 1148 2083 autlaborem
1164 2042 1227 2082 eam
1256 2025 1512 2082 dimitterentur
1537 2025 1721 2081 hortaturad
1747 2031 1805 2080 stu-

45 2115 205 2169 abbatissae
229 2114 257 2171 S.
284 2114 486 2185 hildegardem
505 2114 720 2168 cousuluerunt.
752 2112 902 2168 Abbatisse
956 2115 1037 2171 dium
1052 2115 1197 2170 honorum
1213 2130 1345 2186 operum.
1363 2114 1489 2170 Primam
1517 2129 1584 2170 vero
1599 2113 1801 2186 quaestionem,

45 2203 76 2258 in
92 2202 232 2258 altuvich
247 2202 414 2274 (trithemio
429 2201 460 2256 in
478 2201 616 2270 Attwiclr,
632 2200 900 2273 trajectensisdioe-
955 2220 1022 2277 quae
1034 2205 1131 2260 lorsan
1153 2208 1217 2258 eret
1234 2205 1270 2260 de
1297 2202 1561 2276 predestinatione,
1589 2202 1724 2276 previbus
1743 2219 1804 2258 ver-

48 2293 132 2358 cesis)
161 2291 197 2346 ad
218 2291 350 2346 Sanctum
370 2291 431 2347 hoec
456 2290 556 2346 scribit
582 2290 639 2362 (ep.
665 2289 744 2360 t⁰0):
769 2311 783 2340 e
800 2288 901 2344 Domi·
954 2294 1000 2349 bis
1015 2292 1210 2365 reprehendit,

48 2395 103 2434 nus
119 2384 254 2434 noster...
282 2379 434 2450 inspiravit
455 2379 537 2434 cordi
558 2395 634 2446 meo,
650 2383 683 2434 ut
697 2382 779 2450 puto,
802 2382 901 2450 quate-
989 2384 1036 2439 88.
1051 2381 1189 2437 Sacerdos
1212 2381 1340 2454 quidam,
1357 2381 1456 2437 volens
1485 2380 1623 2453 amplecti
1642 2380 1729 2436 vitam
1745 2395 1804 2436 mo·

50 2484 104 2522 nus
129 2484 207 2522 onvrs
230 2467 389 2540 regiminis,
417 2468 495 2540 quod
518 2467 644 2539 graviter
668 2471 751 2538 parto
780 2467 903 2523 derelin·
955 2471 1106 2538 nesticam,
1121 2469 1280 2542 dolensque
1294 2485 1379 2525 suum
1391 2469 1464 2525 illud
1482 2469 1663 2542 propositum
1682 2467 1802 2538 differri,

49 2573 151 2628 quarm
168 2562 197 2611 et
212 2573 257 2612 me
272 2556 421 2612 solitudini
435 2557 556 2627 alicujus
571 2557 680 2611 cellulae
694 2554 899 2610 includam...»
956 2560 1135 2617 adstructam
1164 2559 1285 2615 recurrit
1314 2560 1373 2631 (ep.
1397 2560 1470 2630 us).
1498 2557 1667 2615 Rescribens
1690 2557 1718 2613 S.
1742 2557 1802 2614 llil·

50 2647 115 2700 Post
141 2661 234 2716 pauca
264 2644 290 2702 S.
323 2645 504 2716 ltildegardis
519 2646 559 2700 ita
573 2644 746 2716 respondet:
763 2665 777 2694 a
795 2643 816 2698 0
832 2643 900 2708 lilia,
956 2647 1089 2718 dagardis
1102 2649 1234 2702 hortetur
1247 2649 1283 2704 ad
1307 2647 1497 2703 constantiam
1515 2647 1547 2701 in
1565 2647 1735 2718 proposito:
1751 2662 1803 2702 nec

50 2750 107 2788 non
123 2739 170 2789 est
184 2733 254 2788 utile
273 2734 349 2804 apud
363 2734 465 2801 Deum,
480 2737 512 2788 ut
527 2749 601 2788 onus
623 2739 707 2788 tuum
729 2732 857 2804 abjicias,
873 2739 903 2788 et
957 2741 1053 2792 manen
1080 2735 1166 2790 edicit
1189 2735 1285 2790 locum
1310 2740 1361 2791 aut
1387 2734 1517 2790 ordinem
1533 2734 1581 2789 cui
1593 2734 1642 2788 ille
1656 2750 1687 2788 se
1702 2750 1803 2806 aggre-

52 2824 125 2876 orile
140 2813 199 2877 ‘bei'
207 2823 362 2895 relinquas,
376 2839 441 2878 cum
454 2823 527 2878 illud
538 2824 648 2890 lumen,
659 2823 746 2878 hahes
756 2838 809 2892 per
824 2821 901 2894 quod
956 2827 1048 2896 garet.
1066 2823 1150 2879 Ratio
1178 2822 1284 2879 silentii
1311 2839 1370 2879 non
1391 2822 1449 2878 alia
1476 2826 1548 2891 erat,
1576 2821 1690 2894 opinor,
1715 2837 1804 2894 quam

51 2913 91 2966 illi
113 2913 216 2966 luceas
239 2917 292 2967 etc.
311 2934 322 2961 ι
353 2911 503 2967 abbatissa
528 2912 560 2968 iu
574 2911 718 2983 Kizingun
737 2910 822 2981 (lorte
841 2909 901 2966 xit·
920 2913 1033 3012 Cquod
1048 2911 1123 2968 lleus
1137 2912 1172 2968 de
1184 2911 1242 2967 illis
1256 2911 1329 2967 nihil
1344 2910 1402 2982 ipsi
1422 2911 1571 2966 revelaret.
1597 2910 1643 2967 Sic
1665 2910 1803 2982 frequen-

48 3001 155 3073 singen
170 2999 201 3054 in
222 3001 377 3056 Francouia
392 3001 428 3056 ad
442 3002 575 3068 Menum,
593 3000 641 3055 ubi
660 3001 744 3056 modo
766 3005 834 3056 suut
849 3000 900 3054 Ur·
955 3007 1000 3056 ter
1014 3001 1142 3068 observo,
1171 3001 1207 3056 ad
1232 3001 1410 3072 interrogata
1438 3015 1498 3055 non
1524 2999 1702 3072 respondere
1729 2999 1802 3055 Sau-

49 3089 167 3158 snlinas)
182 3093 247 3159 post
265 3089 357 3144 multa
379 3089 473 3160 elogia
501 3088 635 3144 Sanctam
649 3087 694 3142 his
715 3087 808 3143 verbis
827 3103 901 3142 com·
955 3094 1041 3156 ctam,
1058 3093 1108 3144 ant
1130 3089 1223 3144 solum
1246 3105 1280 3144 ex
1307 3093 1389 3160 parts
1407 3089 1594 3160 respondere,
1622 3087 1692 3159 quia
1719 3087 1803 3160 plura

49 3178 143 3248 pellat
167 3179 226 3249 (ep.
244 3180 325 3246 solt:
346 3177 462 3234 «Sonet
481 3193 533 3233 vox
555 3183 604 3232 tua
628 3179 657 3232 in
686 3177 804 3232 auribus
819 3175 900 3246 meis,
954 3177 1128 3250 petebantur
1142 3194 1230 3251 quam
1259 3178 1334 3235 Deus
1359 3192 1412 3249 per
1439 3177 1532 3250 ipsam
1551 3176 1736 3233 manifestere
1757 3191 1805 3232 vc·

50 3273 80 3320 et
94 3264 168 3338 quid
182 3265 325 3321 salubrius
339 3266 385 3332 sit,
412 3272 509 3323 utrum
537 3282 619 3334 onus,
637 3266 714 3338 qnod
734 3271 829 3338 porto,
851 3266 902 3322 de·
955 3267 1042 3322 lebat.

53 3371 158 3422 seram,
193 3371 230 3409 an
257 3355 366 3411 diutius
407 3355 507 3424 leram,
534 3353 606 3410 mihi
631 3354 739 3426 petenti
766 3354 902 3410 divinitus
990 3358 1033 3412 87.
1048 3356 1110 3411 lton
1125 3353 1222 3410 miuus
1247 3371 1384 3411 amanum
1402 3359 1465 3411 erat
1479 3354 1558 3427 quud
1571 3355 1719 3427 quaerebat
1741 3369 1804 3430 ma·

54 3461 167 3499 enarra.
184 3465 199 3494 a
216 3444 380 3516 Respondet
391 3444 420 3501 S.
437 3443 630 3515 hildegardis,
651 3441 823 3498 abbatissam
838 3443 901 3499 lan·
955 3443 1044 3516 gister
1073 3443 1190 3516 quidem
1217 3443 1404 3516 Traiecteusis
1426 3443 1483 3516 (ep.
1518 3444 1589 3515 123),
1611 3444 1738 3516 taleque,
1770 3445 1806 3498 ut

55 3535 135 3600 daus,
155 3537 183 3587 et
203 3533 238 3590 ad
263 3532 398 3588 fiduciam
420 3534 455 3589 de
470 3533 527 3588 lieo
541 3531 678 3587 excitans.
706 3531 901 3588 abbatissain
955 3532 1100 3588 rarissime
1140 3548 1174 3589 eu
1204 3533 1240 3588 de
1268 3549 1300 3588 re
1331 3532 1512 3605 responderit
1538 3532 1653 3598 Sancte,
1688 3531 1804 3604 quando

57 3621 319 3692 tt'idergoldasdorl
329 3621 408 3677 idem
424 3636 540 3676 rursum
562 3619 636 3692 petit
661 3620 716 3676 hoc
732 3621 818 3676 modo
842 3620 900 3691 (ep.
955 3626 1019 3677 erat
1039 3621 1228 3694 interrogata,
1261 3622 1329 3678 licet
1359 3621 1390 3678 id
1417 3622 1514 3694 ipsum
1542 3619 1672 3693 personis
1694 3620 1806 3692 aliquot

58 3713 132 3781 l08):
165 3729 180 3762 s
205 3711 396 3781 Quapropter,
427 3709 602 3778 dulcissima,
631 3708 737 3765 obnixe
762 3708 901 3780 supplico,
955 3710 1011 3785 piis
1038 3711 1214 3783 interrogato
1241 3710 1422 3767 indicaverit.
1467 3709 1604 3777 Queritnr
1631 3709 1680 3765 ille
1710 3725 1740 3763 sc
1768 3709 1805 3765 ob

57 3805 86 3854 ut
108 3799 269 3871 dignemini
295 3815 312 3854 a
336 3800 394 3854 lieo
422 3799 589 3871 perquirere
620 3797 712 3866 vobis,
744 3803 839 3854 utrum
866 3797 903 3856 sit
954 3804 1073 3872 peccata
1095 3816 1148 3855 sua
1173 3798 1273 3854 multis
1288 3797 1383 3854 modis
1410 3813 1472 3854 esse
1499 3797 1648 3853 afflictum.
1665 3796 1806 3852 Rescribit

56 3890 145 3960 ipsius
159 3890 289 3944 voluutas
303 3893 335 3944 ut
357 3888 442 3943 istam
460 3888 599 3943 sarcinam
623 3891 747 3958 portem,
763 3893 812 3943 ant
827 3887 902 3960 abii·
954 3889 1058 3946 Sancta
1086 3886 1317 3953 instructionem,
1339 3891 1366 3942 et
1394 3891 1457 3942 tum
1481 3885 1579 3942 addit:
1609 3904 1624 3937 c
1650 3885 1731 3940 Nunc
1753 3900 1804 3938 an·

56 3981 148 4046 ciam:
169 3978 239 4049 qnia
262 3976 328 4049 plns
360 3976 453 4033 adhuc
481 3975 683 4032 constrictione
716 3976 900 4048 obedientia,
955 3981 1027 4046 tem,
1042 3993 1060 4032 o
1074 3992 1154 4032 serve
1169 3976 1230 4043 Dei,
1251 3976 1282 4031 in
1312 3975 1430 4032 meliore
1453 3974 1499 4030 via
1528 3989 1624 4046 parvm
1650 3973 1805 4029 lenestellse

56 4082 142 4140 quam
152 4064 901 4138 Daiamoreperssveravi.»llortaturStlildegardis
954 4066 986 4122 in
1012 4065 1163 4138 splendido
1200 4064 1310 4121 lumine
1348 4064 1380 4120 iu
1413 4069 1443 4119 te
1481 4067 1631 4135 apparent,
1661 4062 1701 4117 ita
1727 4061 1806 4135 quod

55 4161 199 4230 utpergat
212 4155 394 4228 martyrium,
416 4171 474 4226 quo
502 4169 565 4210 eam
581 4154 612 4209 in
631 4153 726 4210 olllcio
741 4171 792 4210 suo
811 4156 903 4229 eltligi
956 4155 1117 4225 exoptando
1142 4153 1253 4209 bonum
1287 4152 1444 4208 desideras.
1481 4153 1514 4207 lu
1540 4152 1630 4206 altere
1657 4165 1724 4206 vcro
1748 4151 1806 4207 vite

56 4245 170 4312 latetur,
186 4249 350 4300 constanter
364 4249 491 4316 portare,
505 4243 546 4299 sic
559 4258 623 4298 sam
639 4245 786 4298 consolans
800 4260 807 4299 :
822 4244 899 4301 «Sed
918 4242 986 4308 nin
1015 4243 1097 4315 nigro
1121 4242 1238 4298 turbine
1262 4245 1415 4314 occupatus
1441 4257 1481 4296 es.
1505 4239 1561 4296 Sed
1590 4245 1631 4308 tu,
1660 4255 1678 4294 o
1710 4239 1803 4304 miles,

57 4341 153 4391 mmen
168 4334 198 4390 in
214 4334 268 4389 hac
285 4338 365 4406 parte
387 4333 508 4407 plurimi
521 4331 613 4388 sancti
627 4331 700 4388 sicut
714 4334 902 4404 martyresad
956 4347 1023 4388 cunr
1038 4333 1115 4387 clera
1130 4329 1233 4385 militia
1261 4346 1357 4402 surge,
1388 4333 1418 4386 et
1441 4328 1587 4385 turbinem
1612 4327 1691 4383 hunc
1715 4327 1805 4396 vince,

60 4427 146 4480 haurn
161 4423 342 4480 veniuntne
356 4423 422 4479 ideo
446 4425 476 4476 et
493 4426 525 4477 tu
539 4421 650 4477 confide
670 4420 700 4476 in
716 4421 818 4489 lleurn,
834 4423 903 4494 quia
956 4419 1094 4494 qnoniam
1104 4418 1198 4491 gratie
1218 4418 1269 4474 liei
1283 4422 1311 4473 te
1330 4418 1426 4489 tangit
1439 4421 1469 4474 et
1482 4420 1591 4484 mouet,
1610 4420 1664 4471 etc.
1681 4436 1696 4466 a

61 4530 116 4570 non
145 4513 327 4584 derelinquet
351 4516 391 4580 te,
421 4517 451 4567 et
482 4510 605 4583 Spiritus
632 4513 746 4565 sanctus
770 4509 902 4566 dolorem
990 4510 1036 4565 88.
1049 4510 1216 4579 anonymus
1244 4507 1363 4578 quidam
1383 4505 1585 4562 Weisioneusis
1607 4505 1732 4560 multum
1753 4504 1805 4560 ob·

60 4610 139 4660 tuum
153 4602 274 4658 minuet.
290 4622 304 4652 a
954 4601 1077 4655 testatur
1086 4597 1228 4662 Sanctam,
1243 4613 1301 4652 non
1325 4597 1419 4653 solum
1443 4600 1476 4651 ut
1500 4611 1553 4667 pro
1576 4611 1607 4650 sa
1621 4609 1721 4668 preces
1735 4593 1805 4650 luu-

92 4693 137 4749 Sl.
162 4691 312 4747 nubatissa
341 4689 377 4746 ds
399 4686 571 4754 crouchdal,
596 4687 627 4743 in
651 4687 715 4742 Vita
737 4686 902 4756 crutendal,
957 4687 1016 4753 dat,
1031 4687 1079 4742 sed
1093 4685 1179 4741 ctiam
1195 4688 1228 4740 ut
1253 4686 1330 4757 apud
1365 4686 1455 4742 heum
1481 4681 1613 4754 exquirat
1630 4696 1736 4738 arcana
1758 4681 1805 4736 his

59 4799 123 4856 qum
136 4781 164 4837 S.
185 4779 387 4852 hildegardem
412 4778 488 4849 apud
513 4792 543 4832 se
560 4776 680 4845 videret,
701 4775 738 4832 nd
756 4775 849 4847 ipsam
863 4776 904 4832 sic
957 4772 1052 4830 vorbis
1075 4771 1222 4845 proposita
1245 4771 1302 4842 (ep.
1327 4771 1416 4843 1883))
1441 4790 1455 4821 »
1480 4768 1555 4836 Quid
1588 4769 1634 4837 sit,
1655 4768 1733 4842 quod
1757 4783 1804 4822 ma

58 4871 159 4943 incipit
181 4869 305 4925 scribare
320 4868 376 4941 (ep.
402 4867 483 4938 l0tt):
512 4889 526 4918 ι(
550 4867 707 4938 Postquam
720 4865 770 4920 dio
790 4865 904 4921 deside-
956 4861 1041 4923 toties
1065 4860 1154 4916 adse
1176 4859 1349 4915 clamantem
1372 4859 1408 4914 de
1436 4857 1586 4930 profundis
1608 4855 1804 4928 nequitiarum
1918 4913 1922 4922 ‚

60 4969 120 5017 rata
132 4959 286 5032 presentia
301 4963 329 5013 et
343 4956 508 5012 affabilitate
527 4959 630 5024 vestra,
646 4955 704 5009 Deo
731 4953 903 5025 opitulante,
958 4953 986 5006 et
1002 4950 1038 5005 de
1053 4948 1115 5004 luto
1130 4948 1207 5003 tracis
1226 4947 1338 5017 eripere
1353 4946 1537 5018 dedignatur,
1556 4943 1580 4998 si
1595 4958 1711 5014 sperma
1729 4941 1804 4996 ulte-

60 5049 151 5106 merui
169 5047 291 5104 relevari
313 5063 330 5100 a
356 5043 595 5115 pusillanimitate
619 5041 746 5113 spiritus,
777 5046 807 5098 et
835 5048 906 5098 tem·
957 5038 1019 5094 rius
1040 5038 1165 5102 veniam,
1190 5037 1214 5091 si
1241 5036 1375 5106 spiritum
1398 5033 1622 5091 contribulatum
1655 5033 1685 5086 et
1701 5031 1807 5086 contri·

61 5143 165 5212 pestate
193 5134 294 5207 priori,
314 5133 523 5205 aliquantisper
537 5130 643 5202 quievi,
673 5135 700 5185 et
728 5129 797 5201 quia
819 5130 906 5186 verba
957 5132 1021 5183 tum
1045 5127 1117 5182 mihi
1137 5124 1238 5196 largiri
1260 5124 1338 5190 velit,
1358 5123 1486 5190 domina,
1511 5122 1622 5176 intente
1644 5135 1730 5190 prece
1755 5136 1805 5176 ex·

63 5235 150 5284 restra
173 5239 234 5280 nou
257 5224 293 5279 ab
307 5222 434 5278 humano
447 5219 576 5292 iugenio,
600 5220 649 5274 sod
670 5235 686 5274 a
708 5218 782 5274 Luce
803 5233 903 5276 vera...
958 5215 1052 5288 quire,
1069 5235 1083 5264 a
1100 5219 1154 5270 etc.
1175 5213 1279 5268 Verum
1293 5211 1321 5267 S.
1340 5206 1519 5280 llildegardis
1534 5222 1586 5279 pro
1607 5222 1745 5277 responso
1768 5206 1807 5262 ad

63 5331 116 5370 nun
135 5311 236 5369 dubito
250 5310 419 5381 procedere,
436 5307 556 5364 consilio
572 5313 676 5375 vestro,
700 5306 778 5378 qnod
800 5322 904 5378 propo·
960 5300 1103 5373 ejusmodi
1122 5299 1322 5373 questionem,
1347 5313 1435 5370 quam
1455 5295 1523 5352 satis
1550 5295 1626 5349 clare
1648 5294 1805 5368 improbat,

64 5403 104 5458 sui
123 5403 228 5467 lacere,
256 5398 355 5454 distuli
381 5397 474 5453 adhuc
498 5395 672 5468 perlicere.»
700 5397 740 5450 Ex
765 5411 904 5466 responso
959 5391 1091 5448 rescribit
1107 5389 1209 5446 utilem
1223 5386 1424 5452 monitionem,
1439 5389 1472 5440 nt
1485 5383 1596 5439 stabilis
1614 5382 1652 5440 sit
1670 5384 1700 5439 in
1720 5384 1807 5441 bono.

66 5493 154 5565 liquat,
171 5490 267 5561 ipsam
290 5487 375 5542 etiam
405 5485 524 5543 consilia
548 5484 671 5556 agitasse
691 5483 726 5540 de
742 5482 837 5539 ollicio
854 5481 904 5538 de·
960 5479 1120 5538 canonicus
1137 5478 1257 5550 quidam
1278 5472 1468 5548 trajectensis
1487 5471 1528 5528 ita
1549 5472 1586 5528 ad
1607 5472 1635 5529 S.
1655 5473 1809 5544 Hildegsr-

235 5587 373 5653 Psrnoa.
400 5583 546 5652 cxcvii.
1612 5579 1630 5636 2
