3984 6034
107 171 154 226 iai
750 177 985 236 susmrm-
1004 179 1111 236 suisa.
1135 157 1221 236 xxiv.
1808 183 1859 238 iar

102 305 258 376 persuasio
277 307 421 378 superbiae
447 308 488 363 sic
510 309 605 364 locuta
624 314 668 366 est
687 309 741 365 tibi
766 327 773 366 :
799 311 839 366 Ne
854 311 996 368 abluastl
1197 313 1403 370 RESPONSUM
1426 314 1671 371 altumaltum.

102 396 143 445 te.
159 392 219 447 Sed
234 408 287 448 uos
300 393 357 450 hoc
372 393 523 462 uolumus;
535 396 670 451 volumus
679 401 775 452 autem
789 403 820 453 ut
831 414 957 470 quaeque
1009 421 1075 476 pm
1088 419 1235 476 ,apum
1241 419 1420 485 gomma·
1431 421 1510 478 „rgo
1518 421 1604 476 ,glum
1613 426 1709 478 mm,
1718 425 1749 478 ug
1758 427 1858 480 cmg

101 481 265 536 tenebrosa
284 481 320 537 de
347 488 375 538 te
399 482 556 555 abstergas,
581 491 611 564 ct
633 501 691 541 non
716 486 754 540 sis
775 486 896 543 timidus
920 489 957 543 de
1044 507 1063 546 a
1076 490 1857 574 superbia‚ocupiditatediottiurum,ndinjustitias

103 571 208 624 multis
223 571 384 628 terroribus
398 572 583 629 inimicarum
601 579 730 642 tuorum,
746 576 797 649 qui
811 593 864 632 uec
880 583 956 633 recte
1044 565 1182 630 misal&
1198 579 1234 618 ⁰⁰
1246 566 1277 618 αἱ
1291 562 1411 618 ”mum
1423 563 1617 636 “millffdafflr
1632 564 1858 622 illliuiiwcffl·

101 674 156 712 nec
172 659 249 713 bena
262 661 420 732 loquuntur
439 662 475 717 de
494 666 533 718 te.
554 663 577 719 0
597 663 690 730 miles,
712 663 853 721 danobis
874 665 954 722 habi·
1042 649 1142 706 Μ’·

102 747 238 802 tacufum
252 749 285 802 iu
299 749 386 805 corda
400 755 460 818 tuo,
475 754 506 806 st
519 751 709 822 perducemus
722 758 752 808 te
764 753 801 808 ad
814 754 955 825 palatium
1044 755 1086 810 Τιι
1116 757 1203 813 arbor
1221 773 1251 812 as
1273 773 1290 810 a
1315 755 1372 813 fleo
1400 757 1583 826 constitutus,
1609 758 1855 830 quemadmodum

102 837 183 906 regis
198 837 362 892 nobiseum.
1009 843 1112 900 Paulus
1136 845 1205 901 dicit
1224 845 1324 902 Omuia
1345 849 1473 918 patratae
1495 863 1514 901 a
1534 849 1594 903 Deo
1608 853 1652 903 ert
1672 847 1761 920 (Rom.
1786 851 1854 918 ιιιι),

394 962 560 1020 EPISTULA
578 963 666 1019 mv·
1008 931 1076 1004 quia
1094 935 1252 990 secuudum
1272 948 1418 991 summum
1441 933 1606 1006 Magistrum
1626 951 1678 1007 per
1696 937 1854 992 invocatio·

1007 1034 1074 1074 uem
1100 1021 1226 1076 nominis
1258 1022 1313 1088 sui,
1344 1022 1438 1077 omnis
1469 1026 1594 1094 potestas
1627 1022 1777 1078 nominata
1800 1029 1853 1091 est,

236 1082 356 1121 ⁸⁹¹⁵⁰⁰⁹¹
374 1082 547 1124 1¹⁸v¹¹⁰¹¹⁰¹
565 1084 601 1122 ⁵⁰
620 1084 824 1125 mmm
1007 1108 1085 1164 uude
1098 1109 1128 1164 in
1148 1109 1206 1178 itta,
1228 1111 1313 1167 arbor
1333 1110 1508 1167 viriditatem
1528 1111 1646 1168 honoris
1665 1111 1792 1167 nominis
1810 1113 1854 1167 sui

99 1175 195 1227 sm
209 1189 282 1244 2⁷9⁶
298 1176 433 1228 mmm
450 1174 652 1248 Hildefflem
671 1176 807 1247 “fimum
827 1176 955 1250 9⁷⁰¹&ae
1007 1194 1103 1252 habet.
1130 1197 1211 1262 Quod
1231 1197 1339 1270 absque
1361 1199 1418 1253 ileo
1438 1202 1491 1265 est,
1512 1203 1543 1253 et
1557 1197 1634 1269 quod
1657 1197 1771 1253 sinistra
1785 1214 1854 1270 ape-

133 1243 954 1402 effelmirzaeffimffmeggmffigffiefflfflgnm
1006 1289 1099 1351 ratur,
1112 1285 1164 1340 tibi
1177 1299 1237 1339 nou
1255 1284 1339 1350 adsit,
1359 1300 1395 1338 na
1410 1283 1440 1338 iu
1455 1284 1574 1339 cadente
1588 1284 1689 1340 morbo
1701 1285 1853 1357 superbie,

131 1383 267 1440 „anua
286 1385 439 1441 mam:
457 1409 469 1436 ,
490 1388 631 1460 gggqm'a
647 1388 792 1444 ,mmm
809 1406 893 1460 Μ,
909 1407 955 1447 ω,
1007 1388 1071 1426 aum
1096 1374 1190 1444 primo
1222 1374 1325 1438 angela
1349 1373 1420 1444 (fra.
1445 1375 1513 1443 xiv),
1539 1373 1648 1429 scilicet
1667 1374 1782 1444 Satana,
1804 1375 1853 1446 qiri

130 1455 954 1529 cutionepramotirimar,bocmuaimcuaxictafemaobr'a
1006 1465 1104 1516 contra
1121 1463 1210 1516 Deum
1227 1463 1365 1517 honorem
1388 1461 1486 1517 furtim
1511 1478 1612 1533 rapere
1632 1462 1731 1529 voluit,
1758 1462 1853 1530 cadas,

132 1524 255 1600 ΜΨ·
272 1548 288 1578 ⁸
1006 1564 1093 1621 quem
1117 1549 1201 1605 multi
1228 1549 1385 1604 secuudum
1416 1549 1593 1605 voluntatem
1617 1566 1698 1604 suam
1722 1550 1850 1621 rapiunt,

133 1635 297 1701 Amoenus,
327 1634 377 1690 liei
407 1635 499 1707 matie
525 1637 709 1695 Trevirorum
739 1640 871 1696 Ecclesiae
898 1639 950 1694 bu·
969 1611 1063 1694 Βιιοιι
1088 1643 1230 1705 curantes,
1260 1653 1378 1710 quoquo
1411 1639 1498 1693 modo
1531 1637 1571 1692 eis
1600 1638 1649 1694 ille
1680 1639 1851 1694 conferatur.

97 1722 179 1776 mitis
200 1723 319 1784 alectus,
345 1723 457 1780 dilecte
477 1724 508 1780 iu
523 1726 635 1782 Christo
660 1733 791 1800 cognatae
814 1745 874 1784 sae
886 1730 950 1784 llis·
1006 1729 1083 1784 Istud
1098 1745 1192 1784 caram
1206 1729 1265 1784 Deo
1278 1729 1350 1785 nibil
1365 1733 1417 1794 est,
1435 1727 1572 1800 quoniam
1581 1726 1645 1782 siue
1661 1726 1725 1800 ipro
1738 1727 1851 1791 factum

95 1826 218 1867 casiam
245 1812 282 1867 de
306 1812 334 1869 S.
360 1813 487 1883 bobert,
511 1815 684 1872 salutemet
708 1817 890 1873 dilectionem
915 1817 951 1873 ab
1004 1819 1048 1872 est
1068 1817 1144 1873 cibit
1169 1819 1265 1889 (Joan.
1292 1817 1323 1888 ι),
1355 1823 1385 1872 et
1413 1815 1453 1872 sic
1475 1817 1551 1872 baua
1580 1816 1684 1872 occidit
1708 1816 1849 1889 quidquid

95 1913 130 1952 eo
147 1899 202 1969 qui
219 1900 354 1954 astasius
367 1905 398 1955 et
411 1900 538 1957 dilectio.
1004 1903 1099 1976 ipsum
1126 1921 1184 1961 non
1208 1905 1309 1977 tangit.
1340 1905 1382 1961 Ob
1397 1905 1453 1960 hac
1475 1920 1545 1975 ergo
1566 1903 1706 1959 sollicitus
1725 1907 1797 1972 esto,
1819 1907 1853 1959 ut

130 1986 274 2042 Amicitia
291 1988 464 2059 cognatione
483 1989 608 2046 calatis
625 1994 680 2058 est,
699 1993 768 2064 quia
788 1991 903 2047 senium
924 1991 951 2046 ei
1004 2008 1056 2064 per
1070 1999 1214 2066 precepta
1233 1994 1292 2061 itai,
1316 2009 1382 2066 quae
1401 1993 1475 2049 sicut
1494 1991 1564 2048 folia
1584 1992 1694 2048 arboris
1710 1993 1851 2064 multipli-

98 2088 160 2128 non
185 2075 280 2141 obest,
305 2076 356 2132 sed
380 2078 506 2146 confert,
525 2082 554 2134 et
580 2093 648 2136 vera
672 2085 725 2148 est,
745 2084 820 2134 stara
848 2080 950 2150 nescit,
1004 2086 1160 2150 oetaeum,
1185 2083 1290 2156 populo
1311 2082 1520 2150 testimonium,
1549 2088 1687 2153 quantam
1709 2096 1761 2153 per
1786 2097 1851 2152 gra·

98 2162 198 2217 sedin
212 2163 313 2235 aliquo
325 2166 426 2222 crescit
444 2171 473 2221 et
486 2167 600 2238 proficit
613 2167 752 2238 quotidie.
768 2169 839 2224 Cum
854 2173 950 2225 summ
1003 2169 1073 2226 tiam
1094 2171 1183 2242 ipsius
1204 2171 1341 2243 potueris,
1364 2170 1526 2243 perhibeas.
1547 2170 1641 2252 linita
1663 2169 1741 2224 enim
1760 2169 1852 2226 tribu-

95 2251 132 2306 ab
151 2251 374 2308 ineunteretata
390 2255 465 2310 uluis
481 2255 541 2310 veri
562 2256 738 2311 amorisnos
761 2257 886 2327 amplexi
900 2273 950 2312 sn·
1004 2259 1126 2316 tationes
1152 2261 1247 2316 oneris
1285 2259 1337 2329 tui,
1363 2260 1441 2315 velut
1463 2264 1628 2331 paupertas,
1660 2264 1689 2314 te
1711 2259 1853 2315 coustrin-

99 2353 178 2407 mus‚
194 2339 339 2395 miramur
351 2358 403 2398 cnr
425 2360 473 2398 vas
494 2344 674 2400 adulatorem
689 2345 754 2416 plus
774 2360 840 2401 vero
857 2345 950 2401 amico
1003 2353 1086 2420 gunt,
1111 2348 1179 2421 quia
1200 2347 1307 2403 divitia
1329 2351 1357 2402 et
1381 2349 1479 2402 mutire
1498 2346 1628 2418 pecunia
1649 2347 1775 2402 caelestia
1793 2362 1851 2401 nou

96 2427 239 2500 diligatis,
255 2444 322 2484 cum
336 2430 412 2487 dicat
431 2432 594 2504 propbeta:
615 2433 715 2489 Oleum
732 2435 830 2490 omem
847 2450 949 2505 pecco·
1004 2441 1100 2491 amant
1115 2453 1122 2491 τ
1139 2437 1204 2492 ideo
1226 2436 1374 2508 propriam
1395 2437 1573 2490 voluntatem
1596 2434 1709 2490 bamini
1734 2435 1783 2491 Dei
1799 2433 1851 2489 ab·

98 2515 805 2593 reramimptnpmtcapmmeommeataaa.
823 2524 949 2578 Fratrem
1003 2525 1115 2590 amabit,
1149 2530 1291 2596 quatenus
1321 2524 1356 2579 ad
1389 2523 1533 2579 coelestem
1566 2523 1689 2595 patriam
1717 2522 1849 2593 suspiret.

98 2609 235 2658 nostrum
264 2605 452 2678 praepositum
480 2608 508 2663 S.
536 2609 667 2677 Andreae,
693 2609 740 2664 bic
768 2610 948 2666 adulatorem
1005 2613 1085 2669 Unde
1100 2613 1190 2679 decet,
1205 2609 1850 2684 ntpauperpauperemdiligat,etdivesdivi·

97 2699 230 2748 restrum
251 2699 438 2764 reputemus;
459 2712 512 2752 nos
525 2700 621 2752 sutem
643 2713 741 2753 verum
764 2699 888 2755 amicum
907 2699 949 2754 ia·
1002 2705 1062 2756 tem
1082 2706 1227 2771 agnoscat,
1243 2699 1313 2772 qaia
1332 2699 1474 2770 sapientia
1493 2701 1614 2771 pauperi
1636 2698 1777 2754 annulum
1791 2697 1849 2766 dat,

98 2782 949 2859 telligirolumus.0aieveroproventumuostram,gtadii
1002 2795 1031 2846 et
1053 2789 1135 2845 diviti
1158 2791 1290 2846 inaurem
1312 2794 1405 2861 negat.
1434 2790 1555 2859 Propter
1576 2788 1751 2843 sacerdotale
1772 2786 1850 2842 euim

96 2871 186 2925 vestri
201 2871 354 2927 mammam
372 2887 433 2927 esse
457 2873 573 2943 scimus,
594 2874 659 2931 ideo
680 2890 733 2946 per
753 2876 803 2931 Dei
826 2876 948 2949 gratiam
967 2878 1130 2962 Goldeium
1145 2883 1226 2934 tutam
1243 2877 1295 2933 tibi
1318 2876 1393 2933 istud
1414 2876 1505 2932 adest.
1522 2875 1677 2932 ductitium
1691 2879 1771 2931 taum
1792 2891 1850 2930 nau

95 2975 239 3031 prospere
263 2976 315 3015 aas
344 2960 473 3029 rediisse,
492 2968 594 3019 restrae
611 2963 759 3019 dilectioni
780 2965 948 3036 significan·
1001 2965 1138 3022 amaeam
1160 2965 1192 3020 in
1207 2965 1292 3022 corde
1313 2980 1385 3034 aneo,
1406 2963 1557 3020 veritatem
1576 2968 1656 3020 taum
1673 2966 1702 3019 ct
1720 2963 1850 3019 satutare

97 3050 167 3103 dum
179 3049 327 3104 duximus.
344 3049 399 3106 Sed
412 3051 482 3123 quie
497 3051 569 3107 nibil
582 3058 627 3107 eet
642 3052 756 3108 beatum
773 3053 858 3109 alicui
871 3055 947 3126 quod
1001 3059 1081 3111 tuum
1094 3054 1184 3110 diiese'
1202 3054 1282 3126 (Paul
1299 3058 1347 3122 ιιι),
1367 3053 1441 3120 Ouid
1461 3053 1585 3109 dicitur?
1605 3052 1719 3108 iustitia
1744 3051 1795 3108 uei
1816 3066 1846 3108 so

98 3138 160 3207 59⁸0
175 3152 231 3207 ΡΝ
244 3143 472 3211 POE⁰⁸.r⁰t)¹¹i⁸t‚
486 3155 583 3194 coram
598 3141 656 3195 Deo
675 3146 705 3195 et
717 3141 799 3197 vobis
813 3141 946 3205 dicimus,
1002 3159 1062 3200 non
1077 3143 1296 3206 absconditam
1311 3142 1416 3199 itinera
1428 3157 1479 3197 sua
1492 3141 1603 3208 dilatat,
1616 3157 1669 3196 uec
1686 3157 1719 3196 aa
1734 3155 1849 3195 currere

96 3227 174 3298 quod
200 3226 337 3297 dignitas,
365 3228 402 3283 ad
429 3243 515 3301 qaam
536 3229 627 3284 vocati
646 3245 755 3294 sumus,
776 3235 876 3285 contra
895 3247 947 3286 uo·
1002 3231 1154 3287 erubescit.
1179 3231 1301 3286 Vulnera
1325 3247 1442 3304 quaque
1469 3245 1526 3285 non
1553 3228 1711 3294 abscondit,
1738 3231 1847 3284 malum

97 3319 200 3380 suam,
232 3318 304 3370 teste
339 3314 406 3384 Deo,
432 3316 610 3373 voluntatem
636 3334 785 3390 nunquam
814 3321 860 3390 (ut
884 3319 948 3375 fieri
1001 3320 1079 3376 bono
1094 3319 1299 3392 preponendo,
1314 3319 1392 3375 velut
1409 3319 1439 3374 in
1456 3318 1569 3391 Justitia
1590 3317 1677 3372 vitam
1697 3320 1726 3371 ct
1740 3316 1847 3388 geben·

97 3403 182 3470 solet)
196 3417 252 3459 uos
267 3403 377 3470 dilexit,
399 3420 549 3477 uunquam
564 3407 739 3478 permulsit:
763 3412 792 3463 et
805 3407 946 3477 ideobac,
1001 3425 1068 3464 nam
1094 3424 1166 3474 esse,
1190 3413 1217 3462 et
1241 3408 1269 3462 in
1306 3413 1428 3479 utraque
1462 3411 1544 3478 parte
1575 3405 1750 3460 currendum
1785 3419 1846 3458 esse

96 3480 166 3559 quia
190 3495 289 3546 nostra
314 3492 438 3560 inscitie,
461 3499 559 3549 nostra
585 3495 726 3566 fragilitas
750 3512 831 3552 suem
860 3497 948 3554 deflet
1001 3495 1079 3553 dicit.
1104 3497 1137 3551 tn
1159 3496 1212 3551 bac
1236 3495 1348 3550 fallacie
1370 3494 1482 3566 justitie
1505 3509 1535 3550 se
1558 3509 1616 3548 non
1633 3498 1769 3558 macerat,
1795 3508 1848 3547 nec

95 3579 344 3648 insufficientiam,
372 3598 454 3638 suam
478 3584 627 3655 deplangit
649 3584 862 3655 indignitatem.
891 3587 946 3644 Sed
1000 3584 1208 3655 multiplicibus
1223 3583 1316 3639 verbis
1328 3581 1497 3655 injustitiam
1515 3583 1668 3650 osculatur,
1690 3582 1738 3637 sed
1753 3580 1845 3651 ipsam

95 3667 166 3738 qraia
189 3669 335 3725 nescimus
356 3670 439 3741 cujus
460 3671 608 3728 vocatione
632 3672 776 3746 [promoti]
797 3673 888 3729 simus
909 3675 946 3731 ad
999 3676 1090 3729 totam
1116 3672 1271 3728 conculcat.
1302 3671 1409 3726 Veritas
1435 3686 1551 3742 quaque
1577 3685 1675 3739 apere,
1700 3685 1764 3741 qum
1784 3667 1845 3722 sine

96 3757 154 3810 tale
170 3757 376 3827 ministerium,
399 3760 455 3815 boc
475 3759 600 3816 maxime
615 3762 945 3819 anxietatemuobisiu·
1001 3763 1058 3818 Deo
1079 3765 1246 3834 operantur,
1272 3775 1331 3814 nan
1352 3760 1463 3826 laudat;
1497 3774 1527 3813 se
1550 3758 1580 3812 in
1611 3772 1751 3828 pugnam,
1775 3772 1843 3810 con·

96 3843 184 3914 fligit.
212 3843 242 3898 Si
264 3859 299 3900 ex
322 3845 381 3901 [teo
402 3862 463 3901 esse
482 3848 632 3914 sciremus,
660 3849 842 3906 crederemus
866 3852 944 3922 quad
999 3849 1139 3906 tradicere
1161 3849 1212 3903 illa
1230 3853 1261 3903 ut
1281 3847 1388 3920 probus
1409 3847 1490 3902 miles
1510 3863 1540 3902 se
1559 3850 1712 3918 praeparat.
1730 3843 1846 3900 lustitia

94 3933 145 4003 qui
172 3933 308 4004 coepisset
330 3934 362 3989 iu
389 3935 472 3991 uobis
493 3952 567 4007 opus
590 3937 708 4004 bonum,
738 3948 767 3994 et
795 3939 946 4010 perficeret
1000 3937 1050 3994 Dei
1071 3942 1181 3992 scutum
1200 3937 1254 3992 tibi
1276 3937 1324 4006 sit,
1348 3940 1377 3992 et
1398 3935 1517 3990 veritate
1537 3933 1627 4006 ipsius
1650 3931 1731 4006 quasi
1756 3931 1844 3987 lorica

94 4020 220 4093 (Patup.
238 4023 268 4091 ι),
283 4038 349 4077 cum
370 4023 539 4079 necessitate
561 4025 652 4097 magis
669 4041 757 4097 uriam
775 4027 893 4093 virtute,
908 4028 945 4083 ad
998 4025 1129 4095 iuduere,
1154 4027 1193 4083 ita
1217 4032 1248 4082 nt
1270 4041 1365 4081 caram
1391 4026 1448 4080 [teo
1476 4025 1551 4080 bene
1577 4019 1704 4078 armatus
1731 4025 1759 4076 et
1785 4037 1842 4076 uun

93 4110 286 4166 secerdotium
324 4113 487 4182 promoveri
523 4129 726 4185 proponamus.
769 4116 805 4170 Et
839 4116 943 4172 scimus
998 4115 1135 4188 fugitivus
1167 4131 1219 4186 per
1251 4113 1417 4169 societatem
1453 4112 1588 4167 vanitatis
1622 4125 1771 4182 appareas,
1815 4115 1844 4164 et

94 4200 173 4270 quod
197 4200 276 4254 Deos
290 4199 322 4253 iu
334 4199 396 4255 foco
406 4203 508 4257 roario
526 4217 579 4257 aaa
595 4201 685 4272 (Prot.
699 4205 784 4272 nami)
799 4203 877 4275 opud
894 4220 943 4260 oar
960 4204 984 4260 u
999 4204 1123 4259 discent
1138 4203 1225 4257 ubera
1237 4202 1356 4274 justitiae
1375 4217 1468 4273 suges.
1489 4201 1570 4256 ttisce
1589 4215 1706 4272 quoque
1725 4200 1844 4254 vulnera

92 4289 220 4344 salutem
237 4290 374 4360 operum
395 4288 487 4359 (Prot.
504 4295 608 4357 mnu,
630 4291 760 4345 abessam
778 4291 943 4348 misericor·
995 4295 1181 4364 peccatorum
1195 4306 1260 4345 cum
1284 4289 1452 4362 paenitentia
1474 4287 1504 4343 iu
1521 4287 1716 4343 misericordia
1731 4303 1841 4353 curare,

94 4379 170 4432 diter
188 4377 351 4445 liberando,
374 4377 530 4434 visitaverit
554 4379 768 4450 plebemsuam
786 4381 941 4448 (Lac.r11).
995 4379 1241 4451 quemadmodum
1275 4394 1406 4433 stammas
1441 4378 1569 4433 medicus
1595 4377 1719 4432 satutare
1748 4390 1842 4430 exem·

94 4467 173 4522 L'nde
194 4470 229 4520 ut
247 4467 368 4522 modum
391 4467 571 4523 liberationis
589 4469 711 4524 obsessae
743 4469 825 4524 nobis
839 4471 942 4525 rescri-
995 4469 1077 4539 ptum
1103 4467 1183 4522 vobis
1216 4467 1253 4522 ad
1280 4467 1449 4522 salvandum
1483 4465 1623 4538 poputum
1652 4464 1777 4536 reliquit.
1802 4465 1843 4518 Tu

92 4555 177 4622 batis,
189 4559 221 4611 et
235 4555 340 4627 saepius
362 4556 393 4611 iu
407 4572 508 4612 verum
531 4557 630 4614 lumen
645 4557 818 4628 aspiciendo,
838 4559 942 4631 saepius
996 4573 1121 4628 namque
1145 4555 1195 4628 qui
1217 4555 1247 4610 in
1266 4555 1408 4610 viriditate
1433 4555 1510 4609 beati
1529 4553 1582 4609 viri
1602 4569 1653 4624 per
1679 4551 1842 4608 iustmctio·

93 4645 176 4700 uabis
193 4644 306 4716 ahquid
325 4645 459 4700 salutaris
477 4645 577 4716 gratiae
600 4661 652 4716 per
669 4646 780 4702 litteras
800 4653 865 4703 tues
883 4647 942 4703 im·
996 4660 1063 4700 nem
1084 4644 1211 4699 nominis
1229 4643 1274 4698 sui
1297 4643 1407 4715 positus
1420 4659 1459 4709 es,
1476 4643 1527 4715 qui
1551 4641 1674 4712 impium
1695 4637 1842 4696 diabolum

91 4729 274 4802 partiamiui,
290 4737 320 4786 et
342 4736 375 4786 ut
395 4747 498 4787 maniis
522 4737 629 4787 vestras
648 4732 684 4787 ad
703 4735 814 4803 petram
839 4733 957 4805 refugii,
995 4750 1054 4788 non
1073 4731 1206 4800 attendit,
1228 4733 1278 4804 qui
1301 4732 1366 4786 ideo
1386 4731 1494 4803 impius
1519 4731 1684 4786 nominatus
1699 4731 1751 4795 est,
1774 4727 1843 4794 quia

90 4835 144 4889 pru
172 4819 259 4875 uobis
298 4818 520 4892 interpellando.
553 4822 685 4894 exempto
712 4822 816 4893 tfaysis
843 4822 942 4878 levetis
994 4822 1108 4876 nullum
1130 4821 1237 4876 bonum
1260 4821 1374 4886 amavit,
1396 4820 1461 4876 vide
1481 4835 1518 4875 ne
1542 4819 1571 4873 in
1593 4817 1734 4873 thesauris
1752 4831 1841 4887 pecu·

92 4908 195 4978 (and.
229 4908 308 4980 xvir),
337 4910 407 4965 ditm
434 4926 487 4964 aas
519 4916 618 4966 contra
649 4911 785 4967 Amalech
813 4911 844 4966 in
868 4912 941 4967 valle
995 4910 1051 4965 nie
1072 4907 1203 4982 glorieris
1221 4909 1321 4972 (Eroti.
1347 4911 1434 4978 xxxi),
1464 4923 1529 4980 quac
1556 4907 1585 4960 iu
1619 4906 1676 4961 flue
1701 4903 1841 4960 malitiosa

92 4999 250 5053 mundaum
265 4997 388 5056 miserie
403 5013 578 5071 pugnamus,
592 4999 781 5055 attentissime
795 5015 939 5070 rogamus.
994 5004 1047 5067 est,
1064 4999 1132 5071 qiiia
1149 5002 1213 5069 past
1231 4997 1407 5053 tricesimum
1429 5013 1547 5063 aunum,
1565 4995 1641 5050 velut
1654 4997 1718 5065 past
1733 5007 1841 5047 anuum

92 5087 163 5142 Cum
179 5092 279 5142 eutem
300 5087 363 5142 baec
376 5103 472 5143 coram
492 5088 594 5144 abbata
613 5088 642 5143 S.
667 5088 800 5143 Eucherii
818 5089 898 5145 fideli
912 5095 942 5144 et
995 5104 1086 5144 unum
1112 5087 1217 5143 delicit.
1235 5086 1288 5144 Sed
1311 5087 1420 5142 exsulta
1441 5085 1472 5140 in
1490 5088 1585 5139 manta
1601 5083 1678 5150 Sion,
1694 5081 1745 5136 arbi
1759 5081 1839 5153 adju-

91 5178 196 5232 diiecto
239 5181 339 5232 nostra
367 5176 626 5246 conscriberentur,
666 5177 729 5248 ipse
771 5177 940 5249 opitulando
993 5179 1101 5235 tarium
1117 5175 1257 5233 altissimi
1271 5176 1406 5232 aeternale
1422 5175 1452 5228 in
1468 5173 1627 5228 eternitate
1644 5175 1696 5240 est,
1710 5175 1736 5226 ct
1751 5169 1842 5227 omnia

92 5265 247 5321 dulcedine
267 5282 318 5320 sua
336 5265 424 5322 verba
443 5271 542 5321 nostra
562 5266 699 5323 condivit.
719 5266 857 5322 Volumus
873 5282 941 5337 ergo
993 5267 1114 5340 spiritns
1125 5267 1227 5322 modat
1242 5263 1396 5321 Dominam
1409 5261 1497 5335 (Paul.
1514 5260 1564 5333 cn).
1581 5261 1620 5316 Tu
1642 5266 1738 5317 autem
1751 5261 1841 5316 ebur-

93 5359 122 5408 ut
145 5370 200 5426 per
225 5354 321 5425 ipsum
346 5354 525 5435 rescriptum
542 5359 666 5410 vestrum
691 5355 775 5409 uobis
799 5354 942 5409 transmit·
994 5371 1067 5410 neus
1087 5369 1168 5410 mons
1185 5360 1258 5420 esto,
1283 5353 1318 5407 de
1343 5367 1400 5423 qua
1421 5349 1583 5405 fenestralia
1599 5349 1693 5419 jacula
1713 5350 1742 5404 in
1762 5355 1840 5404 rectu

92 5445 167 5498 tatis.
992 5443 1102 5514 judicio
1125 5442 1245 5515 justitie
1269 5441 1330 5509 Dei,
1356 5445 1456 5496 contra
1476 5438 1654 5495 adversarias
1680 5445 1745 5495 tuas
1768 5437 1834 5493 voli·
