3984 6034
858 193 1142 300 chanamaeis
1811 239 1865 297 en

116 374 248 425 mactum
275 385 346 442 opns
372 367 424 424 Dei
453 369 483 424 in
509 369 566 425 lide
594 373 763 442 perterrent,
793 373 961 446 martyrium
980 373 1095 443 illatis,
1114 373 1227 446 pieque
1246 372 1451 445 compassionis
1466 374 1632 430 nondeesse
1647 375 1763 430 viscera.
1786 377 1866 431 Unde

117 473 220 514 eorum
234 464 264 512 et
277 459 412 529 aliorum,
428 459 518 514 Deum
538 459 681 530 ostendit3
694 459 839 532 spiritales
849 476 964 533 quoque
1017 461 1133 534 pietatis
1158 467 1261 515 vestrae
1287 461 1449 532 largitatem
1469 463 1637 533 suppliciter
1651 479 1817 531 exoremus,
1834 471 1867 520 nt

117 547 242 618 popolus
269 546 393 618 Spiritus
424 553 539 603 sanctus
565 549 686 616 inilavit,
706 550 913 620 quasaeeulnm
933 549 964 604 in
1019 548 1155 622 qrriapro
1184 549 1380 620 peecatoribus
1390 550 1568 606 redimendis
1582 567 1615 606 ac
1630 552 1867 608 salvandisnatns

118 635 280 706 semetipsis
293 635 409 703 livvinnt,
425 639 454 689 et
479 634 641 706 angelicum
662 635 793 690 ordinem
817 636 924 696 colunt.
941 636 964 688 si
1019 641 1061 691 est
1092 637 1229 692 Dominus
1256 652 1289 691 ex
1317 651 1402 692 carne
1425 639 1454 693 B.
1477 637 1571 694 llariae
1600 653 1714 711 semper
1737 639 1865 711 virginis,

118 739 192 795 opus
206 723 257 778 Dei
283 722 450 778 similediei
481 727 534 779 est.
563 723 866 780 Dmnesenimunum
882 723 964 779 dixe·
1019 740 1116 780 amore
1145 725 1234 797 ipsius
1263 725 1374 780 Domini
1403 726 1494 780 nostri
1524 726 1744 798 omnipotentis,
1775 729 1866 783 nostri

117 816 197 880 runt,
229 811 278 866 sed
302 818 400 866 tamen
431 810 598 882 singulatim
624 812 830 868 clamaverunt.
847 813 879 866 ln
898 817 964 866 ortu
1019 813 1179 870 conditoris
1205 829 1237 868 ac
1251 813 1372 886 piissimi
1392 814 1602 885 Redemptoris,
1630 815 1720 870 nostri
1734 816 1867 871 miserea-

117 917 244 973 namque
262 901 320 956 diei
346 916 450 956 aurora
476 901 564 956 solem
595 901 742 972 praecedit,
765 905 791 956 el
820 901 850 955 in
879 917 965 956 mane
1018 901 1101 970 mini,
1131 901 1343 974 participesque
1378 903 1542 958 orationum
1573 908 1731 959 vestrarum
1772 903 1865 959 iacere

116 981 214 1037 radius
241 981 310 1036 solis
339 980 513 1051 resplendet,
531 980 578 1052 qni
604 982 632 1036 in
658 979 964 1035 seruatnealnresnn
1018 990 1256 1061 noadignemini.
1285 993 1406 1061 insuper
1434 991 1519 1046 etiam
1541 990 1645 1046 obnixe
1669 1007 1815 1062 rogamus,
1833 997 1865 1047 ut

117 1067 242 1139 illenim
259 1067 353 1135 ”deb
382 1067 457 1122 cim
483 1083 591 1124 ⁰⁰⁰³OE
611 1067 736 1123 08101·οΜ
768 1083 852 1122 suum
880 1067 963 1121 incli·
1017 1076 1128 1132 litteras
1143 1093 1215 1149 quas
1230 1077 1265 1133 de
1280 1077 1465 1133 secularibus
1480 1081 1508 1133 et
1527 1077 1624 1132 idiotis
1643 1078 1677 1132 ad
1705 1079 1863 1150 spiritalem

118 1161 178 1225 nui,
201 1156 438 1226 circumspersa]
467 1161 563 1211 autem
587 1157 711 1212 calorem
731 1154 965 1228 suumqucmin
1018 1165 1261 1220 conversationem
1278 1165 1432 1232 conversis,
1463 1180 1536 1236 qnos
1559 1180 1611 1221 nos
1630 1181 1781 1222 conversos
1798 1167 1865 1222 dici-

112 238 167 292 259

118 1246 165 1302 die
179 1245 289 1312 habuit,
312 1246 378 1301 linit
391 1252 421 1302 et
439 1250 506 1300 ente
520 1251 633 1302 noctem
648 1263 678 1302 se
692 1247 851 1316 abscondit,
867 1253 897 1302 et
924 1248 964 1302 sic
1018 1269 1093 1321 mus,
1109 1253 1215 1324 Spiritu
1244 1258 1342 1308 sancto
1358 1269 1407 1307 vos
1419 1252 1565 1324 scripsisse
1585 1252 1756 1321 andivimus,
1781 1256 1865 1310 nohis

117 1335 180 1390 dies
195 1337 366 1405 completur,
392 1342 420 1389 et
444 1335 480 1390 ab
495 1335 631 1406 operibns
645 1337 704 1390 sois
718 1337 880 1408 requiescit.
894 1338 963 1402 Ques
1017 1339 1141 1412 benigne
1161 1340 1355 1396 transmittere
1371 1357 1430 1396 non
1445 1340 1592 1408 dubitetis,
1614 1347 1757 1411 quatenus
1786 1341 1865 1396 miri-

117 1424 142 1479 si
169 1441 228 1479 nno
261 1425 348 1479 modo
381 1425 605 1496 complerentur,
632 1424 744 1481 homini
768 1425 961 1497 displicerent.
1017 1428 1072 1483 tica
1085 1445 1174 1501 opera
1193 1429 1242 1485 Dei
1256 1435 1285 1484 et
1299 1431 1478 1485 volunlatem
1493 1429 1555 1500 ejus
1575 1428 1686 1500 inipsis
1706 1428 1862 1494 videamus,

118 1511 297 1568 Dadeetiam
315 1513 430 1567 Decest
455 1527 560 1566 nomen
574 1512 708 1579 Sabaoth,
725 1513 793 1584 qnia
814 1511 964 1584 unusquis
1018 1522 1047 1570 et
1067 1520 1208 1586 quantum
1234 1518 1402 1589 poterimus,
1418 1522 1479 1573 toto
1506 1516 1610 1573 ellectu
1627 1518 1768 1573 bonorum
1797 1534 1865 1588 ope·

116 1616 174 1671 qne
187 1601 382 1670 mummii
396 1616 496 1656 cursus
509 1601 629 1672 plenum
644 1601 770 1657 officium
790 1602 885 1657 habet.
901 1603 963 1658 Tali
1018 1616 1082 1657 rum
1096 1603 1145 1658 illa
1162 1619 1318 1676 sequamur
1332 1611 1360 1660 et
1374 1605 1578 1676 compleamus.
1596 1605 1672 1660 Vale.

117 1688 200 1742 modo
229 1689 303 1742 Deus
322 1687 353 1742 iu
374 1687 509 1744 omnibus
522 1689 659 1760 operibns
673 1691 732 1744 suis
747 1695 894 1760 operatur.
919 1667 1004 1744 SicB
1210 1710 1414 1768 pgspopspp
1428 1711 1671 1767 fflfflgggpfflg,

116 1777 202 1832 ‘iiam
226 1778 257 1832 5¹¹
274 1777 327 1832 ¹¹⁸⁰
342 1779 474 1844 muilfflv
488 1777 524 1833 ‘¹⁸
550 1794 608 1850 Ψ
626 1777 764 1851 Slloeffiib
779 1783 891 1850 8⁰⁸¹¹¹¹¹¹
906 1784 962 1834 ⁰³¹²
1134 1814 1169 1853 an
1190 1813 1301 1854 cessans
1320 1814 1465 1854 consonos
1485 1799 1542 1868 (20)
1562 1813 1749 1853 ειεεεεεεειε.

115 1866 487 1967 ¹³,‘⁰.‘1¹¹³⁸¹¹³⁰,‘⁰¹,¹³?¹'⁰⁵’
505 1867 586 1938 parva
601 1867 782 1967 ernam,
798 1883 863 1969 {⁰¹¹¹
887 1867 964 1966 ΙΨ
1018 1903 1153 1960 ornem
1167 1905 1387 1960 celedensem
1404 1903 1513 1972 hehet,
1528 1903 1578 1958 see
1588 1901 1867 1984 aequitatemque

115 1956 195 2010 nbns
221 1962 250 2011 et
266 1957 449 2011 orationibus
476 1973 567 2011 unum
593 1957 737 2020 dixerunt,
752 1962 782 2012 st
795 1957 962 2029 sangelahm
1052 1974 1110 2047 ἱρή
1122 1990 1271 2031 commo,
1284 1977 1397 2043 vocant,
1413 1990 1532 2046 quorum
1547 1973 1668 2047 ppmmi
1680 1991 1711 2028 ,ρ
1726 1973 1765 2029 ad
1779 1977 1866 2031 Deum

115 2045 321 2110 clamaverunt,
341 2043 500 2100 secundnm
526 2043 603 2115 qnod
629 2043 753 2114 Spiritus
785 2049 900 2100 sanctes
914 2059 965 2100 cos
1052 2044 1083 2101 in
1096 2045 1223 2128 moribus
1235 2043 1296 2101 ruis
1310 2049 1556 2103 enneconertunt.
1574 2065 1588 2096 ε
1606 2044 1677 2100 Alio
1694 2044 1865 2102 commenta

114 2131 170 2186 hoc
183 2131 312 2187 cilicium
325 2131 430 2187 docuit.
448 2132 518 2188 Nam
535 2129 652 2203 quidam
672 2147 723 2203 per
738 2132 861 2204 suspiria
876 2132 961 2188 mise·
1052 2117 1145 2177 ‘W-

115 2219 257 2288 ricnrdiae,
287 2219 447 2293 etquidem
477 2220 689 2291 perorationes
718 2226 747 2276 et
773 2220 887 2291 vigilias
910 2237 963 2293 pro
1054 2223 1112 2293 ligo
1140 2221 1315 2296 paupercula
1340 2220 1369 2276 in
1388 2221 1460 2276 lecto
1491 2221 1672 2293 egritudinis
1710 2222 1864 2295 plusquam

114 2308 178 2380 ipse
205 2309 414 2372 laboraverunt,
430 2307 546 2381 quidam
561 2307 647 2363 etiam
673 2307 785 2379 jejunia
799 2310 962 2380 etcastiga-
1016 2324 1069 2381 per
1097 2309 1246 2364 biennium
1264 2309 1374 2384 jacens,
1405 2309 1465 2364 haec
1483 2309 1553 2377 vidi,
1581 2315 1610 2364 et
1626 2325 1723 2366 vocem
1738 2311 1772 2366 de
1791 2312 1863 2366 caelo

113 2395 224 2452 tionem
240 2397 272 2451 in
285 2412 406 2467 corpore
418 2411 470 2451 suo
485 2396 677 2464 sustinebant,
687 2396 769 2451 multi
779 2412 894 2469 qnoque
909 2412 961 2468 pro
1016 2398 1051 2453 ad
1068 2413 1114 2453 me
1129 2397 1168 2452 sic
1191 2396 1334 2454 dicentem
1352 2397 1464 2454 audivi:
1481 2397 1696 2468 inspiritalem
1711 2399 1861 2471 populum,

15 2539 19 2552 ,
114 2484 177 2556 ipsa
201 2485 397 2556 eleemosynas
412 2484 564 2553 dederunt,
580 2490 608 2540 et
637 2485 763 2540 maxima
788 2486 872 2541 turba
895 2501 962 2540 cnm
1017 2500 1103 2557 quem
1125 2484 1201 2540 Dens
1216 2485 1246 2539 in
1261 2484 1447 2554 praescientia¹
1468 2501 1519 2540 sua
1543 2502 1609 2541 cum
1634 2487 1780 2542 miraculis
1798 2503 1864 2558 pro-

114 2573 258 2646 edictorio
277 2575 418 2645 cujusque
445 2573 514 2629 boni
539 2573 619 2645 quod
646 2575 738 2629 lacere
753 2574 857 2645 potnit,
880 2575 960 2629 seed
1016 2574 1129 2645 phetiae,
1146 2574 1302 2629 secuudum
1329 2574 1404 2644 quod
1420 2573 1477 2646 ipsi
1492 2573 1608 2645 placuit,
1624 2575 1776 2646 praescivit,
1797 2592 1862 2648 quse

113 2665 205 2734 ipsam
230 2663 395 2731 declinavit,
424 2668 453 2719 at
479 2662 569 2735 aliqui
599 2662 630 2718 in
654 2678 761 2735 magno
778 2664 873 2719 studio
899 2665 961 2719 sine
1015 2662 1093 2718 vides
1118 2668 1147 2718 et
1166 2661 1248 2716 audis
1276 2662 1378 2728 scribe,
1404 2663 1460 2717 hoc
1487 2663 1578 2719 modo
1602 2663 1760 2737 incipiens:
1788 2665 1862 2719 Deus

112 2752 266 2809 taediohoc
289 2752 480 2824 perfecerunt,
496 2756 526 2807 et
546 2753 587 2806 ita
612 2769 714 2807 omnes
728 2752 765 2806 ad
795 2755 885 2808 Deum
908 2769 962 2824 pro
1015 2749 1146 2820 quedam
1172 2749 1296 2804 virtuosa
1325 2764 1422 2819 opera,
1448 2764 1512 2819 quae
1535 2749 1565 2805 in
1593 2751 1740 2808 senctiset
1765 2751 1863 2807 electis

112 2840 175 2913 ipsa
200 2842 287 2897 simul
312 2839 499 2913 aspiciebant,
514 2840 761 2914 quemadmodum
784 2841 872 2896 etiam
900 2841 962 2897 dies
1015 2836 1073 2892 suis
1088 2842 1222 2909 operatus
1238 2840 1292 2904 est,
1317 2852 1369 2906 per
1396 2843 1521 2908 quatuor
1547 2840 1788 2898 secretorumllci
1803 2840 1863 2894 eni·

112 2930 252 2986 circulum
279 2946 365 2986 suum
384 2931 518 3001 complet.
553 2930 634 2985 Nunc
656 2935 754 2984 antem
780 2945 846 2984 cnm
876 2931 961 2986 laude
979 2963 1001 3018 C
1016 2925 1103 2982 malie
1129 2925 1323 2998 praesignavit.
1357 2925 1420 2998 lpse
1446 2925 1524 2981 euim
1544 2927 1657 2983 homini
1684 2944 1736 2998 per
1762 2928 1863 2986 eedem

112 3019 198 3073 simul
213 3019 358 3075 dicamus:
376 3017 478 3074 Gloria
496 3017 558 3087 lidi,
585 3016 712 3074 Donrim
728 3017 894 3074 Benedictio
910 3018 960 3073 Dei
1015 3013 1152 3068 animalia
1171 3016 1200 3068 et
1224 3027 1277 3084 per
1300 3016 1405 3068 caetera
1433 3012 1570 3069 miracula
1597 3015 1710 3070 occulta
1727 3017 1866 3087 mysteria
1984 3065 1985 3068 ,

112 3106 142 3161 in
157 3107 251 3176 gratia
284 3106 375 3178 ipsius
393 3121 481 3177 snper
504 3121 555 3161 vos
569 3106 617 3173 sit,
642 3111 672 3161 et
685 3123 774 3178 super
792 3107 961 3178 omnesqui

112 3209 199 3265 super
229 3195 307 3249 illam
342 3194 540 3250 misericordia
554 3196 625 3250 moti
641 3201 719 3262 sunt,
745 3198 883 3268 qnoniam
900 3198 960 3269 ipse

113 3283 253 3338 Dominus
266 3282 348 3338 dicit:
367 3282 599 3339 Misericordiam
611 3283 684 3352 uolo,
709 3291 739 3342 et
763 3301 822 3343 oon
844 3285 959 3357 sacrifi·

111 3369 189 3426 εἰειει
204 3370 280 3441 (Das.
293 3387 336 3438 v1;
352 3371 458 3426 March.
474 3372 593 3442 113111).

419 3476 586 3533 epistota
605 3477 647 3533 tt.

167 3577 291 3619 samaim
311 3579 414 3619 aeroma
433 3579 461 3618 nv
480 3579 623 3619 aaaaeaca
641 3580 676 3619 an
696 3579 902 3624 arroasiensis.

111 3671 219 3726 Preces
231 3673 338 3726 sancte
351 3667 489 3742 flagitent
511 3674 539 3725 et
552 3670 702 3742 epistolum
725 3687 813 3743 pacm
828 3694 843 3722 ε
859 3671 895 3728 de
906 3688 960 3728 sae-

146 3740 293 3798 celeribus
313 3741 354 3798 cd
375 3741 540 3813 spiritalem
552 3742 790 3798 commeationem
805 3744 959 3813 εοεεενείε,

146 3828 285 3941 gistela?
297 3827 450 3870 concessos
463 3811 596 3880 dicimus,
617 3811 704 3868 iliam
717 3811 871 3886 scripsisse
881 3835 895 3864 »
905 3831 959 3870 εε-

149 3989 201 4046 Dei
221 3989 344 4055 dilectae,
366 3987 415 4043 Dei
431 3989 528 4044 electe
544 3990 719 4046 Dranscaanr
733 3991 860 4046 dominae
873 4007 960 4049 vene·

1014 3115 1067 3156 sua
1085 3097 1260 3164 manifestat,
1287 3099 1534 3170 quemadmodum
1558 3103 1699 3158 Ezechieli
1713 3103 1862 3175 prophetoe

1013 3193 1041 3244 el
1056 3186 1159 3243 loanni
1173 3187 1277 3243 dilecto
1292 3203 1344 3242 sno
1371 3203 1423 3260 per
1450 3188 1511 3261 ipsa
1539 3189 1675 3246 animalia
1695 3191 1864 3246 ostendebat

1013 3275 1125 3346 (asech
1152 3279 1183 3343 1),
1213 3275 1290 3347 quod
1317 3291 1352 3330 ax
1378 3276 1527 3333 communi
1559 3281 1669 3350 populo
1702 3279 1862 3352 spiritalem

1013 3366 1152 3437 populum
1181 3364 1327 3436 segregari
1364 3369 1393 3420 et
1416 3365 1586 3436 congregari
1616 3367 1710 3422 vellet.
1738 3366 1863 3421 loannes

1014 3453 1121 3524 qnippe
1136 3452 1221 3509 dicit:
1235 3453 1272 3506 ln
1285 3449 1378 3508 medio
1389 3451 1478 3520 sedis,
1493 3455 1520 3510 et
1540 3451 1662 3510 circuitu
1690 3454 1769 3510 sedis
1792 3470 1863 3526 quu-

1013 3540 1242 3607 tuornnimclin,
1261 3539 1350 3612 plena
1364 3539 1455 3595 oculis
1477 3543 1545 3596 onte
1556 3545 1585 3597 et
1597 3545 1675 3598 retro
1692 3542 1794 3615 (Apoc.
1812 3543 1860 3614 iv).

1013 3629 1086 3696 Quid
1099 3629 1222 3685 dicitur?
1239 3629 1269 3684 ln
1293 3628 1462 3685 iortitudine
1480 3631 1629 3701 potestatis
1643 3631 1705 3700 Dei,
1723 3631 1772 3705 qni
1787 3631 1863 3687 Deus

1013 3718 1141 3774 ethome
1171 3723 1224 3786 est,
1253 3717 1326 3772 etin
1352 3717 1432 3773 omni
1447 3724 1528 3789 parte
1556 3734 1613 3790 qua
1642 3724 1767 3790 potestas
1785 3719 1863 3791 ipius

1013 3806 1188 3875 extenditur,
1233 3811 1359 3878 quatrnor
1394 3807 1576 3879 evangelistis
1607 3807 1711 3864 imbuti
1750 3808 1861 3876 ildeles,

1013 3901 1158 3968 praecepte
1190 3895 1241 3950 Dei
1267 3895 1459 3962 ruminantes,
1474 3900 1503 3952 et
1517 3895 1728 3967 plenitudinem
1744 3897 1864 3951 circum·

1013 3985 1167 4056 spretionis
1181 3983 1321 4040 virtutum
1347 3983 1485 4040 habentes
1515 4001 1576 4040 esse
1590 3984 1705 4055 debent,
1725 3985 1766 4041 its
1780 3990 1813 4041 ut
1824 3984 1863 4040 vi·

111 4069 186 4135 rab,
202 4069 240 4125 li.
257 4068 346 4140 prior,
361 4071 479 4139 totaque
494 4069 681 4140 congregatio
694 4071 816 4126 fratrum
831 4071 862 4124 in
878 4071 961 4127 Eber-

111 4157 195 4224 bacb,
213 4156 245 4211 in
267 4156 396 4212 thalamo
409 4156 516 4212 summi
531 4158 619 4228 Regis
634 4158 744 4230 perirui
759 4158 869 4214 deliciis
887 4176 961 4239 aem·

112 4244 244 4316 piternis.
978 4251 1081 4309 Dcnle
1108 4253 1170 4321 ejus
1203 4249 1370 4306 hominibus
1403 4265 1479 4322 saepe
1505 4249 1641 4306 nuntimt
1664 4256 1693 4306 et
1720 4250 1862 4307 mirabilia

150 4333 207 4387 Deo
243 4331 415 4402 dignissima
443 4334 602 4390 sanctitatis
623 4340 725 4390 vestre
759 4335 906 4393 odorilera
933 4341 963 4393 et
1016 4337 1180 4406 thronisui,
1197 4341 1312 4394 mentes
1327 4337 1446 4409 spiritus
1461 4342 1528 4394 sunt
1553 4338 1655 4410 (Heba.
1684 4338 1714 4411 ι),
1731 4338 1863 4411 quiante

112 4420 283 4476 suavissima
301 4421 439 4494 opinione
464 4438 541 4493 saepe
559 4423 668 4492 audita,
690 4439 741 4478 nos
756 4423 863 4480 inertes
877 4431 907 4482 et
919 4426 962 4481 in·
1015 4427 1117 4484 faciem
1133 4427 1196 4498 ejus
1221 4427 1327 4496 lucent,
1342 4433 1372 4483 at
1394 4426 1445 4500 qui
1460 4429 1491 4483 in
1506 4443 1605 4484 amore
1620 4443 1673 4482 suo
1698 4427 1738 4483 ita
1750 4427 1861 4496 ardent,

112 4506 194 4578 digni
208 4506 347 4564 ineffabili
370 4507 489 4581 spiritus
513 4510 613 4566 laetitia
629 4527 729 4567 sumus
754 4511 844 4582 gavisi
858 4529 912 4583 pro
926 4530 961 4569 eo
1015 4519 1049 4571 ut
1061 4532 1121 4572 non
1141 4515 1219 4571 aliud
1233 4515 1323 4571 velint
1338 4530 1425 4588 quam
1439 4515 1516 4587 quod
1542 4515 1603 4587 ipse
1616 4515 1687 4570 vult.
1704 4515 1743 4570 De
1757 4515 1862 4586 quibus

112 4594 191 4666 quod
207 4595 282 4650 Dens
309 4595 493 4668 omnipotens
507 4597 601 4671 gratia
623 4603 651 4654 et
670 4598 866 4656 misericordia
882 4603 961 4658 vobis
1016 4605 1123 4662 dictum
1148 4609 1205 4661 est:
1225 4602 1280 4671 Qui
1304 4603 1380 4675 focis
1402 4603 1520 4678 nepelos
1543 4607 1606 4660 tuos
1618 4601 1750 4677 spiritam,
1764 4605 1792 4657 et
1807 4601 1861 4658 mi·

112 4688 191 4739 tanta
217 4699 276 4740 suae
304 4683 445 4757 largitatis
472 4686 594 4743 contulit
620 4688 697 4744 dona
722 4689 853 4746 mirifica.
881 4693 961 4748 Patet
1014 4694 1122 4750 nistros
1137 4691 1446 4766 tuosipnemurentem
1459 4694 1550 4764 (Prot.
1566 4692 1633 4763 ciri).
1649 4691 1722 4758 Quid
1738 4691 1862 4749 dicitur?

113 4771 191 4827 enim
209 4772 274 4828 lnce
294 4774 408 4843 clarius,
424 4776 503 4846 quod
516 4792 567 4831 vos
592 4776 693 4848 diligat
710 4777 846 4834 Dominus
861 4778 892 4835 in
906 4780 959 4836 bo·
1014 4781 1214 4853 Omnipotens,
1229 4786 1260 4836 tu
1289 4781 1339 4836 ille
1353 4797 1384 4837 ea
1410 4781 1462 4853 qui
1484 4781 1553 4838 iacis
1567 4779 1683 4837 nuutios
1696 4784 1771 4847 tuos,
1788 4779 1862 4834 scili·

112 4859 241 4916 minibus
269 4861 364 4934 ipsum
392 4862 588 4934 diligentibus,
605 4865 744 4937 qnoniam
777 4872 836 4924 tam
862 4868 959 4942 digna,
1014 4875 1060 4926 cet
1074 4885 1123 4925 eos
1137 4868 1188 4942 qui
1202 4869 1236 4925 ed
1266 4869 1389 4926 salutem
1421 4869 1574 4925 hominnm
1601 4875 1663 4925 ate
1686 4867 1860 4940 diriguntur,

113 4954 170 5005 lam
186 4955 280 5021 grata,
305 4956 365 5007 tem
391 4953 537 5022 amabilis,
560 4958 619 5009 tam
642 4955 814 5012 venerabilis
838 4957 907 5013 estis
919 4958 961 5014 eis
1015 4975 1076 5015 esse
1091 4958 1209 5030 spiritns
1224 4973 1290 5015 cum
1303 4956 1468 5027 emissione,
1484 4960 1625 5012 cessantes
1638 4957 1669 5013 in
1683 4955 1862 5013 indeficienti

113 5036 259 5103 omnibus,
286 5037 318 5094 in
346 5038 453 5110 quibes
471 5039 592 5109 habitet,
617 5045 650 5095 ut
662 5057 730 5098 eum
749 5042 781 5097 in
793 5043 873 5100 vobis
887 5060 958 5114 esse,
1013 5046 1120 5103 vitain
1152 5051 1305 5120 conspectu
1322 5051 1373 5103 tuo
1389 5049 1465 5115 sunt,
1492 5050 1521 5101 et
1545 5047 1653 5102 iterum
1667 5045 1785 5118 spiritus
1800 5060 1862 5100 esse

112 5125 259 5180 vobiscum
276 5127 654 5200 manereunllusambiget.
672 5128 724 5185 Cui
738 5146 805 5186 veru
820 5131 959 5189 virtutum
1015 5134 1131 5189 nuntios
1156 5136 1231 5202 tuos,
1261 5149 1327 5189 cum
1359 5134 1393 5190 ed
1426 5139 1571 5206 praecepte
1602 5138 1652 5190 tua
1677 5135 1863 5206 adimplenda

112 5217 193 5270 tanta
207 5214 311 5270 collata
324 5220 392 5273 sunt
418 5216 568 5285 beneflcio,
593 5223 699 5274 sancte
713 5234 830 5293 quoque
843 5220 960 5293 pietatis
1013 5222 1110 5279 nuath
1136 5221 1220 5278 liunt.
1249 5221 1352 5294 angeli
1374 5237 1501 5295 namque
1517 5222 1611 5279 nuntii
1630 5226 1707 5294 sunt,
1723 5222 1862 5296 quoniam

113 5301 196 5359 vobis
221 5303 313 5361 inesse
328 5319 388 5360 nou
401 5305 567 5364 dubitamus
581 5322 713 5377 munera,
744 5314 773 5365 et
796 5308 854 5382 pise
867 5310 959 5368 cbari-
1012 5325 1250 5384 unamquemque
1276 5310 1497 5383 inspirationem
1525 5311 1659 5384 spiraculi
1679 5311 1767 5381 illius,
1784 5312 1861 5384 quod

1014 4073 1102 4129 deant
1117 4073 1194 4128 nude
1208 4071 1275 4127 iacti
1294 4072 1495 4156 processerint,
1523 4077 1551 4128 et
1577 4074 1664 4128 etiem
1684 4073 1754 4145 quid
1773 4073 1862 4128 futuri

1014 4161 1082 4216 sint.
1099 4163 1173 4218 Deus
1188 4160 1266 4215 enim
1289 4159 1365 4232 ignis
1380 4165 1423 4216 est
1435 4161 1529 4232 (Deut.
1546 4160 1596 4232 ιε),
1622 4167 1651 4218 et
1665 4162 1762 4233 angeli
1777 4162 1863 4218 mira·

147 5477 204 5550 (20)
218 5478 249 5535 ld
262 5483 306 5536 est
320 5479 529 5543 cistercienses.
