3984 6034
175 227 227 278 tte
918 223 947 276 S.
968 220 1207 276 ttttttttttaltuts
1874 222 1926 274 ltu

174 358 247 414 dico.
275 358 333 427 Ego
365 355 523 410 secundum
540 355 704 425 appetitum
724 355 827 410 virium
851 360 933 410 terre
953 371 1027 412 meae
1045 360 1139 412 Aaou
1154 371 1280 427 possum.
1296 356 1348 412 Sed
1364 371 1430 412 cum
1452 356 1514 412 bec
1537 357 1629 412 lacere
1655 361 1744 420 teuto,
1769 356 1926 412 maximam

175 447 288 519 operari
304 444 386 510 vulo;
407 447 436 497 in
451 443 635 498 tabernaculo
645 443 723 498 enim
743 461 808 500 meo
822 445 921 500 omnia
935 461 1024 516 opera
1076 444 1220 500 tristitiam
1235 445 1264 499 iu
1277 460 1321 499 me
1332 445 1434 512 excito,
1452 446 1490 500 ita
1504 446 1581 517 quud
1595 461 1648 500 uec
1660 447 1689 499 in
1699 443 1851 500 altitudine
1863 461 1927 499 sun-

174 536 324 606 iutelligo;
341 533 390 587 sed
410 532 641 603 concupiscentia
662 533 724 603 ejus
745 533 784 587 ita
805 532 948 603 impedior
965 549 1023 605 quo
1076 533 1190 598 cellatis,
1205 549 1256 588 nec
1271 533 1301 587 iu
1314 533 1435 604 planitie
1458 533 1541 589 bonae
1560 533 1714 589 voluntatis
1737 532 1828 587 ullum
1852 550 1926 605 opos

173 641 261 697 opera
277 640 340 679 mea
353 637 412 677 nou
434 621 566 677 discerno
589 629 743 693 autequam
768 623 832 676 dira
845 622 876 676 iu
899 638 944 677 me
959 622 1022 677 vul·
1075 622 1203 692 perticae,
1215 622 1263 677 sed
1285 622 1512 695 inquietudinem
1526 622 1923 694 dubietatia,'desperationis,

172 730 243 770 nera
270 712 374 767 sentio.
397 710 577 782 Oquantum
599 711 745 780 planctum
764 719 833 764 tunc
855 709 977 764 emitto?
990 711 1018 762 l·'.t
1077 711 1206 765 moeroris
1224 716 1253 766 at
1272 711 1468 782 oppressionis
1481 711 1612 766 omnium
1627 726 1723 765 rerum
1740 710 1770 765 iu
1792 726 1838 766 me
1861 727 1927 766 sen-

172 804 257 860 atos:
279 801 302 857 0
327 801 412 867 lleus,
434 813 532 853 noune
555 799 656 852 creasti
677 797 746 852 me?
762 799 831 854 Ecce
855 799 920 852 vilis
945 803 1023 853 terra
1075 801 1124 855 tio.
1142 801 1253 855 Etcum
1268 799 1408 855 diabolica
1432 799 1578 871 persuasio
1603 814 1648 854 me
1670 799 1710 854 sic
1732 799 1924 870 inquietato

172 891 311 964 opprimit
340 886 502 944 melitsic
526 885 671 958 sugamia
691 886 1021 952 eotouomodo‘lCam
1075 895 1183 960 quauta
1195 887 1611 945 calamitasmetuacobruitl
1632 888 1702 960 quia
1725 887 1823 943 omnia
1847 890 1925 943 mala

172 979 391 1036 tabernaculum
437 991 534 1031 merrus
574 977 719 1030 carnalem
761 975 1021 1048 concupiscentiam
1075 994 1139 1049 quae
1160 984 1227 1032 sant
1248 981 1297 1034 eut
1320 992 1381 1032 esse
1396 983 1515 1048 possunt
1536 977 1566 1032 in
1583 975 1802 1048 vituperatione,
1818 976 1924 1030 inma-

173 1069 366 1136 babet3tunc
387 1063 455 1137 quia
476 1066 651 1136 voluptatem
672 1064 702 1119 in
725 1080 813 1138 opere
831 1064 933 1132 babeo,
955 1081 1021 1120 cum
1073 1066 1237 1132 ledictione,
1253 1066 1283 1120 ia
1306 1065 1527 1122 mortificatione
1549 1066 1677 1137 corporis
1698 1069 1727 1120 et
1748 1063 1866 1132 animae,
1893 1065 1925 1118 iu
1961 1133 1965 1140 ι

172 1156 322 1229 ipsaopus
336 1154 405 1210 illud
429 1151 555 1225 perficio.
571 1151 625 1208 Sed
653 1152 726 1208 ratio
752 1169 817 1224 quse
841 1152 872 1208 iu
895 1169 1020 1209 mecum
1074 1155 1208 1226 turpibus
1225 1155 1317 1211 vorbis
1342 1159 1441 1210 contra
1463 1153 1646 1220 munditiam,
1660 1153 1781 1209 salutem
1806 1157 1835 1209 et
1857 1153 1923 1208 elti-

173 1244 292 1302 scieutia
318 1243 404 1314 riget,
430 1241 556 1298 ostendit
578 1240 651 1295 mibi
670 1241 807 1312 quoniam
823 1257 841 1295 a
856 1241 914 1296 lieo
927 1247 1022 1296 creata
1074 1243 1204 1300 tudinem
1229 1259 1294 1316 que
1309 1243 1340 1298 iu
1356 1243 1413 1298 lleo
1432 1248 1499 1297 sunt
1513 1257 1522 1297 t
1535 1241 1597 1298 baec
1611 1241 1709 1297 omnia
1727 1241 1801 1296 mi'ai
1815 1241 1925 1296 infelici

172 1350 249 1402 suus,
263 1332 294 1388 in
307 1348 365 1403 qua
386 1329 497 1385 ratione
517 1328 603 1384 etiam
623 1329 735 1396 sentio;
751 1329 820 1401 quia
840 1330 930 1385 Adara
954 1345 1019 1384 com
1074 1337 1236 1387 occurrunt.
1257 1330 1336 1387 Unde
1360 1332 1446 1386 etiam
1466 1331 1528 1386 baec
1541 1331 1678 1402 iniquitas
1701 1330 1773 1386 mibi
1787 1329 1923 1397 insurgit,

172 1424 302 1479 divinum
326 1426 501 1492 praeceptum
522 1424 715 1488 transgressus
733 1424 817 1482 esset,
833 1419 939 1472 timens
958 1416 1020 1472 abs-
1074 1419 1181 1476 scilicet
1195 1420 1508 1492 quodumuisielicites
1521 1426 1644 1475 etomne
1655 1419 1764 1475 bonum
1775 1420 1925 1492 qucdtam

172 1512 269 1568 condit
290 1527 330 1566 se.
356 1509 401 1565 Sic
424 1514 452 1562 et
474 1522 529 1578 ego
549 1507 664 1570 timeus,
690 1522 705 1559 a
727 1506 800 1560 facie
819 1505 869 1560 liei
893 1521 939 1560 me
959 1505 1021 1560 ebs·
1074 1509 1104 1562 in
1121 1509 1238 1564 bomine
1253 1525 1339 1580 quam
1355 1509 1384 1563 in
1400 1510 1457 1564 llao
1472 1512 1516 1563 est
1530 1509 1600 1564 milri
1620 1509 1774 1563 molestum
1789 1514 1817 1563 et
1836 1523 1925 1579 grave

171 1603 287 1658 condo:
312 1616 377 1654 oum
399 1613 486 1669 opera
507 1613 571 1650 mea
595 1594 627 1650 in
651 1595 837 1650 tabernaculo
860 1610 925 1649 meo
949 1610 1019 1649 con·
1075 1597 1129 1651 erit
1144 1597 1236 1669 magis
1251 1602 1372 1652 mortem
1388 1613 1475 1668 quam
1489 1596 1575 1652 ritem
1586 1597 1658 1652 mibi
1672 1611 1844 1668 proponens.
1861 1596 1922 1652 Abi

171 1691 262 1746 traria
278 1691 335 1744 lieo
363 1687 465 1742 sentio.
491 1687 561 1741 Cum
587 1690 684 1740 autem
704 1684 870 1755 plumbeam
884 1689 1019 1739 statorem
1075 1701 1161 1758 quarn
1175 1685 1273 1740 infelix
1292 1691 1437 1740 certamen
1452 1685 1492 1740 sio
1515 1687 1549 1742 de
1569 1685 1667 1740 labore
1684 1686 1714 1741 in
1733 1685 1869 1752 laborem,
1888 1686 1925 1740 de

171 1780 280 1851 peccati
304 1792 391 1847 super
413 1774 566 1847 pondero:
596 1773 695 1827 omnia
716 1788 804 1842 opera
829 1773 879 1826 illa
895 1787 961 1842 quse
989 1772 1020 1827 in
1074 1774 1173 1829 dolore
1188 1776 1217 1830 in
1240 1773 1381 1839 dolorem,
1402 1774 1437 1829 de
1452 1774 1603 1829 schismate
1618 1773 1648 1829 in
1667 1773 1792 1830 schisma
1805 1789 1834 1828 se
1849 1774 1925 1828 milri

172 1866 335 1923 carnalibus
364 1862 604 1934 concupiscentiis
633 1862 737 1916 ardent
767 1866 932 1943 contemno.
958 1861 1019 1915 lleu
1073 1861 1188 1930 ingerit,
1205 1877 1319 1918 omnem
1334 1861 1500 1917 felicitatem
1516 1861 1749 1918 mibiaatereus?

171 1973 219 2012 me
251 1951 458 2011 errabundaml
489 1952 636 2024 quomodo
656 1950 687 2004 in
713 1949 760 2005 bis
787 1949 922 2019 periculis
950 1951 1018 2004 aab·
1108 1951 1251 2006 Sedonde
1273 1950 1412 2006 excitetur
1431 1952 1539 2006 mulum
1568 1951 1690 2006 istorum
1715 1951 1868 2006 errorum?
1885 1967 1923 2006 ex

170 2043 271 2099 sistere
292 2040 416 2096 valebo?
439 2042 555 2095 Etcum
580 2038 720 2094 diabolica
745 2037 894 2108 persuasio
917 2053 962 2092 me
978 2037 1020 2092 iu·
1073 2039 1128 2094 boc
1155 2038 1292 2094 ridelicel.
1319 2038 1461 2110 Antiquos
1481 2039 1559 2094 euim
1583 2055 1702 2111 serpens
1724 2040 1754 2095 in
1783 2055 1813 2094 sc
1835 2039 1924 2095 babet

170 2133 251 2189 redit
272 2133 313 2186 sic
335 2131 455 2186 diceus:
483 2130 565 2184 Estne
594 2128 648 2184 boc
674 2127 783 2182 bouum
811 2126 887 2197 quod
916 2126 1018 2194 nescis,
1073 2127 1206 2183 astutiam
1231 2132 1260 2181 et
1282 2127 1471 2199 deceptricem
1493 2127 1658 2196 versutiam,
1684 2135 1771 2200 etque
1794 2129 1924 2183 mortite-

171 2237 224 2278 uec
238 2221 314 2291 quod
335 2219 422 2284 sides,
444 2233 496 2272 nec
516 2216 593 2288 qaod
617 2215 709 2269 lacere
736 2219 841 2284 potes:
862 2212 933 2284 quid
951 2220 1020 2268 tuuc
1072 2232 1137 2272 rum
1162 2215 1323 2288 iniquitatis
1348 2231 1500 2272 venenum.
1529 2219 1597 2273 Nam
1623 2219 1653 2272 in
1676 2217 1778 2273 astutia
1801 2234 1852 2272 srra
1878 2218 1923 2273 iu·

171 2309 247 2366 erit?
272 2309 305 2363 Et
335 2324 401 2361 curn
427 2306 530 2360 iterum
564 2303 651 2358 dicit:
677 2301 757 2367 Quod
779 2301 866 2369 nosti,
885 2306 914 2356 et
940 2300 1020 2373 quod
1073 2305 1148 2374 gerit
1171 2305 1242 2359 mibi
1266 2305 1475 2360 contumaciam
1498 2311 1724 2376 peccatorum,a
1745 2307 1848 2362 timore
1869 2307 1922 2360 llo·

170 2397 318 2469 intelligis,
354 2401 383 2450 et
405 2394 482 2465 quod
506 2392 600 2448 iacere
623 2393 710 2458 vales,
732 2406 784 2446 cur
808 2392 862 2446 boc
890 2390 1019 2446 deseris?
1074 2391 1337 2446 miniintellectum
1362 2406 1458 2446 meum
1479 2390 1611 2446 auterens
1627 2407 1635 2446 ι
1651 2391 1692 2446 ite
1709 2391 1922 2464 quodpeccare

171 2486 239 2559 quid
256 2488 325 2540 tunc
345 2481 471 2538 faciam?
486 2485 521 2536 st
542 2481 627 2552 plene
645 2480 745 2534 dolore
770 2478 960 2551 respondebo.
975 2479 1020 2534 Ab
1073 2495 1132 2536 non
1150 2480 1249 2547 timeo,
1262 2479 1302 2534 sic
1320 2480 1418 2535 dicens
1434 2497 1441 2536 ι
1457 2478 1526 2544 Quis
1543 2485 1586 2535 est
1609 2480 1704 2536 Deus?
1731 2481 1831 2536 Nescio
1854 2482 1923 2554 quis

173 2590 220 2630 ma
243 2572 398 2628 miseram!
424 2569 490 2642 quie
518 2584 570 2639 per
591 2569 684 2624 Adam
706 2569 791 2623 noxia
811 2582 922 2622 venena
946 2567 1019 2624 milri
1075 2570 1150 2624 Deus
1168 2569 1213 2622 sit.
1239 2569 1272 2623 la
1291 2567 1449 2639 deceptrice
1472 2573 1568 2625 aulem
1592 2569 1716 2625 versutia
1738 2585 1791 2626 sua
1806 2569 1922 2626 obture-

71 2657 74 2661 ’
171 2662 269 2718 uitiata
292 2666 368 2729 sant,
391 2675 455 2714 cum
483 2658 545 2728 ipse
575 2656 705 2712 divinum
729 2661 905 2728 preceptum
929 2661 1020 2711 trans·
1073 2656 1179 2712 tionem
1198 2655 1268 2712 mibi
1283 2656 1402 2725 inducit,
1418 2657 1549 2728 itaquod
1569 2657 1599 2712 in
1620 2659 1695 2713 mato
1717 2657 1845 2714 obturor.
1862 2657 1923 2714 Sed

174 2764 289 2822 gressus
310 2752 338 2802 et
366 2748 397 2801 in
425 2751 532 2800 terrem
556 2745 664 2815 ejectus
686 2743 810 2798 carnalia
835 2743 1019 2798 tabernacula
1073 2745 1104 2800 in
1130 2745 1276 2800 mortifero
1299 2743 1459 2818 iniquitatis
1483 2761 1593 2800 veneno
1611 2745 1761 2817 spirituale
1780 2748 1920 2819 gaudium

171 2835 351 2894 coadunat-it„
373 2835 444 2888 llam
464 2832 495 2887 iu
516 2839 603 2903 gustu
631 2848 717 2902 quem
737 2831 845 2903 ipsein
862 2848 949 2902 pomo
966 2847 1020 2903 per
1073 2834 1145 2890 mibi
1167 2835 1270 2899 aulert,
1289 2833 1328 2888 ite
1347 2834 1424 2905 quod
1443 2849 1496 2889 nec
1518 2835 1546 2888 in
1572 2834 1629 2889 llec
1652 2835 1741 2891 laeteri
1763 2836 1852 2898 valeo,
1879 2837 1923 2894 sic

169 2925 398 2982 inobedientiam
423 2923 558 2994 gustarit,
581 2922 668 2976 noxia
688 2921 810 2977 dulcedo
835 2921 969 2992 sanguini
990 2929 1020 2977 et
1037 2925 1057 2980 C
1073 2922 1248 2979 dubietatem
1280 2921 1488 2994 desperationis
1520 2921 1592 2978 mibi
1627 2923 1776 2991 inducens,
1812 2925 1924 2980 scilicet

171 3015 251 3072 carui
269 3031 299 3070 se
327 3012 443 3084 ingerit,
467 3009 555 3065 etita
582 3007 773 3080 pollutionem
793 3009 929 3064 vitiorum
949 3025 1019 3080 pro·
1073 3027 1138 3084 que
1165 3009 1265 3066 dubito
1288 3016 1385 3066 utrum
1409 3011 1511 3066 salvari
1535 3011 1643 3083 possim
1669 3029 1706 3068 au
1721 3013 1801 3068 non?
1817 3013 1839 3069 0
1853 3029 1922 3084 qum

171 3105 259 3161 ducit.
283 3102 362 3158 liade
384 3105 533 3171 peccatum
555 3099 650 3153 carnis
664 3097 694 3152 in
709 3113 756 3153 me
770 3097 883 3164 sentio;
900 3099 1018 3170 purissi-

171 3209 251 3248 mum
271 3199 368 3246 autem
385 3189 486 3254 Decus,
504 3188 571 3259 quia
587 3202 640 3257 per
653 3187 767 3257 culpam
785 3186 927 3241 inebriata
942 3203 1017 3249 sum,

170 3281 297 3352 negligo.
322 3279 376 3334 Sed
392 3277 448 3332 boc
461 3279 539 3348 qaod
553 3285 654 3347 gustus
668 3274 844 3331 tabernaculi
865 3275 921 3330 mei
944 3276 974 3330 in
988 3292 1018 3330 se

169 3371 268 3437 babet,
283 3369 365 3441 sequi
380 3384 436 3422 noo
452 3368 554 3423 debeo.
574 3367 644 3420 Nam
660 3381 693 3420 ex
709 3366 763 3420 boc
781 3365 858 3438 quod
881 3365 971 3421 Adam
987 3365 1018 3420 iu

170 3460 264 3532 prima
282 3458 462 3530 apparitione
486 3471 576 3528 purus
592 3461 622 3510 et
645 3454 767 3526 simplex
793 3453 884 3509 alico
905 3461 1018 3510 creatus

170 3555 242 3616 eret,
257 3548 347 3604 timeo
364 3548 463 3609 Deum,
488 3547 581 3601 sciens
604 3544 742 3617 quoniam
757 3560 809 3616 per
830 3545 925 3615 ipsum
944 3559 1017 3614 pura

170 3644 199 3695 et
211 3637 333 3709 simplex
357 3642 452 3691 creata
466 3650 541 3690 sum.
567 3633 622 3690 Sed
640 3634 726 3688 modo
748 3649 801 3704 per
826 3632 932 3687 malam
952 3648 1018 3686 cun·

170 3726 353 3782 suetudinem
367 3724 512 3790 vitiorum,
533 3724 563 3777 in
579 3720 812 3794 inquietudinem
827 3726 932 3774 sertor.
949 3718 971 3774 0
987 3720 1017 3774 in

168 3815 214 3873 lais
239 3813 374 3870 omnibus
405 3813 559 3883 peregrina
585 3815 614 3866 et
644 3809 806 3868 errabunda
834 3809 912 3864 sumt
940 3806 1018 3871 Qua·

169 3909 289 3976 propter
298 3901 426 3957 turbines
445 3901 622 3956 diversorum
646 3898 794 3954 sonituum
818 3898 910 3952 multa
932 3912 1018 3952 meu-

1074 3106 1141 3156 sunt
1156 3099 1209 3155 ista
1228 3100 1422 3168 tabernacula,
1438 3115 1504 3173 que.
1523 3105 1603 3155 tauta
1627 3100 1754 3173 pericula
1776 3101 1923 3156 sustinent

1074 3189 1105 3244 in
1126 3189 1268 3244 diabolica
1290 3189 1479 3260 deceptione?
1501 3189 1555 3244 Sed
1578 3205 1642 3244 cum
1665 3203 1716 3260 per
1737 3189 1847 3244 donum
1868 3189 1922 3246 Dei

1072 3277 1209 3332 recordor
1237 3291 1301 3347 quse
1324 3293 1338 3331 e
1362 3277 1420 3332 lleo
1450 3282 1545 3333 creata
1570 3283 1652 3346 suut3
1674 3283 1743 3334 tuuc
1765 3277 1844 3333 iuter
1867 3276 1922 3332 bea

1074 3365 1285 3438 oppressiones,
1330 3365 1375 3420 bis
1415 3364 1562 3422 diabolicis
1593 3365 1828 3437 persuasionibus
1865 3365 1922 3422 boc

1073 3454 1158 3510 modo
1175 3453 1342 3525 respondeo.
1361 3455 1417 3526 Ego
1438 3455 1539 3526 tragile
1554 3457 1637 3510 terres
1653 3469 1712 3508 non
1734 3454 1854 3520 easdam,
1869 3453 1921 3510 sed

1072 3542 1225 3599 fortissima
1250 3543 1326 3598 bella
1359 3544 1507 3600 exercebo.
1531 3542 1701 3608 Quomodo?
1724 3542 1796 3598 Cum
1828 3541 1923 3598 uber·

1073 3633 1207 3687 naculum
1223 3647 1320 3687 meum
1341 3647 1428 3703 opere
1441 3631 1591 3704 injustitie
1611 3647 1742 3688 exeruere
1760 3631 1841 3688 vult:
1858 3645 1920 3685 me·

1072 3721 1195 3785 dullum,
1210 3719 1380 3791 sanquinem
1391 3723 1420 3774 et
1434 3735 1550 3776 carnem
1566 3719 1597 3776 in
1612 3719 1753 3792 sapientia
1771 3721 1921 3791 patientiae

1072 3809 1248 3864 conterendo
1264 3823 1309 3863 ma
1326 3808 1489 3876 delendam,
1505 3809 1749 3881 quemadmodum
1772 3807 1853 3864 fortis
1872 3809 1921 3863 leo

1072 3913 1102 3952 se
1117 3896 1254 3966 delendit,
1271 3903 1300 3951 et
1321 3901 1353 3951 ut
1367 3913 1485 3966 serpens
1500 3896 1530 3952 iu
1543 3902 1625 3953 antro
1643 3911 1695 3952 suo
1714 3896 1803 3952 ictum
1818 3898 1922 3952 mortis

169 3991 252 4048 dacia
273 3990 436 4063 proterunt,
463 4004 527 4060 quas
551 3988 581 4041 in
605 4003 651 4042 me
673 3983 850 4057 surquutsic
872 3983 1014 4040 dicentia:
1072 3985 1185 4057 lugiens
1205 4001 1236 4040 se
1259 3984 1416 4041 abscondit.
1443 3987 1513 4041 Nam
1532 4001 1586 4040 nec
1607 3987 1724 4057 sagittas
1744 3985 1851 4041 diaboli
1873 3985 1922 4040 de·

170 4078 242 4146 Quae
261 4079 311 4134 es?
332 4079 366 4132 lit
388 4077 460 4149 quid
486 4075 546 4131 eis?
571 4076 604 4130 Et
638 4074 735 4145 qualia
758 4077 826 4128 aaut
859 4073 1017 4128 certamina
1071 4074 1125 4130 beo
1154 4073 1309 4146 suscipere,
1345 4090 1398 4130 nec
1431 4075 1608 4130 voluntatem
1646 4073 1740 4132 caruis
1777 4089 1920 4130 exercere.

171 4183 236 4241 ques
251 4165 385 4222 exerces?
399 4165 502 4221 lnlelix
524 4164 602 4219 enim
626 4179 666 4218 es.
691 4163 762 4218 Nam
785 4161 903 4233 ignoras
918 4169 1015 4218 utrum
1071 4161 1243 4229 Quomodo?

169 4255 279 4311 bcuum
293 4270 330 4310 au
354 4254 463 4308 melum
479 4267 552 4323 opos
567 4256 649 4306 tuum
669 4251 714 4304 sit.
731 4250 794 4315 Quo
818 4251 934 4306 undem
949 4251 1016 4320 ibis,
1034 4221 1056 4280 Β
1107 4253 1179 4310 Com
1198 4251 1276 4307 enim
1301 4251 1345 4306 ira
1367 4251 1443 4308 eirca
1464 4251 1681 4310 tabernaculum
1703 4267 1801 4308 meram
1823 4252 1921 4310 inteu-

169 4343 279 4416 etquis
301 4348 329 4397 te
343 4338 542 4397 conservabit?
555 4339 589 4392 lit
611 4338 661 4411 qui
683 4344 752 4393 suut
768 4354 880 4393 errores
903 4338 946 4394 illi
966 4339 1017 4412 qui
1071 4343 1139 4399 dere
1156 4341 1299 4408 soluerit3
1317 4340 1347 4396 iu
1371 4341 1530 4397 bonitatem
1555 4341 1605 4398 liei
1628 4339 1749 4413 respicio
1774 4357 1860 4414 quam
1876 4342 1921 4398 ire

169 4437 198 4488 te
221 4432 256 4487 ad
287 4431 430 4487 insaniam
449 4426 578 4486 ducunt?
593 4431 636 4483 ltu
661 4426 792 4500 perficies
819 4428 896 4500 quod
920 4433 949 4484 te
970 4429 1019 4484 de·
1072 4445 1221 4502 nunquam
1241 4427 1346 4501 tetigit,
1366 4435 1392 4486 et
1419 4427 1458 4485 ita
1477 4445 1544 4486 aere
1564 4428 1680 4502 quisue
1702 4429 1819 4485 lenitate
1833 4429 1921 4484 aridi·

168 4521 266 4590 leetut,
282 4536 317 4574 an
329 4519 422 4591 fugies
441 4517 520 4590 quod
541 4523 568 4572 te
582 4515 749 4588 angustiat?
761 4515 817 4573 uul
836 4517 906 4589 qaid
919 4517 1015 4587 iacies,
1072 4525 1159 4575 tatem
1175 4524 1260 4574 terres
1278 4519 1353 4591 rigat
1372 4518 1486 4574 auarior
1506 4518 1595 4574 eredo
1611 4517 1760 4588 spirituale
1779 4517 1920 4589 goudium

167 4612 237 4683 quia
250 4607 327 4665 istud
341 4610 406 4674 scis,
423 4613 452 4663 et
475 4606 546 4662 illud
562 4604 701 4678 ignoras?
722 4605 804 4670 Quod
828 4606 906 4662 enim
926 4610 954 4661 te
969 4607 1017 4662 da·
1071 4607 1190 4675 babens,
1204 4623 1268 4663 coru
1283 4607 1403 4663 virtutes
1417 4608 1448 4662 in
1465 4608 1654 4678 morigeram
1670 4621 1755 4661 suum
1767 4606 1919 4662 ostendere

168 4700 254 4754 lactat
268 4699 324 4754 boc
350 4697 403 4752 tibi
421 4697 532 4752 licitum
551 4701 678 4763 nonest,
700 4700 729 4750 et
740 4695 817 4767 quod
830 4700 857 4749 te
869 4699 1016 4766 angustat,
1070 4696 1223 4768 incipiunt.
1241 4697 1273 4752 ut
1286 4695 1327 4750 sic
1345 4695 1503 4752 bonitatem
1530 4695 1579 4752 usi
1599 4695 1702 4750 sentio.
1728 4695 1799 4751 Cum
1821 4701 1920 4750 autem

168 4787 205 4844 ed
228 4789 284 4844 boc
306 4789 450 4858 praecepto
475 4785 525 4840 llei
544 4784 736 4855 compelleris.
762 4785 796 4839 Et
817 4784 895 4840 unde
915 4783 970 4840 scis
992 4784 1017 4839 si
1071 4783 1171 4842 odium
1196 4801 1243 4840 me
1269 4783 1420 4856 denigrere
1439 4783 1612 4839 tentaverit:
1639 4782 1669 4838 in
1692 4782 1920 4840 misericordiam

167 4875 230 4933 buc
254 4877 295 4932 ita
315 4875 394 4930 siut?
412 4874 512 4930 Helius
534 4873 587 4929 tibi
609 4879 692 4938 esset,
716 4873 741 4928 si
768 4889 828 4929 nou
849 4872 960 4928 luisses.
983 4875 1018 4928 Et
1071 4878 1101 4930 et
1124 4873 1155 4930 ia
1191 4857 1360 4945 martyrium
1393 4873 1458 4928 Filii
1475 4872 1527 4930 Dei
1547 4871 1663 4944 aspicio,
1691 4876 1719 4928 et
1744 4871 1783 4928 ita
1804 4887 1920 4927 carnem

168 4971 322 5038 postquam
345 4963 394 5020 isti
416 4962 546 5018 turbines
565 4961 606 5016 ita
627 4962 657 5016 in
680 4977 728 5017 me
748 4965 935 5018 surrexerant
949 4977 957 5029 3
971 4961 1016 5017 iu·
1071 4975 1165 5018 meam
1189 4963 1355 5034 constringo
1376 4977 1492 5017 suavem
1512 4962 1631 5018 odorem
1655 4975 1785 5016 rosarum
1805 4960 1921 5031 quaeda

168 5051 244 5124 cipio
257 5053 378 5107 alteram
393 5051 469 5106 viam
483 5050 642 5118 ambulare,
658 5065 725 5122 que
739 5049 818 5104 carni
833 5064 907 5104 meae
922 5050 1017 5120 gravis
1071 5051 1160 5122 spinis
1176 5050 1310 5107 oriuntur
1328 5050 1406 5106 fideli
1431 5049 1632 5106 recordatione
1654 5048 1824 5122 suscipiens,
1838 5049 1921 5105 etita

168 5147 222 5210 est,
238 5141 308 5214 quia
329 5140 437 5212 incipio
454 5140 598 5211 justitiam
619 5140 721 5194 lacere.
746 5137 801 5195 Sed
818 5137 926 5194 iterum
940 5136 1017 5194 iutra
1071 5138 1295 5212 Redemptorem
1326 5153 1424 5194 meum
1445 5153 1579 5210 agnosco.
1611 5137 1667 5194 Sed
1694 5151 1761 5194 oum
1785 5137 1921 5209 superbia

169 5247 217 5288 me
240 5229 354 5296 dubito,
376 5233 474 5285 utrum
496 5229 552 5284 boc
571 5244 606 5284 ex
620 5227 698 5283 douo
720 5226 843 5298 Spiritus
866 5225 957 5281 sancti
980 5227 1018 5283 sit
1071 5227 1173 5285 turrim
1197 5227 1331 5284 vanitatis
1353 5243 1412 5282 sure
1428 5227 1491 5283 sine
1510 5227 1701 5284 laudamento
1716 5231 1806 5297 petrae
1828 5226 1859 5281 in
1873 5241 1920 5281 me

169 5336 207 5386 aa
220 5335 289 5388 nou,
305 5323 334 5376 st
355 5318 440 5375 dico:
466 5317 526 5374 lloc
548 5316 650 5373 inutile
672 5321 725 5372 est.
751 5316 786 5371 Et
798 5315 903 5372 deinde
930 5331 1018 5388 super
1071 5315 1252 5372 contenderit
1274 5330 1391 5387 ponere,
1407 5320 1436 5372 et
1457 5316 1532 5372 banc
1547 5315 1730 5372 altitudinem
1745 5314 1776 5370 iu
1798 5329 1845 5372 me
1859 5314 1920 5370 eri·

168 5410 260 5466 nubes
280 5409 377 5465 volare
406 5407 480 5465 solo.
510 5407 572 5472 Quo
597 5405 705 5462 modo?
728 5419 816 5477 super
840 5404 1017 5462 intellectum
1072 5421 1141 5477 gere
1154 5421 1220 5478 quas
1237 5405 1350 5462 nullum
1368 5403 1424 5460 sibi
1438 5403 1760 5470 similemrultbabere,
1781 5402 1919 5460 sedsem·

168 5514 268 5556 meum
288 5498 355 5554 volo
374 5495 538 5561 ascendere,
561 5500 593 5551 et
613 5509 648 5549 ea
661 5493 789 5566 incipere
801 5509 868 5567 quea
880 5493 1019 5567 perlicere
1070 5510 1123 5567 per
1137 5495 1221 5552 altior
1240 5494 1351 5552 caeteris
1365 5493 1465 5552 rideri.
1490 5493 1595 5568 oquis
1617 5493 1691 5552 mibi
1715 5497 1786 5550 tunc
1802 5507 1919 5548 succur-
