3984 6034
155 198 208 252 7115
833 214 836 221 ·
881 195 910 251 S.
931 194 1167 252 llllulteluuls
1845 197 1902 249 756

154 324 313 400 predictam
333 328 437 390 rotam,
454 327 483 379 et
506 339 604 379 versus
625 324 757 380 eamdem
776 324 934 396 imaginem
956 324 999 379 di·
1015 326 1040 380 A
1054 324 1191 390 tenditur,
1216 339 1283 380 cum
1307 328 1442 380 neutrum
1463 324 1593 397 ipsorum
1624 322 1842 380 similitudinem
1866 325 1902 379 li·

154 415 297 487 rigebant.
308 412 458 469 Asiaistra
467 427 534 468 vero
548 417 628 483 parte
642 413 719 468 illins
731 429 748 467 a
761 412 881 484 signetis
891 412 1001 469 ibidem
1054 428 1135 484 gnra
1149 412 1250 469 mundi
1259 428 1312 484 per
1325 412 1424 468 omnia
1439 417 1545 481 teneat,
1560 411 1697 485 quoniam
1711 411 1762 468 illa
1774 412 1905 483 undique

156 502 290 572 nubibus,
315 501 394 557 velut
408 502 494 557 etiam
515 502 580 557 dum
601 500 742 572 linguosa
765 518 795 557 sa
820 502 1001 573 aliquantum
1054 499 1176 572 integra,
1194 501 1329 562 rotunda,
1349 504 1378 555 et
1391 499 1512 556 volubili
1526 500 1666 556 existente
1681 501 1784 572 globus
1798 500 1905 572 aliquia

155 595 305 662 separata,
324 590 353 645 iu
369 590 500 646 eamdem
516 594 618 656 rotam,
634 590 708 646 etad
724 589 816 662 ipsam
830 588 1000 661 imaginem,
1055 587 1106 660 qui
1128 590 1240 661 integer
1266 593 1295 644 et
1322 588 1456 646 volubilis
1484 588 1589 655 existit,
1612 588 1735 643 lormam
1758 588 1849 660 ipsius
1873 588 1905 645 in

156 680 238 753 quasi
257 680 428 752 quibusdem
447 679 546 734 rivulis
564 678 599 733 de
614 696 644 734 se
665 678 875 750 profluentibus
888 695 918 734 se
932 693 1001 734 cun·
1055 677 1135 733 omni
1148 685 1229 750 parte
1242 678 1339 750 potius
1352 677 1494 733 imitetur.

156 768 312 825 vertebant.
325 770 381 825 lloo
394 768 480 824 modo
499 768 595 839 imago
615 767 677 823 baec
692 767 782 839 signis
796 767 859 823 istis
878 766 1003 839 implexa
1057 783 1215 839 pegma,
1236 782 1354 839 cimai,
1368 782 1457 837 lump,
1478 780 1598 854 ,myri
1619 780 1705 854 epm,
1723 797 1814 853 qum
1827 781 1905 837 0112,

157 864 187 914 et
200 858 376 914 circumdata
398 861 469 913 erat.
488 856 551 911 viui
574 856 660 911 etiam
681 856 759 928 quod
777 872 812 912 ex
832 872 881 911 ore
900 854 1004 928 praedi·
1091 854 1180 911 alteri
1190 854 1356 927 subpositus
1377 854 1426 923 sil,
1442 858 1469 908 et
1487 853 1627 926 quomodo
1640 851 1696 909 sibi
1716 851 1826 907 ionicae
1839 868 1904 908 coo·

158 951 211 1003 ctas
237 946 372 1018 imaginis
395 944 426 1000 in
442 945 523 1017 cujus
545 948 661 1015 pectore
684 948 747 999 rota
763 944 929 1016 apparebat,
953 945 1003 1000 lux
1090 928 1237 997 immi»
1252 924 1363 997 etquid
1377 924 1550 997 Woenl·

158 1033 263 1089 clarior
277 1035 340 1088 luce
355 1032 423 1100 diei,
440 1031 671 1087 insimilitudine
685 1032 801 1088 litorum
816 1032 919 1099 exibat,
936 1034 1002 1105 qui·
1093 1032 1138 1087 lv.
1154 1031 1237 1097 Quod
1254 1036 1352 1087 autem
1372 1031 1405 1087 in
1423 1031 1486 1102 ejus
1508 1046 1644 1103 suprema
1667 1034 1751 1102 parte
1774 1045 1827 1101 pcr
1848 1029 1906 1085 cir·

158 1122 212 1178 bus
234 1123 316 1195 signa
341 1121 525 1189 circulorum,
548 1120 687 1193 signaque
710 1127 878 1177 caeterarum
899 1121 1005 1192 ligura·
1058 1120 1169 1176 coitum
1198 1120 1383 1175 rotunditatis
1411 1135 1473 1175 suae
1499 1118 1623 1175 circulus
1655 1119 1686 1174 in
1714 1118 1907 1175 similitudine

158 1226 235 1277 rum,
251 1225 316 1282 quas
338 1209 368 1264 in
383 1208 483 1263 eadem
498 1213 560 1263 rota
582 1208 705 1263 discreta
719 1213 809 1275 erent,
833 1208 1005 1280 singulaque
1059 1208 1147 1265 lucidi
1163 1208 1240 1281 ignis
1262 1211 1391 1280 apparet,
1408 1208 1464 1263 hoc
1478 1213 1523 1264 est
1540 1208 1620 1281 qnod
1634 1208 1762 1279 primam
1777 1208 1908 1263 elemen-

157 1297 240 1370 signa
262 1297 460 1353 membrorum
483 1296 583 1353 formas
600 1296 734 1363 hominis,
754 1296 861 1352 scilicet
875 1296 1004 1367 ejusdem
1059 1302 1122 1352 tum
1143 1296 1220 1368 quod
1241 1296 1318 1369 ignis
1342 1301 1386 1351 est
1406 1294 1535 1367 primum
1555 1295 1662 1366 existit,
1681 1296 1751 1368 quia
1768 1296 1907 1363 lerisest,

158 1384 303 1459 imaginis,
321 1402 386 1457 quas
412 1385 499 1441 etiam
518 1384 549 1439 in
571 1385 635 1457 ipsa
649 1390 712 1441 rota
735 1386 902 1457 apparebat,
926 1390 1005 1441 recta
1058 1390 1218 1451 caeteraque
1233 1386 1375 1441 elementa
1395 1384 1624 1455 comprehendit,
1647 1388 1676 1439 et
1694 1384 1851 1451 illuminat,
1875 1400 1911 1439 ac

159 1481 188 1531 ct
201 1475 335 1531 distincta
349 1490 484 1531 mensura
506 1473 699 1530 metiebatur:
716 1474 1005 1547 quemadmodumin
1060 1489 1160 1529 omnes
1181 1477 1326 1528 creaturas
1347 1472 1503 1544 pertransit
1525 1471 1624 1544 eisquc
1658 1472 1798 1545 gaudium
1822 1472 1911 1528 lumi·

158 1562 397 1636 precedentibus,
434 1562 675 1635 subsequentibus
704 1562 799 1620 verbis
827 1563 886 1619 suia
915 1563 1006 1619 mani·
1060 1561 1106 1617 uis
1121 1560 1167 1616 sui
1189 1559 1400 1630 subministrat,
1416 1560 1583 1632 significans
1597 1560 1756 1632 potentiam
1780 1560 1841 1628 liei,
1857 1561 1913 1632 qui

160 1652 291 1708 lentatur.
1025 1619 1149 1721 ¹³super
1172 1664 1273 1705 omnes
1291 1654 1346 1718 est,
1369 1646 1419 1721 qui
1444 1648 1580 1704 omnibus
1601 1648 1689 1704 vitam
1712 1648 1824 1704 tribuit.
1849 1648 1913 1704 Sub

160 1757 236 1825 Quia
259 1755 400 1815 Divinum
418 1756 514 1812 impar
532 1759 599 1813 νοω
612 1754 729 1829 ,mm
748 1772 800 1813 ,ιω
817 1756 943 1823 inpium,
954 1772 1007 1811 ,ιω
1061 1754 1120 1810 quo
1136 1737 1260 1793 circulus
1283 1737 1357 1794 alius
1371 1736 1445 1792 sicut
1463 1737 1587 1793 cuculus
1605 1736 1682 1809 nigri
1701 1737 1777 1809 ignis
1791 1738 1913 1794 demon-

190 1830 283 1900 finem
295 1828 412 1895 babaria,
433 1844 487 1883 nec
502 1828 563 1884 loco
581 1828 626 1883 cel
640 1830 767 1899 tempore
788 1826 1007 1901 circumscripta
1061 1830 1178 1895 stratur,
1201 1825 1272 1897 quia
1291 1825 1367 1898 ignis
1395 1825 1450 1881 istc
1472 1826 1526 1881 sub
1552 1830 1694 1898 potestate
1719 1825 1825 1898 prioris
1851 1825 1912 1881 cxi-

195 1898 334 1957 ⁰²⁷²²²²⁷⁰²¹⁷²
344 1916 376 1955 *θ
389 1898 620 1972 θοῃῑΡΤθῙῑθΜαῑ·
1060 1919 1148 1983 stans,
1161 1914 1306 1986 judicialis
1321 1920 1351 1970 et
1372 1914 1431 1971 iere
1451 1915 1621 1987 gehennalis
1641 1920 1684 1971 est
1702 1915 1739 1970 ad
1754 1914 1912 1970 vindictam

196 1992 240 2063 ll(
253 2008 287 2061 Et
309 1992 415 2061 iterum
437 2005 533 2061 audivi
557 2020 652 2061 vocem
677 2002 712 2059 de
736 2004 806 2060 coelo
823 2004 895 2060 mibi
910 2003 1005 2060 dicen·
1061 2003 1203 2059 malorum
1226 2002 1325 2066 lactus,
1346 2018 1400 2058 nec
1422 2003 1475 2059 ulli
1490 2001 1531 2058 rei
1551 2002 1645 2075 parcit
1659 2020 1746 2075 super
1764 2019 1853 2075 qnam
1865 2003 1913 2075 ju-

160 2100 239 2152 lem:
257 2095 330 2151 Deus
345 2095 395 2167 qui
407 2094 442 2150 ad
458 2093 580 2165 gloriam
601 2092 727 2148 nominis
742 2094 787 2148 sui
799 2093 941 2149 muudum
954 2095 1007 2148 ele·
1061 2096 1104 2147 sto
1124 2091 1234 2162 judicio
1258 2092 1346 2160 cadit,
1369 2091 1508 2163 quoniam
1532 2092 1563 2147 in
1585 2108 1619 2146 eo
1642 2092 1814 2159 ostenditur,
1832 2092 1912 2163 quod

160 2184 265 2240 mentis
292 2182 465 2255 compilavit,
490 2182 582 2238 ventis
604 2180 785 2237 confirmavit
808 2180 898 2237 stellis
920 2180 1006 2237 iune-
1060 2178 1154 2234 omnis
1168 2180 1218 2252 qni
1234 2196 1264 2237 se
1280 2181 1337 2235 lieo
1355 2181 1487 2253 opponit,
1502 2180 1534 2235 in
1547 2196 1646 2235 casum
1660 2180 1822 2252 nigredinis
1836 2182 1914 2235 mul·

159 2276 237 2329 cteus
258 2270 420 2340 elucidavit,
440 2269 559 2343 reliquis
580 2284 695 2342 quoque
715 2269 853 2325 creaturis
874 2269 1006 2341 replevit,
1060 2272 1214 2340 tecumque
1249 2268 1444 2323 calamitatum
1482 2272 1617 2323 certetur.
1651 2270 1778 2324 Narnia
1809 2274 1913 2324 aestate

160 2360 309 2417 hominem
323 2359 353 2415 in
367 2375 401 2415 co
416 2358 551 2415 omuibus
565 2358 610 2413 bis
624 2357 804 2413 circumdans
820 2361 849 2413 et
862 2358 1007 2427 muniens,
1060 2373 1126 2413 cum
1142 2358 1185 2413 sol
1204 2372 1319 2413 sursum
1338 2357 1477 2425 ascendit,
1500 2357 1577 2413 idem
1599 2356 1675 2428 iguis
1688 2357 1846 2413 uindictam
1861 2358 1914 2413 Dei

160 2449 286 2505 maxime
298 2448 469 2505 fortitudine
490 2447 598 2519 ubique
612 2446 749 2518 perfudit,
772 2450 914 2519 quatenus
933 2446 960 2501 ei
975 2446 1008 2501 iu
1060 2447 1091 2501 iu
1104 2445 1304 2502 combustione
1324 2446 1447 2517 lulgnris
1466 2450 1587 2512 exercet,
1603 2460 1670 2501 cum
1683 2460 1751 2501 sero
1765 2446 1796 2499 in
1811 2445 1912 2500 hieme

160 2537 294 2593 omuibus
316 2536 493 2605 assisterent,
513 2535 706 2607 operibusque
718 2534 808 2605 ipsius
822 2534 1005 2598 interessent,
1061 2536 1102 2590 sol
1117 2536 1252 2591 deorsum
1267 2534 1426 2602 descendit,
1447 2533 1497 2589 ille
1508 2533 1659 2606 judiciales
1682 2534 1782 2605 plagas
1796 2532 1828 2588 iu
1844 2535 1915 2605 gelu

160 2624 244 2681 itaut
256 2640 322 2680 cum
341 2624 399 2680 illis
420 2628 596 2695 operaretur,
617 2623 686 2696 quia
709 2623 797 2679 homo
817 2623 924 2695 absque
948 2622 1008 2677 illis
1062 2628 1090 2679 et
1104 2623 1255 2696 grandine,
1269 2638 1302 2678 ac
1320 2623 1352 2678 in
1375 2622 1481 2695 frigore
1503 2622 1638 2687 ostendit,
1661 2621 1800 2693 quoniam
1816 2622 1913 2695 quod·

163 2730 216 2769 nec
239 2713 345 2782 vivere,
366 2728 419 2768 uec
445 2706 531 2768 etiam
559 2711 713 2768 subsistere
735 2715 838 2783 potest,
867 2711 1009 2783 quemad·
1061 2728 1118 2785 que
1136 2716 1284 2783 peccatum
1298 2727 1349 2765 sen
1370 2709 1450 2781 igne,
1477 2726 1529 2765 seu
1552 2710 1669 2779 uigore,
1691 2726 1742 2766 seu
1761 2710 1828 2765 aliis
1844 2710 1915 2782 qui·

116 2813 121 2819 ·
161 2802 280 2858 modum
299 2800 482 2873 inpraesenti
500 2800 609 2857 visione
629 2800 683 2856 tibi
703 2799 911 2855 manifestatur.
935 2800 1007 2855 Natu
1061 2800 1183 2856 busdam
1198 2800 1290 2872 plagis
1307 2800 1465 2855 secuudum
1484 2800 1699 2855 modumsuum
1718 2798 1912 2854 examinatur.

160 2892 192 2947 in
205 2894 321 2963 pectore
340 2890 467 2962 prelatas
488 2888 623 2962 imaginis
648 2892 712 2944 rota
737 2887 867 2943 mirillcae
890 2886 1008 2943 visionis
1026 2890 1096 2949 cllt
1110 2889 1188 2944 idem
1213 2888 1337 2944 circulus
1359 2887 1448 2943 lucidi
1469 2888 1546 2960 ignis
1567 2887 1702 2943 eumdem
1716 2887 1856 2942 circulum
1870 2888 1917 2942 ui-

161 2984 282 3052 apparet
295 2994 361 3035 cum
381 2978 471 3049 siguis
485 2977 545 3033 suis
570 2978 657 3049 hujus
678 2976 738 3033 lere
754 2976 961 3046 similitudinis,
977 2982 1010 3032 ut
1062 2978 1109 3050 gri
1123 2977 1200 3050 ignis
1214 2977 1256 3032 bis
1270 2976 1414 3033 densitate
1435 2993 1487 3032 sua
1505 2981 1632 3048 superat,
1648 2976 1716 3048 quia
1737 2976 1820 3048 niger
1835 2977 1915 3048 ignis

162 3067 387 3123 instrumentum
406 3064 479 3120 illud
501 3064 579 3137 quod
603 3072 670 3120 ante
700 3064 801 3135 viginti
829 3069 893 3120 octo
917 3081 1009 3120 annos
1062 3067 1115 3122 iste
1129 3071 1218 3120 tantas
1241 3064 1420 3121 fortitudinis
1434 3069 1463 3120 et
1482 3064 1683 3120 amaritudinis
1706 3064 1737 3120 in
1758 3065 1913 3137 nigredine

162 3155 242 3210 velut
264 3153 295 3209 in
315 3153 409 3224 ligura
421 3151 467 3207 ovi
482 3151 672 3223 significativa
688 3152 799 3208 videras
813 3153 959 3225 quomodo
978 3154 1009 3210 iu
1063 3171 1116 3210 sua
1129 3154 1235 3222 existit,
1252 3158 1284 3209 nt
1297 3154 1477 3227 superiorem
1497 3153 1626 3209 lucidum
1639 3152 1738 3225 ignem
1752 3155 1914 3211 obumbra·

162 3242 308 3315 prioribus
322 3240 479 3297 visionibus
494 3240 551 3297 tuis
567 3240 621 3297 tibi
638 3246 786 3297 ostensum
799 3247 852 3310 est,
871 3242 1009 3314 quoniam
1062 3246 1107 3299 ret
1119 3248 1149 3299 et
1162 3243 1324 3314 dissiparet,
1344 3243 1369 3297 si
1383 3242 1432 3297 ille
1459 3243 1537 3298 hunc
1551 3242 1695 3298 densitate
1709 3258 1761 3297 sua
1786 3258 1845 3297 nou
1862 3260 1913 3298 su·

163 3329 271 3403 absque
281 3328 423 3385 oblivione
438 3328 595 3385 inscientia
605 3345 680 3385 vera
691 3330 839 3385 charitatis
855 3346 919 3402 que
936 3332 1011 3387 Deus
1062 3336 1179 3403 peraret
1191 3330 1316 3403 dignans
1329 3332 1407 3403 quod
1419 3330 1547 3386 vindicta
1559 3335 1744 3403 peecatorum
1758 3330 1912 3387 hominum

164 3423 207 3475 est
224 3417 316 3474 lorma
335 3416 436 3473 muudi
457 3416 562 3484 existit,
587 3416 780 3473 insolubiliter
794 3416 937 3486 volubilis,
953 3420 1012 3474 hn-
1063 3426 1108 3475 tol
1121 3419 1250 3491 pericula
1263 3434 1416 3491 pmuarum
1438 3419 1470 3474 iu
1489 3435 1520 3474 se
1533 3419 1630 3488 babet,
1649 3422 1683 3474 ut
1703 3418 1791 3474 homo
1807 3420 1914 3476 durare

163 3519 316 3576 manesque
330 3508 441 3560 naturae
464 3502 615 3571 mirabilis,
632 3504 672 3559 ita
686 3508 718 3561 ut
733 3520 785 3559 nee
801 3504 858 3559 ulla
874 3509 1012 3561 vetustate
1064 3523 1124 3563 nou
1137 3512 1234 3577 posset
1247 3508 1272 3562 si
1285 3507 1379 3580 matis
1393 3511 1422 3562 et
1443 3507 1596 3564 clementia
1611 3506 1664 3563 liei
1682 3507 1733 3561 illa
1757 3522 1818 3562 uon
1833 3523 1914 3579 prse-

165 3596 360 3649 cuusumatnr.
389 3607 443 3649 nec
466 3592 527 3649 ulla
546 3591 674 3649 novitate
698 3598 848 3663 augeatur,
873 3593 924 3649 sed
947 3597 1013 3649 uta
1064 3596 1185 3652 veniret.
1210 3596 1278 3652 litii
1302 3598 1360 3651 duo
1384 3595 1484 3651 circrui
1507 3595 1596 3667 quasi¹
1611 3611 1687 3651 unus
1711 3596 1834 3651 circulus
1854 3596 1916 3652 sint

166 3684 224 3739 Deo
240 3682 368 3753 primum
388 3686 482 3737 creata
498 3685 549 3749 est,
571 3680 611 3736 sic
627 3696 719 3753 usque
743 3681 779 3736 ad
803 3681 893 3737 finem
915 3683 1013 3738 saculi
1064 3683 1119 3740 sibi
1141 3683 1266 3740 invicem
1297 3684 1526 3756 conjunguntur,
1557 3684 1626 3756 quia
1653 3684 1684 3739 in
1713 3684 1815 3741 ardore
1838 3685 1916 3755 ignis

164 3769 341 3845 perdurabit,
369 3768 509 3826 Divinitas
532 3769 639 3824 etenim
664 3770 695 3824 iu
720 3770 902 3841 praescientia
929 3776 958 3827 et
981 3770 1013 3826 iu
1064 3774 1198 3845 llagraut,
1212 3777 1241 3829 et
1254 3772 1394 3845 quoniam
1408 3778 1533 3844 potestas
1552 3779 1582 3828 et
1596 3773 1740 3843 judicium
1750 3774 1801 3828 llsi
1813 3772 1916 3829 inane

166 3874 254 3932 opere
268 3873 320 3915 suo
341 3859 420 3915 velut
435 3862 495 3913 tote
513 3857 627 3929 integra
648 3863 699 3926 est,
716 3865 746 3914 et
765 3860 846 3915 nullo
867 3859 953 3915 modo
968 3859 1012 3915 di·
1065 3862 1236 3917 rectitudine
1262 3878 1292 3917 se
1324 3862 1505 3917 continentes
1531 3862 1569 3917 ab
1596 3862 1718 3917 invicem
1744 3877 1803 3918 nou
1831 3878 1916 3934 sepa·

165 3949 235 4015 visa,
251 3946 390 4020 quoniam
411 3962 465 4002 nec
487 3945 601 4001 initium
616 3962 669 4002 nec
688 3948 775 4003 linem
791 3948 888 4016 habet,
909 3962 962 4002 nec
975 3947 1012 4003 ab
1067 3955 1176 4006 rantur.

167 4037 227 4093 ullo
243 4033 448 4107 comprehendi
469 4038 572 4106 potest,
589 4034 658 4107 quia
673 4037 734 4091 siue
755 4040 883 4107 tempore
908 4041 961 4091 est.
979 4035 1013 4091 Et
1065 4060 1104 4114 p,
1117 4056 1225 4114 circulo
1245 4056 1318 4139 pu„-
1335 4056 1448 4113 xpm-3
1478 4056 1530 4129 qm·
1552 4058 1654 4111 pergin,
1675 4061 1729 4121 „g
1745 4056 1785 4110 ag
1801 4056 1871 4128 Μ
1884 4055 1917 4110 ,·„

167 4124 242 4181 sicut
255 4122 378 4179 mulus
396 4137 439 4191 ea,
466 4136 531 4193 quse
553 4122 626 4179 intra
644 4124 741 4195 ipsum
763 4125 863 4192 latent,
882 4138 1012 4195 compre·
1033 4168 1055 4223 D
1102 4129 1365 4185 constitutionem
1377 4099 1484 4196 meis,
1497 4126 1605 4200 etquid
1617 4127 1761 4200 munificet
1774 4132 1803 4183 et
1813 4142 1915 4198 quere,

167 4211 279 4279 hendit,
303 4211 343 4267 ita
358 4214 456 4267 sanem
476 4211 615 4267 Divinitas
637 4212 749 4267 inlinile
769 4213 866 4267 omnia
880 4228 1015 4285 compre·
1103 4204 1191 4256 101118
1201 4198 1356 4256 “eutimii'‘
1367 4197 1407 4255 ⁸⁸⁹²
1418 4204 1531 4266 ittam
1544 4198 1602 4254 (1¹⁴⁰
1614 4197 1784 4270 mimm-

167 4300 269 4357 beudit
281 4304 311 4355 et
333 4299 544 4371 superexcellit,
567 4300 636 4373 quis
660 4300 753 4372 ipsam
770 4300 799 4356 in
818 4302 949 4371 potentia
962 4317 1015 4357 sua
1104 4306 1135 4360 V.
1148 4306 1207 4361 Sub
1229 4305 1332 4361 eodem
1347 4309 1444 4359 antem
1462 4305 1568 4360 circulo
1582 4303 1660 4376 nigri
1681 4304 1758 4375 ignis
1772 4304 1845 4358 alius
1859 4304 1917 4358 eir·

169 4389 266 4446 nullas
284 4387 423 4455 dividere,
445 4404 498 4445 nec
511 4404 656 4460 superare,
676 4405 729 4444 uec
743 4389 777 4445 ed
794 4388 882 4445 finem
905 4390 1015 4463 perdu-
1068 4395 1150 4450 culus
1163 4394 1194 4450 iu
1216 4392 1404 4449 similitudine
1422 4392 1490 4465 puri
1508 4393 1625 4448 aetheris
1638 4398 1692 4459 est,
1706 4393 1918 4465 ubiquetautae

169 4492 234 4534 cere
249 4476 354 4549 potuit.
1069 4481 1229 4551 densitatis,
1239 4481 1594 4553 quanteeireulluuorum
1604 4481 1791 4553 prelatorum
1801 4482 1916 4553 ignium

169 4586 266 4654 Qum
282 4588 314 4641 p,
328 4584 401 4642 prm,
420 4584 526 4641 savia,
554 4584 666 4665 ‚pm
685 4584 786 4640 mundi
800 4584 832 4640 g„
841 4586 938 4659 βψω
958 4584 1014 4654 oni,
1068 4574 1219 4643 apparent,
1235 4569 1374 4642 quonism
1388 4570 1441 4625 sub
1455 4570 1583 4641 prelatis
1605 4570 1721 4641 ignibus
1734 4574 1793 4625 tem
1818 4571 1918 4627 lucido

204 4659 233 4711 el
244 4655 276 4712 s'n
292 4655 349 4737 isto
364 4655 396 4712 s'n
415 4654 604 4712 similitudine
618 4658 686 4711 rola
706 4660 831 4721 aalma,
845 4658 891 4714 cel
911 4657 1016 4714 mori-
1069 4674 1155 4731 quam
1171 4658 1255 4729 nigro
1268 4658 1442 4714 rotunditate
1456 4658 1657 4714 anamundum
1668 4658 1919 4731 comprehendens

203 4733 258 4801 ΡΜ
270 4730 320 4783 ”l-
1069 4763 1159 4819 puras
1171 4748 1314 4803 retberest
1325 4744 1438 4817 abipsis
1451 4746 1610 4816 procedens
1624 4748 1703 4803 velut
1711 4746 1824 4820 fulgora
1834 4747 1919 4802 llam·

206 4834 255 4890 111.
275 4833 329 4890 Sed
344 4834 421 4906 quod
436 4832 634 4906 supradictum
653 4833 878 4891 instrumentum
891 4834 923 4891 in
935 4834 1015 4906 prio-
1070 4839 1167 4891 munte
1180 4835 1259 4907 igne,
1281 4832 1398 4906 quando
1420 4834 1496 4906 ignis
1510 4833 1659 4890 llammam
1676 4850 1759 4890 suam
1779 4836 1920 4907 expandit

170 4921 251 4979 ribus
264 4922 422 4979 visionibus
436 4922 492 4977 tuis
507 4920 644 4993 infigura
658 4922 706 4979 ovi
723 4924 891 4980 denotatum
906 4927 950 4979 est
963 4924 1017 4979 boc
1069 4925 1269 4981 demonstraus
1284 4938 1388 4993 puram
1410 4920 1608 4993 paenitentiam
1632 4927 1826 4993 peccatorum,
1850 4940 1916 4996 quse

170 5010 304 5079 ostendit,
320 5011 399 5083 quod
417 5009 564 5067 distinctio
578 5010 787 5067 elementorum
803 5012 835 5068 in
855 5011 957 5067 eedem
977 5012 1016 5066 si·
1068 5011 1258 5084 pergratiam
1275 5009 1326 5067 llei
1336 5011 1415 5065 velut
1426 5025 1445 5064 a
1458 5008 1554 5065 lucido
1569 5009 1647 5081 igne,
1669 5014 1696 5065 el
1710 5026 1762 5082 per
1782 5011 1919 5067 timorem

171 5098 335 5157 militudine
348 5100 532 5158 solummodo
552 5100 738 5173 significatur,
755 5098 893 5172 quoniam
908 5100 1016 5156 mundo
1069 5102 1133 5173 ejus
1145 5100 1228 5173 quasi
1241 5116 1259 5155 a
1272 5099 1357 5170 nigro
1372 5097 1406 5154 iu
1427 5096 1547 5154 bomine
1566 5099 1717 5154 excitatur.
1737 5100 1772 5155 Et
1785 5100 1918 5171 ejsrsdeur

172 5189 322 5245 elementis
335 5188 469 5245 distincto
490 5188 639 5247 discretiva
656 5190 752 5247 forma
770 5189 816 5244 ori
831 5188 1016 5245 similitudini
1069 5188 1219 5247 densitatis
1245 5192 1299 5255 est,
1321 5190 1353 5241 ut
1373 5188 1432 5243 duo
1463 5186 1622 5258 supradicti
1643 5186 1727 5259 ignes
1748 5193 1828 5256 suut,
1849 5187 1920 5260 quia

172 5278 364 5335 distinuionis
376 5277 478 5349 ipsius,
493 5294 550 5351 qua
571 5278 722 5335 elementis
736 5276 884 5334 distinctus
899 5282 952 5344 ast,
968 5277 1017 5332 ali·
1069 5279 1130 5349 ipse
1146 5276 1184 5335 ab
1205 5278 1260 5333 boc
1277 5281 1400 5349 utroque
1428 5278 1497 5348 igne
1521 5274 1720 5348 resplendens,
1745 5276 1918 5332 umussmm

174 5372 313 5438 quantum
336 5364 529 5435 assimilatum
545 5367 591 5423 bic
606 5373 701 5424 autem
724 5367 755 5422 ln
769 5371 831 5422 rota
844 5366 974 5423 circuitio
989 5371 1018 5423 et
1072 5368 1220 5440 utriusqus
1233 5366 1264 5422 in
1288 5382 1318 5422 se
1333 5365 1432 5435 babet,
1456 5380 1509 5421 nec
1530 5365 1625 5422 lenior
1638 5364 1670 5420 in
1688 5365 1801 5436 fulgore
1815 5364 1917 5433 lucida,

173 5458 251 5510 recta
269 5468 404 5511 memora
424 5455 592 5512 eorumdem
613 5456 823 5512 elementorum
842 5460 953 5512 mutum
969 5472 1016 5511 os·
1070 5470 1124 5511 uec
1144 5454 1272 5511 severior
1291 5455 1323 5511 iu
1347 5453 1563 5525 repercussione
1589 5451 1669 5525 nigri
1691 5452 1799 5520 abiit,
1828 5468 1919 5524 quam
1986 5491 1987 5498 ,
