3984 6034
110 235 164 291 res
814 233 906 291 ecre
925 231 1175 301 ruouvsmoros
1813 221 1862 294 vat

107 364 195 420 vobis
211 381 261 438 per
275 364 494 437 quatuordecim
514 365 585 434 dies,
605 369 633 420 et
650 365 727 438 agite
742 365 958 438 poenitentiam,
977 370 1075 424 Anco
1092 367 1192 436 semel,
1217 367 1266 423 sed
1290 366 1405 439 sepius.
1430 367 1507 423 Vidit
1529 367 1617 424 etiem
1642 367 1791 425 hominem
1817 371 1864 425 in·

107 459 138 507 ct
160 453 252 508 linitis
271 454 329 509 illis
351 454 462 520 diebos,
487 454 713 526 exspiraverunt.
738 455 852 526 Adjecit
873 455 961 511 etiem
1015 471 1129 522 sanum,
1147 461 1176 510 et
1190 455 1325 528 ligatum,
1347 462 1376 511 et
1391 456 1602 512 daemoniocum
1625 474 1712 530 super
1733 459 1863 515 tombam

108 542 213 597 eedem
231 542 266 597 da
281 543 408 613 quodem
425 542 539 610 clerico,
556 543 633 614 quod
647 542 674 598 ei
688 543 774 599 simili
790 543 876 599 modo
889 559 961 598 con·
1016 547 1089 616 ejus,
1111 561 1128 599 a
1148 544 1322 616 quibusdam
1345 545 1486 600 violenter
1510 546 1674 614 deductum,
1699 564 1716 602 u
1738 564 1863 620 quorum

107 630 237 702 tingeret
262 647 269 685 :
297 631 343 686 cui
372 632 521 686 cellerarie
549 633 608 704 (m)
640 631 799 704 Hedcvvigis
826 647 962 688 converse
1016 633 1150 688 menibus
1175 633 1290 689 undem
1316 651 1346 688 se
1372 634 1489 700 exemit,
1519 637 1549 688 et
1573 635 1603 688 in
1626 637 1747 691 llumine
1773 639 1862 705 Naba,

105 719 207 789 jurata
221 720 387 776 concordet.
1016 723 1093 793 quod
1118 725 1162 778 est
1184 722 1215 777 in
1238 723 1311 794 pede
1334 723 1449 789 montis,
1476 737 1505 777 se
1527 724 1682 779 submersit
1706 741 1713 779 :
1742 730 1771 780 et
1796 742 1862 781 cum

147 810 175 863 3.
195 809 342 864 bleichidis
358 810 454 879 jurate
476 808 555 871 dicit,
579 809 655 880 quod
677 808 737 881 ipsa
758 826 774 864 a
796 814 887 865 matre
911 825 963 865 soa
1015 811 1100 867 multi
1121 811 1339 867 circumstantes
1363 811 1515 868 crederent
1535 829 1602 868 euru
1624 829 1684 868 esse
1703 818 1860 881 mortuum,

109 894 267 962 audiverit,
298 913 328 952 sa
358 911 420 952 esse
448 912 554 952 cecum
583 903 690 966 natam,
714 902 744 952 et
769 897 856 968 [cum]
881 897 963 953 beata
1016 901 1132 956 inventa
1147 900 1275 973 ejusdem
1294 900 1414 972 virginis
1428 901 1530 972 gratia,
1552 901 1633 955 vivos
1652 908 1694 957 est
1709 908 1861 959 extructus.

111 985 296 1055 llildegerdis
316 985 352 1042 ed
370 986 467 1042 villum
483 985 627 1058 iiibingen
651 989 717 1056 (73),
742 985 792 1040 ubi
815 993 962 1042 monaste·
1017 989 1072 1055 Qui
1094 1006 1126 1044 sa
1148 990 1301 1045 liberatum
1324 1007 1340 1044 a
1361 989 1507 1045 demonio
1532 990 1680 1046 confessus
1703 997 1757 1061 est,
1777 996 1806 1047 et
1826 992 1864 1049 eb

111 1073 192 1128 rium
214 1073 300 1130 etiem
324 1075 503 1143 fundaverat,
530 1075 585 1130 iret
610 1074 766 1143 visitatum,
790 1075 915 1130 occurrit
936 1075 962 1132 ei
1017 1094 1092 1151 aqrta
1113 1095 1166 1150 per
1188 1079 1330 1134 manicam
1356 1079 1449 1134 beate
1474 1079 1594 1150 virginis
1618 1095 1678 1134 esse
1702 1080 1862 1136 defensum.
1950 1082 1955 1088 “

112 1167 210 1218 mater
231 1179 282 1217 soa
304 1179 367 1218 eum
390 1163 532 1232 delerent,
557 1167 585 1218 ct
607 1163 729 1236 gratiam
754 1165 844 1220 beatae
867 1165 962 1221 Hilde·
1017 1169 1088 1225 tloic
1111 1169 1186 1223 iacto
1207 1168 1323 1227 publica
1344 1167 1422 1222 lemn
1444 1167 1608 1233 concordat,
1629 1174 1658 1223 et
1682 1169 1775 1240 major
1796 1186 1864 1241 pars

112 1251 213 1322 gardis
231 1251 403 1322 implumem
421 1252 484 1324 ipse
496 1267 563 1307 vern
581 1251 666 1307 besto
681 1251 772 1322 virgo,
788 1268 853 1308 cum
869 1253 963 1309 adhoc
1015 1263 1172 1312 conventus
1188 1257 1294 1328 jurate.
1316 1256 1444 1328 Repodo,
1467 1256 1559 1324 Hilda,
1584 1257 1766 1325 llumbertus,
1789 1258 1864 1313 cives

112 1339 144 1394 in
161 1340 229 1394 navi
249 1345 333 1408 esset,
356 1356 432 1412 equa
447 1340 539 1396 Rheni
559 1341 657 1395 oculos
677 1356 759 1396 coecre
780 1340 894 1410 liniens,
916 1343 963 1396 vi·
1017 1345 1205 1418 Pinguienses
1247 1345 1348 1400 dicunt
1388 1345 1465 1416 quod
1496 1340 1621 1400 'beatam
1668 1347 1864 1418 llildegurdim

113 1444 179 1482 sum
206 1428 233 1483 ei
264 1429 398 1484 restituit.
429 1428 615 1500 irmingardis
645 1429 783 1501 requisita
811 1435 841 1483 et
867 1430 963 1499 jurata
1017 1435 1141 1490 viderint
1164 1435 1262 1488 mullis
1283 1433 1394 1502 diebus,
1418 1439 1446 1488 et
1471 1436 1549 1506 qund
1572 1435 1717 1490 demonia
1741 1436 1777 1491 ab
1800 1453 1863 1492 nm·

111 1516 187 1572 dixit
218 1533 248 1572 se
277 1517 332 1572 hoc
361 1517 438 1572 idem
471 1517 586 1572 vidisse.
622 1517 737 1573 Addidit
766 1518 852 1573 ctiam
885 1518 963 1590 quod
1017 1525 1102 1580 nibus
1127 1527 1182 1595 (75)
1211 1539 1270 1579 soce
1299 1523 1464 1596 provinciae,
1489 1531 1516 1578 et
1541 1525 1657 1580 aliunde
1683 1525 1865 1582 venientibus

113 1605 197 1659 beate
220 1605 399 1676 hildegardis
414 1605 569 1678 qviamdam
586 1605 724 1677 puellum,
739 1622 804 1678 qvtae
827 1606 855 1661 in
879 1607 961 1662 scho·
1017 1613 1143 1684 ejecerit,
1173 1613 1341 1685 epilepticos
1366 1612 1483 1680 curarit,
1512 1618 1542 1668 et
1567 1615 1659 1668 merita
1687 1615 1743 1668 alia
1770 1617 1863 1685 signa,

111 1694 204 1748 larem
220 1709 249 1748 sc
271 1698 522 1763 transmutaverat,
543 1695 661 1749 nomine
686 1711 830 1766 expresso,
856 1696 964 1751 seilicet
1018 1715 1083 1771 qore
1097 1701 1173 1770 lecit,
1192 1707 1221 1754 et
1235 1702 1289 1756 hoc
1306 1701 1362 1772 ipsi
1377 1700 1511 1771 viderint,
1527 1708 1556 1756 et
1570 1705 1647 1773 quod
1666 1703 1701 1757 de
1716 1705 1864 1760 sanctitate

113 1783 277 1848 berrudim,
306 1785 371 1839 licet
392 1799 455 1838 eum
481 1789 545 1838 aule
570 1799 626 1838 non
649 1783 765 1850 viderit;
790 1783 836 1838 cui
860 1784 961 1839 dixit:
1018 1791 1081 1860 ejus
1103 1807 1161 1844 non
1183 1791 1220 1845 sit
1243 1789 1444 1845 dubitandum.
1474 1792 1630 1847 linrtredus
1654 1794 1768 1862 juratus
1791 1809 1863 1847 con·

112 1872 290 1926 Convertere
319 1873 354 1927 ed
382 1877 486 1928 Sittium
516 1873 676 1936 meliorem.
707 1873 842 1944 quoniam
872 1889 962 1928 atinus
1017 1879 1118 1934 cordat
1130 1895 1195 1934 curn
1217 1879 1372 1952 praedictis,
1388 1885 1418 1934 el
1433 1881 1486 1934 hoc
1507 1881 1620 1952 adjecit,
1641 1881 1719 1952 quod
1741 1887 1866 1953 quatuor

111 1966 179 2015 tons
200 1977 259 2015 non
284 1963 359 2015 ultra
384 1961 464 2028 nnvi;
490 1978 521 2017 uc
544 1963 567 2015 si
590 1961 707 2026 diceret,
731 1961 786 2015 hoc
808 1977 883 2015 enno
905 1978 963 2016 mo-
1017 1967 1208 2023 daemoniacos
1227 1974 1257 2023 et
1280 1969 1446 2042 epilepticos
1466 1987 1519 2040 per
1539 1970 1643 2024 merita
1662 1971 1790 2041 ejusdem
1807 1971 1864 2026 vir·

112 2051 207 2104 rieris.
224 2049 278 2104 Sed
294 2065 359 2104 cum
375 2048 488 2105 beatam
515 2050 707 2120 llildegardim
733 2049 860 2119 vidisset,
882 2066 962 2105 com-
1018 2057 1093 2127 ginis
1108 2057 1180 2112 vidit
1195 2056 1342 2112 liberatos.
1360 2058 1499 2112 ilenricus
1513 2061 1668 2113 carronteus
1683 2060 1865 2131 Pinguiensis

112 2143 232 2209 puncta,
248 2138 376 2192 confesso
390 2143 443 2204 est,
458 2153 488 2192 se
504 2154 565 2192 esse
583 2138 732 2192 mulierem
755 2153 762 2192 t
788 2145 817 2193 et
835 2139 875 2192 sio
894 2154 961 2193 oon·
1014 2147 1128 2217 juratos
1142 2145 1211 2201 dicit
1225 2145 1303 2218 quod
1312 2146 1407 2201 crines
1416 2147 1506 2202 beate
1517 2147 1636 2217 virginis
1645 2147 1866 2204 duabusmulie·

112 2242 208 2294 versa,
233 2227 333 2282 eodem
358 2243 433 2281 anno
457 2233 570 2281 mortua
594 2232 645 2282 est.
672 2228 741 2282 Cum
768 2227 820 2282 hac
841 2243 962 2282 concor·
1017 2232 1097 2287 ribus
1112 2231 1236 2286 infirmis
1255 2231 1396 2303 opposuit,
1413 2238 1442 2287 et
1456 2232 1554 2288 statim
1577 2240 1644 2287 sont
1662 2233 1789 2288 liberates
1806 2250 1813 2290 ε
1829 2234 1864 2289 de

114 2315 186 2370 dant
205 2317 367 2386 superiores
380 2316 493 2386 jurate.
511 2316 616 2371 Eadem
631 2316 717 2370 etiam
735 2317 833 2387 puelle
847 2321 963 2388 propter
1017 2321 1203 2376 daemoniacis
1220 2326 1249 2376 et
1266 2320 1427 2393 epilepticis
1448 2321 1604 2376 concordat
1620 2338 1685 2377 cum
1706 2323 1862 2394 praedictis,

112 2406 178 2474 ejus
192 2403 449 2475 pulchritudinem,
466 2402 683 2474 neapluribns
698 2410 852 2470 amaretur,
867 2406 962 2459 colore
1017 2409 1126 2464 scilicet
1153 2425 1218 2464 cnm
1246 2409 1410 2481 Rapodone,
1441 2409 1534 2478 liiida,
1563 2411 1719 2466 llnmberto
1745 2411 1864 2480 civibus,

112 2497 188 2547 tetro
214 2509 243 2546 se
269 2492 397 2558 luscavit,
421 2499 450 2546 et
472 2499 624 2564 propterea
647 2498 707 2547 tota
730 2493 835 2548 vicinia
858 2496 963 2550 claruet
1016 2501 1046 2552 et
1074 2514 1139 2553 com
1168 2497 1308 2553 Hartrado
1338 2497 1476 2552 canonico
1507 2497 1683 2569 pinguiensi.
1717 2499 1865 2555 &aradus

112 2580 204 2634 idem.
227 2580 337 2651 Adjccit
361 2581 447 2635 etium
476 2580 565 2651 quod,
588 2596 652 2636 cum
675 2581 807 2653 quedam
832 2589 962 2638 matrone
1017 2584 1609 2656 umenPinguiensisnevisnconcoreat
1626 2586 1662 2641 do
1680 2586 1865 2642 demoniacis

112 2669 148 2724 dc
172 2675 265 2724 morte
291 2670 335 2724 soi
357 2670 452 2724 mariti
477 2675 553 2724 esset
575 2677 714 2741 suspecte,
740 2677 769 2726 et
793 2673 962 2743 expurgatio
1017 2690 1083 2729 cum
1095 2673 1250 2744 predictis.

112 2757 182 2812 terri
200 2757 354 2813 candentis
376 2757 430 2812 sibi
454 2757 639 2825 indiceretur,
665 2759 699 2815 ad
725 2759 836 2814 beatam
866 2761 962 2816 llilde-
1053 2762 1165 2817 5.ltem
1182 2762 1320 2832 magistra
1338 2760 1393 2833 (76)
1417 2763 1512 2832 jurate
1535 2768 1613 2818 certa
1634 2763 1783 2832 relatione,
1803 2770 1865 2820 eta

111 2847 226 2917 gardim
251 2847 387 2913 cucurrit,
411 2847 518 2902 lactum
543 2847 597 2902 sibi
623 2848 763 2916 indicans,
787 2848 871 2904 beate
893 2865 962 2905 vern
1018 2850 1186 2906 melioribus
1201 2850 1258 2905 lide
1273 2849 1379 2922 dignis,
1402 2855 1432 2906 et
1446 2851 1481 2905 ab
1502 2851 1564 2921 ipsa
1582 2850 1699 2905 domina
1718 2853 1754 2906 de
1777 2854 1863 2908 horv-

110 2936 195 3006 virgn
212 2934 391 3005 llildegerdis
404 2936 512 2990 lerrvrm
529 2935 674 2991 benedixit
688 2938 814 2992 candens
830 2954 836 2992 :
854 2943 882 2992 et
895 2954 959 2993 cum
980 2942 1088 3013 cbecq
1103 2939 1212 3006 didicit,
1228 2939 1317 3011 qnod,
1333 2955 1400 2995 cum
1420 2939 1450 2995 in
1471 2940 1664 2995 anniversario
1686 2946 1782 2996 sancta
1806 2942 1864 2999 llil·

111 3023 223 3079 lerrom
250 3025 375 3079 candens
399 3023 574 3094 deportaret,
599 3025 688 3080 illesa
710 3027 877 3095 permensit.
911 3028 962 3082 Coi
1016 3029 1149 3100 degerdis
1169 3027 1314 3100 quoddam
1338 3029 1447 3097 lumen,
1469 3029 1550 3099 cujus
1572 3029 1722 3101 longitudo
1745 3046 1863 3086 manum

111 3113 187 3167 lecto
204 3111 406 3184 publicatuma
423 3113 576 3168 concordat
596 3114 626 3168 in
647 3114 761 3170 civitate
785 3115 960 3187 pinguiensi.
1017 3135 1074 3173 non
1102 3117 1232 3187 excessit,
1260 3118 1336 3190 qnod
1367 3118 1411 3172 vix
1440 3134 1491 3189 per
1518 3118 1740 3174 celebrationem
1770 3117 1865 3174 missen

113 3202 192 3256 [lixit
213 3202 300 3257 etium
323 3203 412 3272 quod,
438 3217 502 3256 cum
524 3201 568 3257 bis
592 3203 654 3274 ipsa
676 3203 705 3258 in
728 3205 863 3259 extremis
885 3204 962 3260 labo·
1016 3213 1111 3279 posset
1139 3207 1254 3275 durare,
1284 3223 1433 3262 accensum
1463 3207 1494 3261 in
1523 3207 1633 3262 bonore
1658 3209 1785 3279 pretate
1811 3208 1864 3262 do·

111 3295 209 3358 reret,
237 3289 368 3345 invocato
401 3289 529 3361 ejusdem
565 3291 653 3347 beatae
683 3292 803 3363 virginis
835 3293 960 3361 auxilio,
1017 3296 1115 3364 minoe,
1138 3295 1217 3367 quod
1243 3295 1280 3350 ab
1302 3295 1373 3350 horu
1395 3295 1558 3366 vespertine
1584 3312 1675 3368 usque
1700 3295 1737 3351 ad
1762 3296 1864 3351 horam

111 3379 236 3433 liberata
256 3383 307 3434 csl.
334 3379 414 3446 llicit,
441 3380 539 3447 etiem,
563 3381 641 3452 qnod
668 3380 780 3449 viderit,
798 3397 830 3436 ea
851 3388 963 3438 mortue
1017 3383 1112 3438 missae
1127 3384 1275 3456 sequentis
1288 3383 1344 3438 diei
1360 3384 1548 3455 perduravit:
1569 3385 1599 3438 in
1622 3384 1685 3454 ejus
1706 3385 1794 3440 etiam
1813 3400 1864 3439 an·

111 3473 140 3522 et
159 3467 234 3534 viva,
251 3469 311 3538 ejus
333 3468 451 3523 nomine
471 3468 615 3538 invocato,
642 3470 834 3525 daemoniacos
857 3477 886 3526 el
905 3472 964 3544 epi·
1016 3473 1174 3528 niversario
1192 3476 1251 3527 tcta
1274 3471 1378 3527 vicinio
1397 3471 1517 3527 conlinit
1539 3478 1568 3527 et
1590 3472 1731 3528 conlluxit
1749 3471 1788 3527 ad
1801 3473 1863 3544 ejus

111 3557 233 3622 lepticos
248 3556 392 3611 liberatos.
1019 3563 1192 3632 sepulcrum.
1213 3560 1357 3615 intellexit
1376 3560 1463 3616 eliam
1484 3578 1501 3615 n
1523 3560 1683 3616 senioribus
1698 3561 1866 3616 monasterii

146 3647 174 3699 4.
207 3647 266 3701 lloc
288 3645 366 3701 idem
395 3646 465 3702 dicit
491 3647 634 3719 lledwigis
664 3648 699 3703 de
727 3648 824 3703 Alceie
850 3650 962 3721 jurate,
1017 3649 1158 3720 depnern
1180 3664 1256 3704 caeco
1279 3654 1348 3704 neto
1373 3649 1440 3719 (77),
1462 3650 1508 3704 cui
1530 3651 1622 3704 risum
1647 3649 1772 3705 restituit
1790 3665 1867 3721 aque

110 3734 251 3806 adjiciens
273 3735 349 3807 quod
365 3736 447 3791 beate
462 3736 643 3808 Hildegardis
665 3737 696 3792 in
718 3737 791 3793 lecto
815 3739 962 3810 aegritudi·
1018 3738 1111 3794 Rheni
1126 3737 1216 3794 oculis
1230 3737 1290 3792 suis
1304 3737 1403 3804 linitis,
1419 3737 1488 3792 dum
1500 3737 1577 3792 inter
1586 3738 1785 3809 lioedesbeym
1796 3738 1864 3809 (78),

111 3825 158 3880 nis
173 3841 289 3895 semper
303 3825 361 3880 luit
376 3827 547 3896 perlustrate
564 3827 637 3894 (7·l);
655 3830 683 3880 et
702 3841 767 3882 cum
784 3827 963 3899 sentientiam
1017 3827 1095 3900 quod
1110 3825 1228 3882 distata
1251 3825 1383 3898 sepulcro
1407 3825 1470 3897 ejus
1491 3842 1543 3897 per
1566 3826 1699 3889 milliare,
1715 3827 1791 3898 quod
1804 3827 1866 3898 ipse

110 3913 251 3969 instincto
273 3913 396 3984 Spiritus
420 3914 521 3982 suncti,
547 3929 611 3985 quae
635 3913 676 3969 sic
697 3913 962 3985 incipit20llrnoi
1018 3916 1106 3972 ctiam
1133 3915 1245 3987 trepida
1274 3930 1370 3971 coram
1396 3915 1479 3970 nobis
1505 3920 1548 3969 est
1572 3914 1700 3968 confessa
1725 3917 1764 3969 itn
1792 3930 1864 3971 esse.

111 4020 143 4058 tr
171 4017 291 4056 nunaut
319 4019 370 4074 per
395 4003 550 4058 clnostrum
580 4003 756 4059 ambulando
784 4003 962 4061 decantabat.
1018 4004 1160 4060 Intellexit
1187 4003 1265 4060 enim
1297 4002 1385 4076 [forte
1411 4002 1510 4073 etiem]
1538 4020 1554 4058 e
1582 4003 1750 4074 majoribus,
1775 4003 1865 4076 qnod,

112 4093 167 4148 Cui
183 4090 337 4146 concordat
357 4092 514 4147 custodissa
537 4097 567 4146 et
588 4093 736 4147 celleraria
757 4092 871 4162 juratae.
893 4096 964 4150 ilem
1018 4109 1085 4149 cum
1099 4092 1459 4148 Wilhelmns'l'revirensis
1481 4092 1708 4158 archidiaconus,
1733 4092 1780 4147 cui
1798 4107 1865 4148 com

113 4180 286 4252 dicitquod
310 4180 414 4235 viderit
434 4181 583 4236 candelam
605 4181 755 4236 nrdenlem
778 4197 866 4253 super
887 4187 963 4238 tum·
1019 4183 1113 4238 crines
1131 4182 1223 4237 beate
1245 4181 1426 4253 Hildegardis
1451 4181 1510 4236 dati
1535 4197 1587 4252 pro
1610 4180 1740 4252 reliquiis
1760 4185 1865 4249 essent,

112 4271 185 4325 bam
200 4268 274 4339 ejus,
290 4285 354 4324 cum
375 4267 544 4324 cantabatur
564 4269 651 4324 misse
667 4285 719 4342 pro
738 4269 889 4327 defunctis.
903 4271 965 4337 Ona
982 4269 1006 4323 D
1021 4276 1050 4327 et
1077 4272 1108 4326 in
1132 4271 1260 4342 pixidula
1288 4271 1377 4325 serien
1400 4270 1615 4337 recondidisset,
1639 4274 1668 4324 et
1690 4269 1769 4326 illam
1791 4271 1867 4327 intra

113 4358 267 4424 exstincta,
296 4358 450 4429 Evangelio
472 4359 606 4430 incepto,
636 4374 688 4430 per
716 4375 746 4414 se
773 4365 814 4414 est
837 4375 964 4430 accensa,
1020 4361 1148 4431 lignenm
1170 4359 1301 4427 locasset,
1322 4359 1352 4414 in
1374 4358 1494 4414 ecclesia
1518 4357 1645 4414 balvanii
1668 4373 1756 4431 super
1777 4359 1866 4415 altare

152 4481 211 4554 (77)
237 4481 372 4553 Suspicor
391 4483 488 4538 deesse
511 4483 558 4539 hic
579 4500 686 4539 nomen
711 4484 877 4548 cellerariae,
901 4501 965 4558 qum
1055 4483 1111 4556 (76)
1142 4484 1243 4539 Utrum
1269 4484 1334 4539 Elze
1362 4483 1499 4556 magistra
1525 4499 1604 4539 num.
1636 4485 1645 4536 l
1678 4483 1803 4552 lundata,
1828 4501 1866 4540 en

114 4570 200 4610 num.
228 4556 238 4607 l
266 4561 384 4608 vocatur
405 4553 511 4622 Odilio,
536 4555 760 4626 legendumque,
788 4560 820 4609 ut
844 4556 963 4626 ibidem,
1019 4555 1096 4611 Jutta
1110 4557 1233 4620 nomi,
1249 4570 1308 4610 non
1322 4555 1501 4626 exprimitur.

113 4623 216 4680 ouilia
227 4623 392 4690 cellerario,
408 4625 575 4697 Hedemipiv
588 4641 734 4693 conuersa,
750 4631 803 4680 cic.
1055 4626 1112 4697 (77)
1135 4625 1281 4680 ilechildis
1304 4643 1378 4680 caeca
1401 4631 1468 4680 nata
1492 4641 1572 4680 urim.
1595 4627 1610 4680 3
1631 4628 1752 4680 testatur
1771 4641 1801 4681 se
1824 4626 1867 4682 in·

151 4695 208 4762 (73)
242 4695 323 4751 Vicus
354 4695 440 4750 modo
465 4707 581 4751 vincatur
609 4695 762 4769 Eibinpen,
794 4699 864 4751 situs
890 4699 965 4753 ultre
1019 4696 1128 4751 lentem
1152 4713 1227 4768 equa
1249 4697 1342 4751 Rheni
1368 4700 1509 4762 sanctam,
1532 4697 1661 4766 allegans
1683 4695 1785 4752 matris
1805 4713 1866 4753 soce

110 4768 250 4822 Rhenum
281 4766 310 4820 in
345 4767 514 4848 lihingnvin.
544 4769 584 4824 De
619 4767 737 4823 lundato
765 4767 872 4823 ibidem
903 4786 964 4824 mo·
1019 4767 1226 4823 testimonium.
1244 4767 1373 4823 llicvero
1389 4783 1461 4837 puer
1477 4766 1866 4828 caecusnatusdieitureisu

110 4839 244 4893 nestorio
275 4836 439 4908 Eibingensr
472 4853 567 4892 sermo
603 4843 728 4893 recurret
760 4854 841 4894 nom.
872 4842 906 4902 8,
936 4845 965 4896 el
1018 4837 1149 4893 donatus.
1178 4843 1309 4893 Attamen
1334 4838 1458 4910 suspicio
1485 4854 1546 4893 esse
1572 4843 1674 4910 potest,
1698 4838 1776 4892 idem
1800 4854 1865 4892 rnr-

110 4909 147 4965 de
189 4906 240 4962 ille
277 4907 446 4963 fundatione
486 4908 569 4964 latius
597 4910 644 4980 egi
684 4910 714 4966 in
752 4909 963 4966 Commentario
1018 4924 1082 4963 som
1108 4908 1206 4963 referri
1230 4909 1411 4976 miraculum,
1435 4925 1500 4963 com
1525 4925 1578 4963 vox
1602 4909 1780 4976 Germanica,
1800 4925 1866 4981 quie

111 4995 198 5036 num.
218 4981 277 5034 777.
1018 4980 1173 5052 respondet
1190 4980 1297 5036 Latinte
1316 4980 1377 5036 voci
1396 4979 1507 5049 insons,
1523 4995 1606 5052 oeqoe
1621 4979 1764 5052 significat
1782 4981 1865 5052 puel·

146 5049 208 5121 (74)
222 5051 362 5116 Testetur,
383 5050 495 5121 opinor,
519 5049 611 5123 ipsam
631 5050 718 5106 luisse
740 5052 820 5106 vnltu
844 5055 893 5106 aut
913 5067 963 5107 ca·
1018 5052 1123 5107 lumel
1157 5051 1273 5106 uellam.

108 5123 172 5195 pite
191 5121 329 5175 divinitus
344 5121 483 5176 radiante.
1054 5122 1110 5193 (78)
1151 5124 1176 5177 ic
1193 5122 1299 5194 aliqum
1322 5138 1404 5177 voces
1428 5125 1494 5176 sunt
1518 5121 1641 5177 omisere.
1665 5120 1866 5177 verisimiliter

145 5193 207 5264 (75)
236 5191 267 5246 lu
296 5193 426 5264 margine
456 5193 616 5274 apographi
645 5197 773 5248 notatum
805 5198 858 5261 est,
879 5194 964 5263 ferte
1018 5193 1158 5264 scripturn
1172 5193 1260 5248 luerit
1275 5193 1352 5250 inter
1370 5191 1766 5265 RuedeelteymetEibinpcn
1787 5195 1862 5256 erot,

109 5262 294 5320 bominibus.
319 5267 354 5320 ht
374 5278 432 5318 nnn
456 5264 550 5330 video,
572 5264 652 5319 illam
674 5265 880 5320 correctionem
902 5279 963 5320 esse
1017 5266 1097 5390 pond
1109 5281 1189 5319 num.
1207 5266 1222 5319 3
1237 5264 1345 5320 dictum
1362 5269 1406 5318 est
1418 5263 1577 5343 Hibinpen,
1591 5265 1641 5319 ubi
1655 5265 1864 5320 monasterium

110 5333 326 5402 neeessariam,
355 5334 380 5388 si
412 5335 501 5390 codex
531 5337 607 5390 clere
638 5336 792 5402 babuerit,
821 5335 961 5392 omuibus.
1030 5336 1178 5391 undavit:
1204 5351 1270 5390 narn
1290 5334 1346 5402 boc
1366 5350 1447 5389 num.
1472 5337 1488 5390 8
1511 5335 1618 5390 dicitur
1637 5335 1676 5391 aci
1694 5351 1785 5392 totum
1802 5335 1864 5390 teus

110 5409 214 5479 Neque
239 5406 317 5461 enim
343 5406 510 5462 incredibile
536 5414 587 5476 est,
614 5424 715 5463 omnes
741 5423 962 5480 energumenos,
1016 5423 1084 5463 com
1125 5407 1232 5464 distare
1273 5423 1292 5463 a
1331 5406 1462 5477 sepulcro
1508 5406 1628 5462 Sancte.
1671 5406 1865 5463 liuedesheim

111 5479 161 5602 lqui
196 5477 231 5532 ad
260 5477 403 5533 viventem
431 5477 563 5549 perducti
591 5483 667 5548 suut,
699 5480 773 5534 melo
800 5495 852 5534 suo
875 5479 963 5534 luisse
1017 5493 1104 5604 ἔωσι
1119 5477 1324 5533 intermedium
1361 5482 1405 5533 est
1441 5477 1557 5548 utrique
1590 5479 1672 5546 loco,
1706 5482 1736 5534 et
1767 5478 1865 5534 minos

121 5551 260 5604 iberatos.
1037 5549 1090 5603 ista
1106 5587 1113 5603 .
