3984 6034
177 206 228 261 sos
747 185 752 193 '
904 194 1191 255 samosatenis
1870 194 1931 247 eos

175 340 274 396 multis
289 342 318 393 et
337 336 449 408 magnis
473 336 596 407 peccatis
619 335 678 390 suis
699 335 743 390 vir
767 334 812 390 vel
835 334 865 389 iu
889 334 946 389 line
970 350 1021 387 suo
1040 336 1133 400 licat,
1146 331 1251 388 idcirco
1268 332 1298 388 in
1313 331 1440 404 prelatis
1457 330 1587 404 quinque
1605 331 1734 402 partibus
1750 332 1833 387 terres*
1850 344 1931 402 pur-

174 427 376 500 poeniteutiam
390 424 512 491 hahent;
528 424 604 479 uude
621 429 648 479 et
671 424 758 479 odore
772 424 910 478 uirtutum
924 438 1023 477 ceren·
1076 422 1223 492 gationem
1238 420 1358 493 patitur;
1385 420 1436 475 sed
1454 436 1555 492 pareus
1579 435 1679 490 peenas
1699 420 1729 476 iu
1757 410 1932 491 supradicta

174 523 218 569 tes
231 515 277 568 vix
293 512 488 568 salvabuntur.
506 511 602 566 Tertia
624 515 733 578 autem,
756 526 821 582 qme
842 510 938 565 media
957 508 1023 564 ista·
1076 510 1280 565 tenebrositate
1301 508 1484 565 occidentalis
1508 509 1597 580 partis
1617 508 1661 563 illi
1680 508 1832 577 aestimat,
1858 508 1931 579 qui-

174 618 240 657 rum
264 600 461 668 essesidetur,
478 614 539 654 noa
553 599 669 670 quidem
694 598 797 669 poenis,
817 600 867 653 sed
882 598 1021 670 aliisqui-
1075 598 1130 654 hirs
1151 614 1279 670 presens
1306 603 1383 654 terra
1410 599 1478 654 dum
1502 598 1532 652 in
1551 598 1720 669 corporibus
1739 597 1799 651 suis
1827 600 1931 651 essent

174 691 297 747 busdam
313 688 503 745 monstruosis
524 686 685 742 terroribus
705 688 884 741 demonstrat
906 703 936 741 se
959 686 1024 741 bor·
1077 687 1158 757 quasi
1173 701 1269 741 carcer
1284 685 1320 741 oh
1337 702 1465 742 amorem
1489 686 1647 741 coelestium
1673 684 1737 739 luit.
1754 684 1807 751 Oui
1823 690 1929 739 eutem

174 778 306 846 rendam,
326 776 395 848 quia
414 776 439 830 si
460 776 546 830 eham
569 774 624 829 ista
643 774 886 846 quemadmodum
910 780 939 829 et
958 773 1023 828 alise
1076 775 1216 845 voluptati
1231 776 1325 830 earnis
1339 775 1476 841 serviunt,
1492 774 1521 830 in
1536 772 1599 829 aliis
1616 772 1793 845 purgatoriis
1814 772 1926 843 poenis,

174 883 238 939 quie
255 866 348 937 poenis
372 864 562 933 abundarent,
586 863 695 918 eadam
718 879 811 933 poeuae
826 862 1024 935 superlluitate
1076 864 1176 935 quiet
1202 864 1233 918 in
1259 863 1390 933 partibus
1413 861 1504 919 austri
1526 866 1554 917 et
1568 860 1772 933 septentrionis
1786 864 1863 928 sunt,
1893 864 1929 914 at

174 972 226 1010 sua
240 953 421 1018 ebullientes,
439 950 647 1008 habitationem
658 950 808 1006 hominum
824 952 853 1005 in
874 951 960 1005 terris
978 950 1023 1005 in·
1076 951 1248 1023 preadictum
1274 956 1328 1020 est,
1353 955 1526 1023 purgantur,
1549 950 1617 1021 quia
1639 949 1770 1021 quamvis
1791 964 1929 1021 peccare-

174 1042 362 1099 habitehilem
377 1041 540 1108 redderent,
559 1056 624 1095 cum
647 1056 724 1094 nuuc
745 1056 799 1110 pro
812 1039 911 1095 miultis
925 1040 1025 1094 horro-
1077 1040 1145 1107 riui,
1161 1040 1251 1095 Deum
1264 1044 1361 1095 umen
1376 1044 1405 1094 et
1423 1039 1530 1110 justam
1556 1038 1642 1094 iidem
1665 1054 1723 1093 nun
1745 1036 1926 1108 abjecerunt.

175 1132 256 1187 ribus
272 1131 322 1203 qui
340 1131 371 1184 in
384 1130 448 1199 ipsa
462 1133 529 1183 sunt
541 1128 734 1199 pestilentiam
745 1127 911 1183 bominibus
925 1133 954 1182 et
964 1126 1024 1181 ani·
1077 1130 1132 1183 llas
1147 1128 1254 1183 etenim
1269 1127 1456 1199 supradictas,
1478 1128 1597 1182 orientis
1620 1132 1648 1181 et
1669 1126 1822 1182 occidentis
1846 1124 1926 1179 scili·

175 1220 300 1281 malibus
323 1218 527 1289 laesionemque
554 1216 692 1271 tractibus
715 1216 861 1271 multoties
876 1215 1023 1282 immittat,
1077 1220 1130 1284 cet,
1156 1216 1226 1271 duas
1241 1215 1427 1271 rotunditatis
1443 1220 1526 1270 terre
1541 1215 1715 1287 principales
1737 1219 1843 1286 partes,
1859 1230 1928 1269 nec·

176 1310 314 1381 quoniam
335 1308 467 1363 homines
492 1306 610 1360 odorem
631 1304 771 1359 virtutum
793 1305 945 1361 animabus
966 1304 1025 1358 suis
1078 1320 1136 1359 non
1160 1304 1301 1359 claustri
1330 1309 1358 1358 et
1385 1302 1599 1373 septentrionis,
1627 1309 1661 1359 at
1687 1302 1840 1373 prefatum
1870 1308 1926 1371 est,

176 1415 235 1454 non
250 1398 386 1451 inierunt.
402 1395 483 1460 Quod
495 1400 525 1449 et
537 1394 769 1465 septentrionalis
784 1410 850 1465 pars
866 1398 923 1447 tres
937 1392 1024 1447 etiam
1078 1396 1202 1464 quatuor
1228 1391 1380 1463 angulares
1404 1392 1474 1447 lines
1495 1389 1625 1447 mortalis
1650 1391 1738 1447 homo
1759 1406 1817 1445 non
1843 1390 1928 1445 inha-

175 1486 370 1556 seperationes
387 1483 505 1551 hahens,
521 1481 551 1536 in
577 1482 688 1537 duabus
711 1482 847 1537 extremis
866 1481 1024 1553 separatio·
1077 1480 1159 1543 bitot,
1176 1480 1313 1551 quoniam
1326 1496 1377 1550 pro
1399 1479 1632 1534 immutabilitate
1647 1478 1750 1534 caloris
1764 1494 1814 1534 seu
1832 1478 1927 1550 trigo·

175 1574 261 1628 nihus
274 1572 393 1628 dirersis
407 1571 499 1643 poenis
519 1570 732 1625 abundantibus
754 1569 888 1636 ostendit,
906 1571 936 1625 in
959 1568 1024 1640 qui·
1077 1569 1127 1637 ris,
1153 1584 1204 1623 seu
1227 1584 1281 1639 pro
1296 1567 1360 1623 aliis
1381 1566 1664 1622 incommoditatibus
1690 1568 1806 1623 illarum
1827 1568 1859 1623 in
1885 1568 1927 1622 eis

175 1662 230 1716 bus
254 1661 359 1716 animae
391 1660 508 1715 illorum
535 1662 708 1731 purgentur,
736 1659 787 1729 qui
812 1664 928 1729 gustum
954 1658 1021 1711 vilse
1041 1644 1171 1712 Bvivere
1195 1672 1251 1711 uon
1280 1661 1387 1728 posset,
1411 1654 1657 1727 quemadmodum
1681 1654 1768 1710 etiam
1792 1654 1817 1709 si
1835 1656 1926 1709 bomo

174 1755 391 1822 postponentes,
407 1748 756 1819 concupiscentiascarnis
771 1747 931 1802 sumsecnti
945 1751 1020 1802 sunt.
1077 1760 1164 1814 supra
1192 1744 1310 1799 modum
1338 1759 1368 1797 se
1393 1743 1569 1807 exaltaverit,
1592 1748 1641 1797 aut
1656 1743 1679 1797 si
1705 1742 1737 1797 in
1751 1742 1927 1814 desperatio

175 1841 207 1895 ln
227 1839 409 1911 separatione
432 1838 511 1893 enim
532 1837 631 1909 auguli
653 1837 744 1904 istius,
771 1837 820 1908 qui
840 1836 917 1891 inter
931 1836 1024 1891 orieu·
1076 1848 1144 1887 nem
1165 1831 1312 1899 ceciderit,
1335 1832 1379 1887 vel
1403 1832 1427 1887 si
1448 1831 1595 1886 dexteram
1619 1831 1769 1903 negligens
1792 1830 1830 1886 ad
1858 1830 1927 1884 sini·

176 1935 235 1983 tem
251 1936 280 1982 et
294 1926 519 1999 septentrionem
535 1931 588 1992 est,
610 1925 773 1979 durissimae
795 1941 888 1996 poense
907 1923 1024 1994 trigoris
1077 1922 1166 1974 stram
1193 1919 1387 1987 declinaverit,
1417 1919 1553 1990 Spiritum
1577 1924 1706 1975 sanctum
1725 1920 1756 1973 io
1777 1918 1926 1974 babitacu-

176 2021 203 2071 et
215 2021 368 2070 ventorum
383 2016 565 2085 aliorumque
580 2014 758 2067 cruciatuum
772 2017 849 2080 sunt,
872 2012 903 2067 in
919 2012 1024 2083 quibus
1077 2007 1137 2062 lum
1159 2006 1253 2061 cordis
1272 2006 1316 2061 sei
1336 2022 1394 2061 non
1410 2006 1521 2078 recipit.
1544 2008 1643 2079 ltaque
1659 2007 1734 2062 Deus
1751 2006 1861 2078 judicis
1874 2020 1926 2059 sua

175 2104 330 2159 infidelitas
343 2101 535 2173 quorumdam
559 2100 772 2156 incredulorum
789 2100 939 2155 hominum
957 2116 1023 2155 exe·
1077 2093 1225 2149 multoties
1246 2109 1333 2166 super
1356 2101 1481 2166 quatuor
1496 2096 1617 2167 angulos
1642 2100 1728 2151 terrae
1747 2098 1870 2161 exercet,
1897 2098 1927 2147 ut

177 2191 315 2257 minatur,
330 2190 391 2261 qui,
408 2188 522 2242 dumio
538 2188 816 2255 saeculomanerent,
839 2187 1025 2270 incredulita-
1076 2183 1199 2238 loannes
1210 2182 1316 2237 eleetos
1343 2198 1424 2237 meus
1450 2182 1481 2239 in
1503 2184 1673 2255 Apocalypsi
1688 2182 1769 2250 vidit,
1789 2183 1926 2255 quemad·

176 2286 236 2334 tem
248 2278 394 2333 imitantes
410 2280 526 2346 gustum
541 2290 615 2329 verre
627 2275 695 2330 fidei
709 2276 910 2346 neglexerunt,
926 2277 956 2330 io
970 2275 1023 2330 bo·
1078 2270 1196 2325 modum
1211 2270 1341 2341 loquitur
1351 2270 1470 2327 dicens:

177 2381 207 2420 η
231 2371 346 2420 “ntum
370 2363 469 2418 m⁰ffi³
495 2378 556 2416 ⁸¹¹ae
579 2378 631 2434 per
650 2364 848 2435 mmmmm
878 2364 913 2419 ”d
936 2364 1024 2419 fidem
1080 2394 1170 2450 Verbo
1191 2393 1224 2448 de
1240 2396 1409 2463 Apocalypsi
1426 2393 1542 2449 loannis
1569 2398 1686 2464 apostoli
1707 2394 1745 2449 act
1767 2394 1816 2449 leuc
1833 2410 1925 2449 censo·

176 2453 347 2508 catholicam
373 2451 537 2516 redeuntes,
558 2456 672 2520 gustem
699 2450 880 2505 rectitudinis
908 2451 1024 2506 tandem
1113 2478 1159 2525 ua,
1175 2466 1204 2519 e„
1218 2466 1316 2534 quiqu,
1336 2480 1385 2533 pe,-
1407 2470 1525 2534 quatuor
1538 2480 1619 2536 equ„
1645 2466 1746 2533 argum,
1762 2466 1871 2531 rufum,
1887 2470 1926 2519 ηε.

176 2544 356 2611 receperunt.
374 2540 448 2594 Elin
463 2538 642 2609 separatione
659 2538 758 2609 anguli
773 2538 869 2608 buius,
886 2539 936 2609 qui
951 2537 1025 2593 iuter
1112 2548 1193 2601 erum
1223 2538 1250 2589 et
1272 2535 1409 2605 pallidum
1434 2543 1554 2604 quatuor
1576 2540 1698 2606 temporo
1721 2541 1747 2591 et
1775 2538 1926 2606 qualitates

176 2628 402 2701 septentrionem
430 2630 459 2682 el
495 2626 672 2681 occidentem
698 2632 750 2692 est,
784 2626 1025 2681 immundissimos
1113 2620 1203 2659 ‘'⁰'um
1219 2606 1253 2659 ‘⁸⁶
1276 2606 1487 2677 emmim
1514 2606 1552 2661 “a
1568 2609 1647 2675 Μ
1670 2607 1765 2661 ''lund‘'
1788 2610 1927 2677 ‘filistim'

176 2733 270 2789 poeum
284 2716 434 2772 lutulenta
448 2714 638 2780 humiditatis,
659 2713 860 2786 mortiferique
882 2714 981 2769 leteris
996 2721 1026 2770 et

177 2804 260 2871 lumi,
278 2819 389 2858 necnon
411 2807 440 2857 et
463 2802 587 2856 aliorum
610 2801 789 2857 cruciatuum
815 2801 971 2868 abundant,
994 2801 1025 2857 in
1113 2800 1185 2854 lllll.
1202 2817 1217 2850 a
1233 2800 1267 2853 Et
1282 2815 1346 2855 eece
1361 2816 1452 2871 equus
1467 2800 1549 2855 albus
1575 2806 1604 2856 at
1629 2801 1680 2873 qui
1703 2801 1821 2857 sedehat
1838 2818 1929 2873 super

176 2893 280 2963 quihus
296 2907 384 2962 opere
405 2891 609 2955 adulterorum,
631 2890 777 2944 voracium
797 2894 825 2944 et
849 2888 1025 2945 ebriosorum
1044 2886 1161 2987 Cillum
1176 2886 1301 2943 hahebat
1324 2904 1433 2954 arcum,
1450 2894 1478 2943 et
1492 2889 1558 2946 deta
1573 2896 1616 2946 est
1638 2890 1665 2946 ei
1690 2907 1806 2957 corone,
1835 2896 1864 2946 et
1881 2908 1928 2946 ex·

1114 2681 1148 2730 tre
1157 2676 1294 2731 subtiliter
1306 2675 1505 2733 deseribuntur.

178 2980 377 3054 exquiruntur,
407 2979 458 3050 qui
480 2985 595 3050 gustum
623 2978 686 3031 vito
709 2978 788 3032 velut
812 2978 938 3033 alienum
969 2978 1024 3031 ha·
1079 2974 1131 3029 ivit
1158 2974 1273 3031 vincens
1290 2981 1321 3031 ut
1345 2976 1472 3033 sincerat
1498 2978 1595 3049 tripos.
1623 2978 1671 3050 νι).
1699 2980 1929 3035 »lloeeonside

177 3069 313 3124 buerunt.
336 3067 391 3123 Sed
415 3067 511 3121 media
536 3065 759 3138 quamplurimis
781 3065 948 3121 horroribus
962 3065 1025 3121 sine
1079 3063 1200 3118 randum
1216 3063 1309 3119 sicest
1322 3081 1329 3121 :
1344 3065 1468 3137 Tempus
1481 3066 1608 3137 primum
1624 3068 1700 3139 quod
1719 3068 1750 3123 in
1765 3069 1856 3124 Adam
1881 3068 1927 3124 in-

177 3157 269 3229 poenis
283 3154 427 3210 horrenda
441 3154 613 3222 ostenditur,
633 3159 666 3209 ut
689 3155 858 3224 praedictum
881 3157 932 3221 est,
957 3152 1026 3224 qnia
1079 3152 1174 3223 coepit,
1191 3156 1223 3207 ut
1237 3168 1327 3224 aquus
1341 3153 1424 3209 albus
1437 3154 1500 3223 luit,
1517 3155 1654 3227 quoniam
1671 3156 1758 3211 homo
1780 3172 1834 3229 par
1846 3157 1929 3229 igno·

177 3245 232 3300 ista
248 3244 354 3300 multos
376 3242 511 3297 horrores
536 3243 567 3296 in
589 3258 619 3297 se
644 3241 755 3298 hahens
777 3242 801 3296 si
823 3241 915 3313 poenis
938 3242 1026 3296 etiam
1079 3239 1201 3295 rentiam
1230 3240 1431 3312 praevaricatus
1461 3248 1513 3311 est,
1542 3259 1628 3315 super
1655 3244 1731 3316 quod
1756 3246 1832 3302 Deus
1851 3246 1925 3300 irem

179 3333 350 3400 abundaret,
365 3330 480 3385 llstibus
499 3330 615 3384 illorum
629 3329 769 3384 habitatio
783 3329 935 3385 hominum
957 3329 1027 3383 inlr-
1079 3328 1334 3383 animadversionis
1349 3346 1407 3384 sure
1425 3331 1531 3401 posuit,
1547 3346 1611 3403 qum
1627 3337 1656 3387 et
1674 3332 1829 3389 vindictam
1844 3332 1875 3389 in
1898 3350 1926 3388 se

178 3425 302 3486 caretur,
316 3418 485 3475 horroribus
506 3424 618 3474 tautum
640 3418 740 3489 quiin
763 3434 796 3471 ee
819 3423 887 3472 sunt
900 3417 1026 3472 homini·
1080 3415 1191 3485 babuit,
1209 3416 1256 3471 cui
1278 3421 1308 3471 at
1328 3418 1403 3473 Deus
1421 3418 1500 3474 dedit
1514 3424 1687 3491 potestatem
1710 3422 1847 3491 victoriae,
1870 3422 1925 3477 ini·

179 3510 241 3573 biis,
266 3512 295 3562 et
316 3508 379 3561 aliis
395 3506 534 3561 creaturis
556 3506 683 3577 pericula
707 3505 855 3560 interdum
879 3502 1027 3561 inferenti·
1080 3504 1229 3576 micasque
1243 3520 1389 3576 superare,
1415 3506 1455 3561 ita
1484 3512 1517 3562 ut
1531 3508 1617 3563 ctiam
1639 3509 1671 3565 in
1687 3510 1788 3580 prelio
1809 3510 1927 3582 prestio-

179 3596 244 3662 bus,
260 3611 325 3649 cum
339 3594 473 3649 homines
486 3610 616 3665 saporem
634 3594 698 3648 vilre
715 3593 745 3647 in
758 3592 953 3665 insipientiam
970 3591 1026 3648 du·
1080 3608 1145 3647 rum
1161 3598 1261 3648 eontra
1284 3594 1436 3667 antiquum
1459 3596 1610 3651 draconem
1633 3595 1791 3653 dimicaret.
1815 3598 1849 3653 Et
1864 3600 1926 3654 vin-

178 3687 255 3739 cunt.
277 3684 315 3739 Et
338 3682 582 3755 quemadmodum
601 3682 632 3736 in
653 3682 742 3737 latore
766 3682 893 3737 sordium
915 3697 1027 3737 vermes
1079 3681 1185 3737 dictem
1201 3682 1275 3737 bane
1296 3683 1328 3738 in
1355 3682 1467 3740 deiectu
1503 3684 1575 3756 legis
1595 3702 1682 3756 quam
1711 3687 1779 3742 Adae
1805 3686 1928 3743 dederat

180 3772 334 3837 ebulliunt,
350 3769 490 3825 itaetiam
519 3770 850 3840 exteterepeccatorum
874 3785 968 3840 poenee
995 3770 1027 3824 iu
1080 3770 1186 3841 posuit,
1202 3774 1232 3825 ut
1244 3770 1331 3826 etium
1343 3771 1373 3825 in
1393 3771 1503 3827 delectu
1516 3772 1627 3841 diluvii,
1641 3788 1740 3829 arcum
1755 3774 1786 3830 in
1800 3776 1928 3831 nubibus

179 3859 307 3933 praelatis
328 3859 441 3929 angulis
464 3858 634 3913 ascendunt.
661 3858 740 3914 Unde
770 3863 800 3913 et
822 3857 968 3913 multoties
993 3874 1027 3912 er
1081 3858 1146 3913 coeli
1166 3858 1242 3913 lecit.
1261 3860 1386 3931 Tempus
1409 3865 1505 3915 autem
1529 3860 1585 3916 hoc
1607 3862 1642 3917 ab
1667 3862 1835 3934 expulsione
1859 3866 1927 3921 lldae

180 3949 288 4004 eisdem
303 3947 503 4017 poenislumus
518 3946 669 4000 interram
684 3946 734 4001 ubi
748 3945 882 4001 homines
899 3946 1030 4001 habitant
1081 3962 1172 4017 usque
1187 3947 1220 4002 ad
1236 3947 1377 4003 diluvium
1393 3948 1570 4019 perduravit,
1591 3950 1622 4005 in
1646 3967 1703 4023 quo
1730 3953 1805 4008 Deus
1828 3953 1858 4008 in
1886 3954 1927 4009 ira

180 4053 211 4091 se
233 4036 365 4097 dilatans,
394 4050 531 4104 maguam
555 4034 750 4105 pestilenttem
764 4035 795 4090 in
809 4034 986 4102 hominihus,
1001 4039 1030 4089 et
1083 4052 1164 4091 arcus
1177 4035 1222 4092 sui
1235 4040 1370 4093 cunctum
1391 4038 1532 4109 populum
1545 4044 1651 4110 preter
1663 4040 1727 4096 illos
1742 4040 1793 4112 qui
1817 4041 1847 4095 io
1863 4058 1926 4097 arca

180 4125 211 4179 in
225 4121 398 4178 animalibus
410 4127 501 4192 piarat.
1082 4124 1187 4180 servati
1201 4129 1343 4196 sunt,per
1358 4132 1559 4183 concurrentes
1581 4143 1679 4200 aquas,
1706 4144 1770 4201 quse
1794 4134 1827 4185 ut
1849 4132 1927 4185 toni-

181 4230 258 4297 Quog
269 4227 379 4297 judicia
397 4230 447 4283 bes·
468 4243 528 4297 ω
554 4242 637 4298 supe,
657 4233 759 4283 emam
776 4228 819 4283 „er
845 4229 964 4283 pompm,-
983 4244 1028 4283 ve.
1045 4218 1141 4284 ntrus
1155 4218 1315 4270 sonuerunt
1326 4214 1488 4270 submersit.
1507 4216 1540 4270 Et
1553 4215 1627 4271 sicut
1641 4216 1672 4271 in
1690 4217 1784 4289 primo
1798 4222 1927 4291 tempore

216 4304 306 4366 siunt,
327 4298 524 4368 separantibus
541 4298 605 4353 locis
619 4298 773 4353 eorumdem
793 4302 917 4368 portium
937 4300 1028 4367 effun-
1084 4302 1158 4357 Deus
1172 4302 1222 4357 ira
1250 4318 1309 4358 sure
1332 4318 1431 4359 arcum
1455 4302 1485 4358 iu
1508 4304 1664 4360 vindictam
1688 4306 1822 4373 ostendit,
1838 4308 1878 4363 sic
1900 4315 1929 4365 et

218 4372 331 4436 ‘illimis
347 4369 472 4438 ‘1¹⁸⁰le
487 4374 688 4439 william&
711 4370 754 4423 ”0¹
780 4370 903 4424 ‘entim
924 4372 1030 4453 ‘'istil''
1082 4394 1148 4461 post
1161 4390 1301 4446 diluvium
1317 4391 1443 4447 nubibus
1466 4392 1530 4447 coeli
1554 4408 1653 4448 arcum
1678 4392 1709 4448 in
1731 4394 1786 4449 boc
1813 4397 1926 4468 signum

215 4441 708 4579 ffimssmofflffinwffiffl
731 4443 849 4579 {mm
868 4440 1028 4581 {ww
1082 4479 1170 4547 dedit,
1191 4495 1228 4534 ne
1243 4478 1377 4551 deinceps
1391 4496 1444 4552 per
1458 4482 1647 4537 tonitrualem
1663 4498 1767 4538 sonum
1787 4500 1926 4556 aquarum

217 4586 288 4639 esem
319 4584 418 4636 anm
451 4596 503 4650 pro
531 4596 642 4637 ,uorum
669 4582 804 4650 qualitate
827 4584 1029 4637 commissorum
1082 4572 1175 4622 totum
1198 4567 1338 4624 mundum
1365 4568 1549 4641 dimergeret,
1570 4569 1621 4625 ubi
1636 4574 1665 4626 et
1677 4586 1731 4642 per
1752 4572 1927 4644 baptismum

217 4651 407 4708 examinanda
419 4655 631 4707 constituantur.
828 4696 833 4703 .
1082 4654 1182 4710 fideles
1200 4655 1304 4710 salvari
1317 4656 1511 4729 presignavit.
1537 4658 1702 4729 iterumque
1717 4657 1926 4732 subsequitur:

216 4743 273 4797 vlt.
303 4741 415 4797 iudicia
430 4746 527 4796 eutem
541 4742 604 4795 bac
619 4757 683 4813 quae
698 4756 786 4812 super
810 4742 917 4796 terrem
939 4744 967 4795 et
980 4757 1028 4795 su·
1084 4744 1147 4799 «at
1162 4742 1249 4799 exivit
1268 4743 1341 4799 alius
1354 4760 1445 4817 equus
1468 4746 1559 4817 rehu,
1576 4752 1605 4802 et
1628 4746 1679 4819 qui
1700 4746 1817 4803 sedebat
1843 4765 1929 4822 super

182 4847 234 4904 per
252 4830 384 4885 homines
406 4829 536 4897 veniunt,
564 4830 599 4885 de
623 4829 767 4900 predictis
788 4830 902 4900 angulis
926 4844 1027 4900 proce-
1082 4828 1166 4885 illnm
1187 4828 1287 4885 datum
1301 4830 1400 4887 estilli
1422 4836 1454 4886 ot
1467 4836 1595 4889 sumeret
1620 4849 1720 4907 pacem
1736 4834 1771 4890 de
1794 4838 1882 4905 terra,
1902 4843 1928 4891 et

182 4922 265 4987 dunt,
287 4920 328 4973 ita
357 4922 389 4974 ut
413 4918 538 4989 plurima
553 4918 628 4973 mala
649 4917 685 4973 ab
699 4918 740 4972 eis
754 4918 953 4984 effundantur;
978 4917 1030 4974 sed
1083 4922 1116 4973 ut
1143 4917 1265 4973 invicem
1281 4933 1311 4975 ae
1339 4919 1520 4990 interficiant,
1544 4925 1574 4977 et
1600 4921 1683 4978 datus
1706 4926 1749 4977 est
1762 4921 1803 4978 illi
1817 4924 1928 4994 gladius

181 5013 279 5064 tamen
305 5011 404 5061 contra
431 5005 583 5062 horribiles
609 5005 742 5061 tenebras
766 5006 949 5061 infernalium
966 5020 1030 5077 poe·
1085 5020 1206 5077 maguus
1220 5006 1314 5078 (ibid.)
1327 5050 1333 5063 .
1344 5026 1357 5059 s
1368 5008 1425 5064 lloc
1439 5009 1680 5065 considerandum
1695 5010 1737 5066 sic
1750 5015 1792 5066 est
1808 5028 1816 5065 :
1833 5013 1928 5085 Εᾳιιιη

181 5112 286 5152 aarum
308 5094 439 5149 altissimi
462 5093 665 5165 durissimique
685 5100 808 5163 montes,
828 5094 879 5165 qui
894 5111 945 5166 par
964 5094 1028 5149 nul·
1083 5093 1137 5148 iste
1151 5098 1265 5166 tempus
1280 5094 1351 5151 illud
1368 5100 1419 5161 est,
1447 5111 1504 5168 quo
1527 5103 1590 5169 post
1612 5097 1751 5155 diluvium
1777 5115 1830 5171 per
1856 5102 1927 5157 iram

181 5186 240 5241 lam
270 5188 469 5255 tempestatem
495 5183 587 5238 scindi
608 5187 737 5253 possunt,
753 5182 840 5253 positi
855 5188 931 5251 sunt,
949 5187 1027 5237 tene·
1084 5182 1506 5253 Deijustojudicioablataest
1527 5200 1580 5257 pax
1603 5185 1717 5242 abillis
1739 5188 1789 5259 qui
1813 5204 1843 5243 se
1871 5190 1928 5245 Deo

183 5274 242 5329 bris
265 5273 441 5342 resistentes,
466 5276 631 5342 terramque
660 5270 855 5336 defendentes,
881 5272 959 5326 velut
980 5287 1030 5342 pa·
1083 5274 1290 5341 opposuerunt,
1319 5272 1455 5343 quoniam
1484 5290 1583 5344 pacem
1607 5274 1642 5328 ab
1660 5275 1724 5346 ipso
1740 5290 1797 5331 nou
1819 5293 1928 5349 quaere·

183 5362 269 5416 rietes
292 5361 411 5415 domum
437 5376 473 5414 ne
503 5359 616 5415 labatur
644 5358 803 5415 continent.
832 5358 904 5423 Quia
932 5364 1029 5414 eutem
1084 5357 1165 5427 bant,
1189 5374 1241 5413 nec
1269 5358 1348 5415 illam
1372 5360 1538 5416 bominibus
1565 5362 1682 5429 dabant,
1711 5369 1741 5419 et
1761 5364 1926 5421 ideoetiaur

183 5450 272 5507 homo
295 5449 326 5503 in
349 5448 479 5520 quinqua
502 5447 633 5503 sensibus
650 5446 807 5503 consistens
831 5461 944 5518 semper
965 5462 1029 5517 pec·
1079 5445 1222 5516 judicium
1251 5446 1301 5503 Ilei
1325 5449 1458 5519 permisit
1483 5451 1559 5520 quod
1587 5450 1710 5507 invicem
1725 5468 1755 5507 se
1775 5453 1928 5511 crudeliter
