3984 6034
168 175 221 232 ti³9
892 171 920 228 S.
942 168 1185 230 uttnudaubls.

165 305 252 363 Filios
275 301 371 361 ιιιιιιιιι
397 300 583 360 bominibus:
603 299 644 358 ita
670 302 749 374 qood
763 301 820 374 ipsi
843 301 911 359 lacti
937 307 1005 358 suot
1022 302 1209 376 Asubnigra‚
1240 301 1376 376 qnoniam
1404 301 1580 360 circumdata
1609 307 1652 362 est
1686 301 1917 364 mortificatione

65 379 70 392 “
163 392 316 464 participes
342 390 426 467 regni
449 389 499 446 nei
525 389 556 446 iu
572 391 658 447 beato
685 392 748 446 loco
774 408 862 464 qoem
886 391 1014 464 perdidit
1065 391 1168 458 carnis,
1204 391 1340 463 abjiciens
1371 393 1517 448 levitatem
1543 392 1631 448 totins
1658 393 1799 450 vanitatis.
1827 394 1919 460 Quod

163 481 303 538 diabolos.
329 481 364 535 et
385 483 417 536 ut
440 478 520 534 vides
544 479 680 551 praedicta
700 479 790 535 rictus
803 481 906 535 faciem
925 481 1014 536 habet
1066 484 1161 536 antem
1180 482 1210 535 iu
1233 481 1331 536 dextro
1354 482 1548 538 humerosae
1570 482 1658 537 babet
1684 482 1827 538 modicam
1847 499 1918 538 cra-

164 569 333 641 angclicam,
363 567 501 640 quoniam
534 569 597 640 ipsa
616 567 691 639 fugit
719 568 755 624 ab
785 569 956 624 omnimalo
981 569 1013 624 iu
1065 583 1128 623 cem
1155 568 1287 640 imposita
1311 571 1438 642 imagine
1460 571 1524 626 iesu
1549 569 1671 625 Christi:
1698 571 1750 624 boc
1771 571 1916 642 estquod

164 657 324 712 intentione
347 662 457 726 sancta,
484 656 567 728 quasi
593 656 624 710 in
650 655 721 710 facie
748 673 800 711 soa
830 659 918 712 Deum
940 658 1014 728 aspi·
1066 657 1165 712 eadem
1181 657 1269 712 virtus
1283 657 1405 714 radicem
1427 657 1523 730 posuit
1545 658 1575 712 in
1599 657 1698 712 dextra
1716 662 1917 728 partepoten-

165 746 322 804 cienseum
342 745 474 818 angelico
505 744 659 800 desiderio.
686 745 868 801 Undeetiom
884 761 915 800 ex
931 750 1011 800 utro·
1066 745 1113 800 tire
1142 746 1318 802 fortitudinis
1342 746 1403 814 liei,
1430 763 1497 802 cum
1528 747 1602 802 Deus
1628 747 1812 818 omnipotens
1833 748 1919 804 misit

164 850 221 906 qne
236 836 325 890 intere
339 850 391 888 sno
406 833 551 889 volatilem
568 834 643 888 alam
657 849 745 888 unam
760 834 857 902 habet,
874 834 1011 906 qnoniam
1067 832 1171 888 Filium
1203 849 1287 888 saum
1329 833 1497 890 mirabiliter
1529 834 1674 890 incarnari
1708 841 1736 890 et
1764 835 1918 890 humiliter

164 924 195 979 in
223 928 345 994 utraque
373 928 456 994 parte
495 922 657 994 tranquillae
690 921 798 978 scilicet
834 929 862 977 ει
889 923 1012 978 tmbidae
1066 923 1123 993 pati
1148 924 1229 995 cnjus
1257 922 1402 979 dilectioni
1429 924 1583 996 conjuncta
1608 930 1652 980 est
1675 923 1819 994 discretio,
1835 943 1910 998 quo·

164 1012 346 1079 ostensionis,
373 1027 486 1066 sorsum
516 1012 552 1066 ad
583 1012 674 1066 Deum
699 1011 791 1066 tendit
813 1028 872 1066 non
906 1013 1013 1067 taciens
1067 1011 1143 1066 niam
1173 1013 1209 1068 ab
1231 1013 1293 1084 ipsa
1324 1012 1503 1068 manifestata
1526 1018 1578 1081 est,
1604 1017 1634 1068 ut
1659 1029 1712 1084 per
1735 1031 1798 1070 eam
1818 1015 1918 1070 omnis

164 1104 304 1155 terrorem
335 1115 386 1155 ner
414 1099 648 1168 amaritudinem,
675 1099 724 1154 sed
750 1115 864 1170 semper
888 1100 919 1156 in
947 1117 1012 1171 pro·
1062 1101 1173 1170 justitia
1205 1102 1391 1156 discernatur.
1426 1103 1458 1157 lit
1490 1108 1521 1157 ιιι
1552 1103 1626 1157 [ιειιε
1659 1108 1701 1157 εει
1730 1102 1917 1176 dispensator

165 1190 298 1261 speritate
327 1188 440 1260 placida
471 1187 596 1242 existens
626 1204 716 1243 onum
745 1190 881 1244 Denmin
906 1188 1012 1244 uuani-
1065 1189 1261 1245 convenientis
1300 1195 1417 1245 stotorm
1459 1190 1595 1256 bominis,
1628 1191 1668 1246 ita
1706 1197 1748 1246 est
1778 1192 1918 1247 discretio

164 1279 264 1332 mitats
296 1278 419 1332 duarum
453 1275 565 1331 alarum
600 1275 828 1346 comprehendit,
851 1276 1013 1347 quianulta
1066 1277 1200 1333 imitatrix
1227 1277 1305 1334 itlius
1332 1277 1476 1334 incilicia
1506 1295 1567 1348 sno,
1601 1296 1688 1350 opera
1706 1295 1758 1334 sua
1782 1278 1919 1334 videlicet

164 1370 334 1437 tempestate
359 1363 555 1419 instabilitatis
580 1379 633 1418 occ
657 1363 687 1417 in
712 1363 789 1418 bono
812 1379 864 1418 nec
890 1363 920 1419 in
935 1364 1011 1418 malo
1065 1365 1226 1436 adimplens
1244 1365 1275 1421 in
1297 1365 1492 1437 dispensatore
1514 1367 1652 1442 cruxiliro
1676 1367 1916 1430 bidobricum

164 1471 272 1520 eversa,
305 1459 419 1509 tantum
448 1454 478 1508 in
512 1451 719 1524 tranquillitate
752 1452 890 1523 persistit.
920 1453 955 1506 Et
980 1453 1011 1507 in
1064 1453 1126 1526 ipsa
1152 1454 1180 1508 io
1199 1459 1321 1525 utraque
1346 1453 1484 1525 dignitato
1508 1457 1551 1509 est
1579 1454 1735 1510 divinitatis
1755 1455 1863 1511 scilicet
1888 1459 1919 1510 et

163 1543 257 1614 specio
284 1541 410 1598 hominis
437 1546 470 1597 ut
497 1546 609 1597 creterra
638 1541 757 1596 εἰειιιιεε
786 1545 915 1612 apparet,
943 1540 1011 1613 quia
1064 1541 1260 1598 humanitatis.
1294 1543 1362 1607 Quae
1387 1542 1439 1598 bac
1471 1547 1499 1597 et
1525 1542 1592 1597 illac
1622 1548 1759 1610 versatur,
1790 1543 1859 1614 quia
1884 1543 1917 1596 in

163 1645 215 1700 per
240 1628 344 1685 riuum
373 1630 423 1686 liei
450 1628 573 1685 mirifice
595 1629 709 1698 claruit,
727 1645 792 1686 cum
808 1630 894 1685 etiam
909 1645 1010 1684 omnes
1064 1630 1320 1702 comprehensione
1340 1630 1500 1686 latitudinis
1512 1646 1566 1702 par
1586 1630 1827 1704 significationem
1846 1647 1917 1684 san-

163 1718 282 1774 rirtutes
312 1734 363 1788 per
401 1718 482 1774 illem
514 1718 546 1772 in
577 1716 744 1774 hominibus
775 1718 944 1789 probantur,
971 1720 1010 1772 ita
1064 1727 1117 1774 ctae
1149 1718 1240 1774 crucis
1271 1720 1424 1774 circuitum
1451 1719 1528 1774 iuter
1552 1719 1644 1774 bonos
1665 1725 1693 1774 et
1712 1719 1917 1775 malosbabet.

153 1806 242 1893 0quod
256 1807 337 1862 nullo
363 1807 449 1862 modo
475 1806 690 1862 contentionem
718 1809 770 1862 ant
783 1806 873 1861 rixam
894 1807 1009 1878 quaerit,
1064 1807 1146 1873 Quod
1166 1822 1234 1862 vero
1253 1805 1334 1878 qnasi
1359 1823 1393 1861 ax
1409 1806 1535 1862 nubibus
1549 1806 1667 1878 effulget
1686 1807 1715 1862 in
1734 1811 1835 1878 pectus
1852 1808 1918 1878 ejus

163 1895 213 1950 sed
228 1911 343 1966 semper
369 1895 401 1948 in
416 1894 547 1960 lenitate,
563 1895 605 1949 sic
618 1909 648 1950 se
662 1893 811 1950 diabolice
835 1910 942 1967 pugnae
957 1911 1010 1966 op·
1064 1895 1181 1968 quidam
1205 1893 1342 1966 splendor
1364 1893 1444 1948 mirae
1472 1893 1627 1949 claritatis:
1640 1894 1694 1948 boo
1716 1893 1851 1966 estquod
1879 1895 1917 1948 de

163 1997 274 2052 ponens
299 1986 332 2036 nt
359 1981 448 2037 etiam
482 1997 570 2054 supra
593 1982 625 2036 in
654 1981 747 2038 serbis
774 1982 929 2038 locationis
948 1981 1011 2053 ejus
1065 1981 1261 2038 misericordia
1283 1982 1333 2040 liei
1349 1982 1432 2054 qnasi
1447 1981 1482 2037 de
1506 1983 1581 2038 nube
1598 1981 1766 2052 clarissima,
1782 1982 1916 2037 accensio

164 2070 373 2126 manifestatur.
1064 2071 1169 2127 diriora
1183 2070 1297 2142 pietatis
1320 2071 1463 2140 aspiratur
1483 2070 1514 2125 in
1539 2075 1650 2126 mentes
1674 2071 1838 2138 bominum,
1861 2071 1917 2124 dis·

1858 175 1915 227 rtlu

198 2159 253 2214 Sed
268 2158 353 2213 tertia
367 2159 464 2230 imago
478 2174 544 2231 quae
571 2163 628 2214 stat
654 2160 689 2215 ad
705 2158 852 2214 sinistram
880 2158 952 2229 ejus,
968 2158 1010 2214 in·
1064 2161 1221 2215 cretionem
1240 2159 1271 2214 in
1285 2158 1327 2214 cis
1354 2159 1471 2226 iaciens,
1495 2175 1602 2230 eosque
1624 2157 1801 2214 illuminans.
1832 2161 1915 2214 Unde

162 2246 239 2301 dicat
252 2246 460 2302 beatitudinem
484 2251 623 2302 aeternam
645 2246 734 2302 ritem
748 2250 943 2317 appetentem,
958 2263 1011 2318 per
1065 2249 1183 2304 anama
1202 2247 1276 2303 sein
1291 2248 1397 2302 multos
1412 2246 1506 2302 radios
1531 2245 1638 2302 divisus
1660 2251 1703 2302 εει
1727 2251 1758 2300 ει
1776 2247 1917 2318 splendor

162 2334 244 2405 cujus
267 2334 434 2390 tidelitatcm
466 2340 495 2391 et
524 2335 657 2390 intimam
679 2335 838 2400 lenitatem,
869 2335 974 2388 veritas
993 2353 1011 2390 a
1065 2337 1131 2392 solis
1150 2352 1167 2391 a
1189 2353 1219 2391 se
1242 2333 1390 2402 dividitur,
1417 2350 1482 2390 enm
1512 2351 1564 2405 per
1593 2350 1680 2406 parra
1708 2339 1736 2390 et
1760 2336 1852 2390 multa
1873 2336 1917 2389 lo-

163 2421 286 2478 sinistris
310 2422 390 2478 omni
413 2424 534 2479 fallaciae
554 2423 728 2493 serpentinae
753 2421 943 2494 persuasionis
959 2423 1008 2477 bo·
1064 2421 1176 2478 ramina
1188 2421 1308 2492 alicujus
1321 2420 1363 2475 rei
1376 2421 1479 2492 fulget,
1495 2420 1633 2492 quoniam
1657 2420 1780 2492 Spiritus
1797 2427 1916 2476 sauctus

163 2512 271 2566 minem
303 2511 473 2581 decipientis
497 2510 552 2582 ipsi
576 2511 803 2566 consentientem
830 2511 1008 2578 contradicit,
1064 2512 1094 2565 in
1109 2525 1234 2582 superna
1251 2510 1354 2564 virtuto
1369 2509 1496 2564 diversos
1520 2509 1615 2570 radios
1637 2510 1915 2564 donoromsoorarn

163 2598 230 2670 quia
251 2598 400 2654 beatitudo
430 2605 472 2654 est
498 2599 604 2654 invicte
623 2599 760 2654 securitas
784 2615 856 2652 verro
873 2597 1010 2653 claritatis
1064 2598 1191 2654 dividens
1215 2597 1393 2663 bominibus,
1419 2613 1467 2652 eos
1497 2599 1604 2653 scilicet
1635 2597 1785 2653 lucidiores
1806 2599 1917 2652 soleat

162 2686 194 2740 in
208 2703 267 2758 qna
284 2687 348 2757 ipsa
361 2687 559 2742 infelicitatem
584 2688 683 2742 mortis
707 2703 766 2741 uon
782 2687 873 2741 timet.
890 2689 1011 2759 Propter
1064 2686 1248 2746 ineffabiliter
1268 2686 1405 2740 discretos
1427 2685 1456 2740 in
1478 2687 1636 2742 humilibus
1657 2686 1796 2767 cavernis,
1819 2686 1846 2740 id
1869 2692 1918 2740 est

163 2774 348 2845 qood-etiam
370 2775 501 2831 induitur
525 2776 623 2830 tunica
650 2775 724 2842 alba,
745 2775 829 2829 viridi
849 2776 945 2830 colore
965 2775 1009 2829 di·
1064 2775 1093 2830 in
1104 2774 1314 2846 perspicacibus
1330 2775 1434 2830 risibus
1456 2776 1619 2830 animarum
1635 2775 1765 2831 lideliurn
1792 2791 1915 2829 suerunt

163 2859 274 2927 stincta,
293 2863 431 2933 qnoniam
452 2862 627 2918 circumdata
651 2867 694 2917 est
720 2862 853 2917 lidolibus
875 2863 1011 2934 operibus
1030 2886 1050 2940 C
1067 2863 1211 2930 dill'undit,
1225 2863 1370 2918 illustrans
1384 2880 1486 2919 sensus
1509 2867 1539 2918 ot
1556 2869 1666 2920 urentes
1688 2879 1799 2929 eorum,
1824 2863 1865 2917 ita
1881 2867 1915 2916 ιιι

165 2948 314 3004 incoelesti
336 2951 480 3007 desiderio
501 2950 722 3018 albescentibus,
742 2959 829 3020 atque
860 2951 1010 3006 multimo-

163 3035 208 3091 dis
237 3037 321 3093 donis
355 3039 387 3093 in
424 3038 569 3093 viriditate
599 3038 722 3108 Spiritus
739 3039 831 3092 saneti
853 3039 1011 3094 virentibus

164 3124 314 3180 decoratis.
331 3126 413 3190 Quod
442 3130 539 3180 autem
564 3125 647 3180 babel
662 3125 693 3180 in
708 3126 841 3181 manibus
863 3127 921 3180 suis
945 3143 1010 3180 mo-

164 3215 259 3270 dicum
292 3217 438 3272 vasculum
465 3215 534 3287 palli
567 3215 746 3287 splendoris:
775 3217 830 3272 hoc
855 3225 898 3270 εει
934 3217 1010 3286 qnod

162 3303 192 3357 in
209 3319 297 3374 opere
319 3320 370 3359 suo
383 3305 558 3361 demonstrat
571 3304 695 3376 qualiter
724 3304 755 3359 in
780 3321 868 3376 parvo
884 3312 1008 3360 retenta-

164 3391 240 3457 culo,
260 3391 290 3447 id
309 3395 351 3447 est
372 3392 404 3448 in
428 3392 552 3448 contrito
579 3397 688 3448 secreto
711 3391 805 3448 cordis
832 3393 886 3461 sui,
922 3394 1010 3448 borno

165 3479 254 3534 Ιιειιιιι
279 3495 332 3551 per
362 3480 450 3536 tidem
480 3481 688 3552 apprehendat,
722 3480 753 3534 in
782 3482 892 3552 pallore
914 3487 1010 3536 tanren

162 3566 325 3638 fragilitatis
345 3569 480 3625 humauae
494 3569 598 3638 carnis,
614 3569 682 3641 qtria
704 3569 776 3624 tides
791 3570 878 3625 etiam
902 3570 932 3624 in
948 3570 1011 3640 ipsa

164 3654 276 3712 mortali
300 3656 357 3712 rita
379 3673 452 3728 pure
477 3657 599 3712 colenda
619 3661 671 3726 ost,
696 3663 729 3712 ut
744 3657 861 3712 miseria
874 3651 1011 3714 bominis

163 3761 222 3800 non
242 3744 359 3800 deserit.
387 3746 467 3802 Unde
491 3747 579 3802 ctiam
604 3747 724 3802 moltam
748 3748 843 3802 lucem
867 3752 899 3802 nt
913 3747 1011 3818 luignr

163 3849 195 3888 ex
216 3849 246 3888 sc
267 3834 371 3902 reddit,
397 3835 438 3890 ita
455 3837 533 3906 qood
552 3834 601 3890 i'la
629 3835 679 3889 lox
701 3833 732 3888 in
757 3834 859 3890 faciem
884 3839 912 3889 ct
936 3834 1011 3890 circa

162 3921 268 3975 collum
308 3919 399 3990 ipsius
431 3922 568 3993 imaginis
596 3922 698 3986 luceat,
736 3924 873 3994 quoniam
905 3924 1009 3996 cogni·
1040 3985 1044 3992 ,

163 4008 203 4062 tio
238 4008 341 4062 aeterni
368 4009 487 4064 luminis
515 4016 544 4065 et
569 4010 599 4064 in
626 4009 731 4066 timore
755 4017 784 4065 ot
805 4011 837 4065 in
858 4011 1010 4068 dilectione

164 4095 214 4150 liei
228 4095 408 4164 ditiunditnr,
430 4098 563 4153 videlicet
585 4099 706 4154 tendam
728 4099 762 4154 de
780 4100 910 4156 interiori
923 4101 1010 4156 corde

1066 2950 1227 3006 acutissimo
1258 2951 1289 3006 iu
1322 2947 1485 3024 quibusque
1515 2951 1607 3006 catrsis
1639 2951 1803 3022 intelligant
1833 2951 1915 3022 quod

1066 3040 1107 3094 oia
1129 3044 1195 3110 apte
1216 3039 1247 3094 iu
1273 3041 1329 3093 ileo
1353 3039 1514 3094 iaciendum
1540 3041 1586 3094 sit.
1612 3041 1665 3095 Sed
1691 3039 1768 3110 qnod
1794 3039 1824 3094 in
1847 3040 1917 3092 dea-

1065 3132 1126 3182 tera
1150 3143 1238 3181 ruanu
1272 3128 1416 3183 modicum
1451 3129 1562 3198 lignum
1589 3129 1621 3182 iu
1648 3129 1766 3183 rrrodum
1805 3128 1915 3182 ilabelti

1066 3217 1169 3269 babet:
1198 3215 1252 3268 boc
1275 3225 1319 3269 εει
1342 3215 1417 3285 quod
1441 3215 1573 3269 discretio
1597 3215 1627 3270 in
1643 3215 1742 3270 dextra
1759 3221 1839 3286 parte
1859 3216 1914 3269 sal·

1066 3303 1187 3358 arationis
1201 3302 1373 3372 attimacum,
1389 3319 1462 3373 opus
1483 3319 1567 3358 suom
1588 3319 1639 3374 per
1662 3303 1772 3358 donum
1785 3303 1912 3374 Spiritus

1065 3391 1155 3448 sancti
1176 3391 1207 3445 in
1230 3390 1396 3447 bominibus
1417 3391 1500 3464 quasi
1522 3391 1553 3447 in
1586 3392 1665 3463 ligno
1685 3390 1794 3462 fragilis
1814 3392 1911 3446 carnis

1065 3493 1178 3550 semper
1191 3478 1362 3546 considerat,
1379 3478 1433 3534 hoc
1456 3479 1571 3550 signum
1596 3479 1736 3535 tamenin
1757 3496 1785 3534 se
1800 3479 1910 3534 hairen-

1067 3565 1108 3632 tis,
1123 3572 1156 3620 ιιι
1176 3584 1194 3621 a
1215 3583 1244 3622 se
1269 3583 1322 3638 per
1340 3567 1471 3623 divinum
1484 3567 1624 3623 auxilium
1651 3569 1776 3622 diversas
1799 3583 1913 3622 muscas

1065 3655 1272 3711 diabolicarum
1310 3655 1442 3712 videlicet
1480 3656 1701 3728 persuasionum
1734 3654 1840 3727 abigat,
1875 3673 1912 3710 no
1975 3717 1976 3720 Ἴ

1066 3759 1117 3814 per
1140 3757 1188 3796 aas
1209 3743 1238 3796 iu
1260 3742 1386 3798 diversas
1414 3744 1551 3799 vanitates
1574 3745 1765 3816 dispergatur.
1793 3744 1914 3812 Propter
1975 3789 1976 3792 ,

1066 3830 1244 3902 quodetiam
1265 3832 1376 3903 exejus
1400 3833 1566 3887 summitate
1585 3837 1643 3887 tres
1666 3832 1821 3887 ramusculi
1836 3833 1913 3886 mire

1066 3919 1152 3974 modo
1177 3935 1241 3974 cnm
1265 3921 1337 3974 llore
1352 3907 1506 3990 pullulant,
1532 3924 1563 3974 nt
1587 3909 1686 3974 ¹tideles
1709 3919 1838 3974 homines
1860 3937 1913 3973 su-

1066 4007 1234 4079 peremnia
1256 4013 1284 4064 ει
1305 4009 1337 4064 ιιι
1364 4008 1498 4062 omnibus
1525 4013 1651 4063 sanctam
1675 4007 1842 4063 'l'riuitatem
1873 4009 1915 4060 iu-

1069 4095 1244 4152 mirabilibus
1259 4097 1319 4150 suis
1341 4113 1455 4166 semper
1472 4097 1632 4176 florentem,
1656 4097 1780 4152 fideliler
1794 4097 1915 4151 credaut

163 4182 394 4255 hominisosquo
409 4185 445 4239 ad
470 4185 582 4251 faciem,
609 4185 696 4243 idest
712 4203 803 4258 osque
825 4188 1012 4259 adinceptio-
1029 4155 1094 4239 l'in
1120 4185 1228 4240 unitate
1255 4184 1412 4242 divinitatis
1435 4184 1651 4256 gloriosissimae
1674 4192 1825 4257 regnante,
1850 4201 1911 4240 ιιυιι

164 4285 230 4324 nem
257 4270 329 4326 recti
362 4271 467 4343 operis,
491 4274 523 4329 in
551 4274 628 4330 bono
661 4276 792 4348 exemplo
816 4275 1007 4332 intentionem
1065 4280 1171 4328 ternere
1201 4273 1231 4328 in
1262 4290 1291 4328 se
1323 4273 1394 4344 ipsis
1417 4274 1543 4330 coelestia
1570 4279 1679 4329 secreta
1697 4274 1913 4330 examinantes:

164 4373 245 4412 suam
272 4358 492 4429 manifestantis,
512 4366 541 4416 ει
554 4360 628 4416 circa
642 4363 748 4418 collum
763 4363 840 4435 quod
854 4369 898 4420 cst
911 4371 1011 4435 postea
1065 4362 1113 4416 sed
1142 4362 1214 4416 sicut
1238 4363 1311 4416 Deus
1331 4363 1430 4418 omnia
1447 4377 1535 4433 opera
1559 4379 1610 4416 sna
1632 4362 1663 4416 in
1687 4361 1810 4417 ‘dirersis
1828 4377 1914 4415 crea·

165 4445 271 4518 ubique
304 4448 462 4517 prudenter
502 4448 702 4505 fortitudinem
737 4451 1008 4522 comprehendentis
1067 4449 1138 4504 turis
1166 4449 1224 4505 suis
1254 4450 1333 4520 juste
1358 4449 1479 4504 discrete
1510 4448 1654 4520 disponit:
1678 4448 1719 4503 sic
1745 4449 1831 4504 etiam
1854 4449 1912 4518 ipsi

165 4533 196 4588 iu
214 4535 359 4604 completo
379 4552 475 4607 opere,
492 4537 690 4592 cumiilodin
706 4539 823 4594 honrine
839 4541 1009 4597 autolicum
1064 4538 1198 4594 homines
1235 4554 1288 4609 per
1319 4537 1376 4591 vim
1410 4537 1592 4592 discretionis
1626 4543 1729 4592 cuncta
1756 4538 1829 4592 facta
1859 4555 1914 4591 soa

165 4623 573 4696 practoriossoletolgerper
595 4626 814 4695 beatitudinem,
836 4628 1011 4683 sicotetiam
1063 4626 1138 4682 beno
1177 4631 1206 4681 et
1240 4631 1316 4680 recte
1357 4625 1534 4696 dispensent.
1572 4625 1652 4691 Quod
1684 4633 1779 4681 autem
1822 4625 1913 4680 babet

163 4709 196 4764 iu
217 4711 354 4780 praedicto
368 4712 596 4767 nraoiiestatione
622 4713 751 4782 ejusdem
775 4712 894 4786 virginis
919 4715 1011 4772 decla-

164 4799 255 4850 ratur.

199 4883 295 4956 imago
310 4900 377 4940 vcro
396 4902 460 4957 quoe
481 4885 512 4941 in
535 4886 593 4941 tine
609 4886 683 4941 mori
709 4903 796 4959 super
822 4889 947 4960 lapidem
964 4907 1010 4944 so-

165 4970 222 5037 det,
247 4974 399 5043 praetendit
422 4973 633 5041 discretionem,
657 4976 724 5045 quia
738 4976 803 5046 ipsa
826 4976 855 5031 in
878 4993 1011 5033 consum·

165 5059 291 5116 ιιιιιιιειιε
337 5062 463 5132 aretinum
503 5062 708 5118 observationis
753 5065 782 5118 in
814 5064 927 5121 Christo
964 5084 1008 5121 re·

165 5146 323 5215 quiescens,
356 5149 481 5218 pleniter
504 5151 649 5220 apparuit,
673 5151 857 5206 solertissimo
885 5153 1010 5210 existens

163 5233 313 5291 cribratrix
340 5239 472 5293 omoinm
494 5253 602 5306 rerum,
618 5241 719 5294 terreus
746 5238 853 5297 scilieet
875 5241 953 5313 qnod
967 5247 1007 5298 te·

107 5323 111 5326 ’
166 5323 291 5379 nendum
308 5329 351 5379 est
372 5329 402 5380 ct
419 5325 587 5382 abscindens
608 5327 686 5400 qood
715 5327 942 5386 abscindendum
956 5337 1009 5402 est,

166 5417 198 5464 ιιι
222 5411 346 5468 triticum
370 5432 386 5468 a
410 5415 477 5468 lolio
500 5421 658 5484 separetur.
681 5418 715 5472 lit
732 5416 831 5472 induta
847 5424 890 5472 ast
913 5420 1010 5474 turrira

1064 4713 1094 4767 in
1108 4713 1217 4782 gremio
1240 4730 1293 4768 sno
1318 4713 1524 4768 minutissimos
1544 4713 1657 4785 lapillos
1685 4713 1816 4768 omnium
1835 4729 1915 4783 gerar—
1975 4709 1976 4716 ’

1065 4818 1190 4869 marum,
1215 4818 1287 4873 qaros
1312 4802 1401 4856 motta
1421 4801 1617 4856 sollicitudine
1636 4806 1665 4856 et
1682 4799 1832 4872 diligentia
1846 4819 1916 4854 ευιι-

1064 4890 1170 4946 siderat
1198 4888 1284 4944 valoti
1318 4895 1458 4944 nterootor
1483 4905 1527 4943 ras
1552 4906 1618 4944 snas
1639 4889 1793 4960 diligenter
1821 4889 1913 4942 cousi·

1065 4978 1165 5033 dirrare
1188 4977 1272 5032 solet:
1296 4977 1350 5032 boc
1370 4984 1411 5031 cst
1433 4978 1508 5049 qood
1540 4977 1599 5048 ipsa
1630 4977 1660 5032 in
1684 4976 1749 5032 sinn
1774 4974 1914 5031 mentium

1064 5067 1223 5132 leontinum,
1249 5083 1332 5121 orrrrro
1356 5067 1431 5137 qnod
1454 5073 1553 5138 aptmu
1573 5070 1601 5120 el
1623 5066 1795 5122 conveniens
1817 5069 1859 5118 est
1884 5081 1913 5118 ιιι

1064 5154 1263 5210 ιιιιιιιιιιεειιιιιε
1288 5155 1415 5210 consiliis
1441 5163 1470 5210 ct
1504 5155 1614 5209 artibus
1645 5169 1758 5221 ευιιιιιι,
1783 5159 1913 5206 εοιιιιιιιι

1064 5243 1146 5314 crossi
1169 5243 1197 5298 in
1221 5244 1343 5314 gomoris
1361 5241 1495 5298 virtutum
1514 5257 1747 5314 ratiumquamque
1768 5239 1911 5310 justitiam

1063 5333 1153 5386 allen
1174 5332 1356 5387 constitutam
1380 5335 1465 5388 cauta
1494 5335 1523 5385 et
1546 5329 1677 5402 diligenti
1700 5326 1911 5384 examinatione

1066 5420 1244 5492 prerqrrirens,
1270 5424 1302 5474 ιιι
1325 5435 1451 5490 congrue
1466 5424 1495 5473 et
1515 5421 1588 5488 juste
1609 5418 1639 5472 iu
1667 5417 1804 5472 omnibus
1826 5416 1912 5470 rebu-
