3984 6034
112 259 165 314 333
734 262 991 321 solitast-titt.
1014 264 1047 331 ΙΙ,
1069 263 1160 322 visit)
1181 263 1224 318 l'l.
1811 262 1864 320 534

146 395 322 466 Quicunque
347 394 423 452 banc
459 395 680 453 ucranuimam
704 413 822 454 caruem
846 397 1082 470 accipiundum
1108 413 1138 454 ee
1162 401 1286 465 accuset,
1310 395 1362 468 otri
1391 395 1447 452 sibi
1468 394 1628 454 remedium
1659 394 1862 458 consolationis

109 493 140 540 et
158 484 331 556 sauguinem
355 483 485 555 ejusdem
506 484 635 556 mysterii
658 501 773 541 sumere
793 502 851 542 non
877 504 958 542 reco-
1014 504 1080 544 cam
1108 486 1277 559 penitentis
1301 486 1488 554 demonstret,
1511 493 1540 540 et
1559 485 1600 540 sic
1616 486 1734 542 demum
1750 485 1861 546 scotu-

108 579 163 642 set,
189 571 330 646 quonism
351 574 440 629 Filius
461 589 544 628 meus
562 589 649 645 supra
676 574 776 630 omnia
800 581 845 630 est
872 592 960 632 mnn-
1014 576 1095 632 burm
1111 591 1194 630 suum
1210 575 1369 646 pusilentus
1378 574 1506 630 accedat.

108 655 173 730 dus,
198 667 229 716 et
249 662 399 733 speculum
422 661 454 716 iu
475 661 639 728 virtutibus,
660 677 693 717 ac
715 661 780 718 ideo
813 663 958 719 nobiiieei·
1049 665 1102 722 Sed
1125 679 1179 736 ego
1201 665 1284 720 Pater
1307 663 1448 730 omniurn,
1478 667 1617 720 secretam
1642 662 1859 736 dispositionem

107 767 175 806 mus
190 750 308 821 sanguis
332 749 396 821 ejus
413 753 457 804 eet
477 749 671 820 accipiendus,
694 748 750 806 uisi
775 767 836 822 pree
850 751 959 822 simpli·
1013 753 1197 824 sacratissimi
1224 751 1361 824 cnllnqnii
1385 767 1437 823 per
1455 752 1532 824 quod
1553 767 1600 808 me
1625 753 1757 808 sacerdos
1770 754 1807 810 ad
1822 755 1861 812 al·

107 841 194 895 citata
218 837 384 909 accipientis
409 838 541 893 sacsmm
573 844 676 894 tameat
699 838 861 910 pericnlum
884 841 957 896 ellu-
1012 845 1073 897 tare
1096 841 1227 897 iuvocare
1251 840 1351 906 debet;
1375 839 1405 895 iu
1430 839 1529 896 multis
1552 844 1582 894 et
1605 839 1636 896 in
1658 841 1775 911 maguis
1798 859 1858 898 ser·

106 928 210 998 donis,
233 934 264 982 et
284 934 354 982 tunc
372 925 422 981 iilo
443 931 598 999 accepturu
624 927 676 983 ilat
706 930 863 984 secundum
887 929 956 985 sim·
1012 931 1144 987 menibus
1168 929 1329 995 campulo,
1354 928 1404 984 sed
1429 929 1459 983 iu
1478 933 1555 983 recta
1569 926 1752 984 ordinatione
1777 930 1853 1002 prio·

105 1014 444 1088 plicitateminiantium,
464 1015 571 1086 quibus
586 1030 652 1070 esca
669 1015 752 1087 panis
778 1017 954 1086 conceditur,
1011 1033 1077 1074 rom
1101 1017 1319 1090 magistrorum,
1341 1031 1414 1089 quos
1438 1023 1548 1072 donum
1577 1014 1667 1072 sancti
1690 1015 1856 1089 Spiritusin

105 1109 137 1159 et
165 1109 254 1175 potus
278 1103 339 1159 vini
363 1103 533 1174 denegatur,
558 1103 599 1159 ita
633 1109 663 1159 et
689 1103 740 1158 isti
765 1105 827 1160 banc
858 1122 956 1162 sacro-
1011 1110 1088 1164 recta
1112 1105 1309 1162 admonitione
1333 1121 1379 1162 me
1406 1107 1538 1164 invocare
1560 1103 1686 1172 edocuit,
1710 1115 1739 1162 et
1755 1105 1808 1162 hoc
1828 1106 1860 1164 iu

105 1198 207 1249 sancta
228 1208 295 1248 caro
313 1191 472 1249 tribuatur:
497 1195 527 1246 et
547 1191 642 1248 tluens
664 1193 782 1266 sanguis
805 1194 956 1251 subtraba-
1011 1194 1224 1267 multiplicitate
1238 1193 1332 1250 stultu
1358 1193 1507 1266 sapientie
1527 1209 1589 1248 esse
1617 1209 1675 1248 unu
1699 1193 1794 1260 debet,
1807 1197 1858 1252 ssd

106 1285 165 1347 tur,
181 1296 219 1336 ne
232 1280 328 1352 majus
341 1278 503 1352 pericnlum
517 1279 585 1335 iude
597 1279 718 1347 oriatur,
734 1287 764 1336 et
785 1281 855 1354 quis
868 1283 956 1339 etiam
1010 1285 1040 1340 iu
1055 1283 1239 1356 simplicitate
1259 1282 1355 1340 cordis
1369 1299 1377 1350 ς
1393 1283 1462 1355 qnia
1475 1282 1506 1338 iu
1520 1281 1705 1354 multiloquio
1728 1298 1785 1339 non
1804 1282 1854 1340 de·

104 1369 155 1423 illu
187 1372 366 1424 sacrosancta
386 1383 453 1423 caro
473 1366 610 1439 sanguini
632 1384 686 1425 suo
711 1372 740 1424 ct
762 1368 883 1441 sanguis
905 1369 955 1425 ille
1010 1373 1111 1442 lector,
1126 1373 1174 1428 sed
1198 1371 1229 1428 iu
1251 1371 1377 1444 puritate
1402 1371 1497 1428 cordis
1515 1371 1643 1440 illorum,
1664 1373 1715 1445 qui
1734 1385 1780 1428 me
1803 1373 1855 1429 de-

105 1457 187 1513 carui
207 1472 268 1512 sum
291 1456 322 1512 iu
353 1471 412 1512 uuo
434 1455 585 1512 sanctitate
605 1456 776 1528 conjunctus
799 1463 851 1514 eat.
874 1458 955 1524 Quod
1010 1473 1074 1518 rote
1097 1466 1243 1534 quaeruut,
1270 1465 1299 1516 et
1314 1459 1365 1532 qui
1386 1475 1433 1516 me
1456 1459 1486 1516 in
1514 1460 1617 1516 ardore
1639 1460 1785 1518 eharitatis
1806 1461 1856 1518 be·

104 1547 130 1601 sl
159 1546 249 1604 humo
275 1545 326 1603 ille
357 1545 444 1617 tardus
472 1545 650 1603 discretionis
674 1552 727 1614 est,
757 1547 835 1620 quod
864 1547 956 1620 possit
1010 1550 1098 1623 nigue
1112 1549 1336 1622 amplectuntur.
1351 1548 1430 1606 ntiae
1444 1547 1523 1606 enim
1537 1548 1634 1605 electis
1649 1549 1797 1610 meiscstm
1811 1565 1859 1608 me

103 1634 275 1708 mysterium
292 1632 449 1702 custodire,
468 1639 538 1690 tunc
565 1650 633 1692 cum
657 1635 685 1691 ei
711 1636 865 1692 illasancta
887 1651 954 1692 caro
973 1641 1146 1733 Bqnserunt
1166 1636 1291 1709 matiam
1321 1651 1415 1694 mesm
1446 1636 1606 1692 secuudum
1629 1636 1857 1696 vicissitudinem

103 1724 140 1780 ad
163 1721 376 1779 comedendum
399 1722 495 1790 datur,
529 1728 598 1779 tuuc
627 1728 657 1779 et
682 1725 801 1796 sanguis
825 1725 955 1798 ejusdcm
1009 1727 1153 1783 donorum
1176 1725 1301 1798 Spiritus
1323 1725 1414 1782 sancti
1447 1724 1599 1797 impendo:
1629 1725 1660 1780 in
1688 1725 1742 1782 hoc
1760 1731 1856 1782 anum

102 1811 199 1868 caruis
220 1810 278 1884 ipsi
299 1810 336 1867 ad
365 1811 526 1883 potandum
558 1811 655 1869 datur.
684 1812 824 1870 Samrdos
852 1820 951 1872 sotem
1008 1819 1188 1872 sacramento
1208 1829 1254 1870 me
1280 1817 1375 1870 totum
1400 1813 1470 1886 ipsis
1493 1813 1622 1880 osundo,
1646 1813 1783 1886 quoniam
1811 1815 1857 1871 Fi-

103 1900 156 1974 qni
177 1901 233 1956 hoc
252 1905 464 1956 sacramentum
494 1900 630 1970 celebrat,
664 1901 820 1973 diligenter
845 1902 882 1959 iis
907 1903 954 1960 in·
1007 1903 1064 1962 lius
1079 1919 1160 1960 meus
1181 1901 1212 1960 iu
1227 1907 1388 1974 meetego
1404 1900 1523 1974 inipso,
1548 1905 1578 1957 et
1599 1901 1722 1974 Spiritus
1742 1908 1857 1960 sauctus

105 1987 252 2046 dumentis
276 1988 383 2062 quibus
405 1988 518 2061 auoqni
541 1990 641 2046 Patres
668 1991 762 2048 edocti
788 2008 843 2066 per
861 1993 954 2067 Spiri-
1006 1994 1038 2050 in
1065 1992 1150 2050 uobis
1178 1997 1274 2047 etuoe
1287 1991 1318 2048 iu
1332 1989 1396 2064 ipso
1422 1995 1451 2046 et
1465 2004 1558 2046 unum
1585 1989 1616 2046 in
1635 1989 1786 2048 diuinitate
1801 2007 1853 2048 eu-

104 2083 169 2134 tum
185 2083 315 2134 sanctum
330 2076 368 2134 sd
389 2077 468 2132 idem
491 2077 620 2135 cilicium
635 2079 953 2150 iudniconstituernut,
1008 2098 1082 2148 mas,
1110 2080 1186 2136 sicut
1213 2085 1243 2136 et
1269 2095 1375 2152 corpas
1399 2083 1429 2136 et
1455 2078 1559 2136 aliast
1587 2078 1663 2138 sires
1686 2079 1765 2136 illius
1780 2096 1855 2138 nnus

103 2166 225 2222 restitus
253 2166 300 2228 sit,
324 2171 354 2220 et
377 2165 589 2222 accumtiasime
614 2168 701 2223 rerba
727 2168 778 2225 ills
796 2185 860 2243 qum
887 2171 953 2242 Spi-
1006 2170 1105 2225 sirena
1128 2169 1217 2225 bomo
1241 2173 1294 2225 cst
1332 2167 1412 2224 Unde
1433 2167 1484 2240 qni
1515 2168 1551 2225 ad
1573 2167 1628 2224 hoc
1645 2173 1856 2226 sacramentum

101 2255 175 2310 ritus
210 2259 328 2310 sanctus
358 2254 467 2310 eisdem
496 2255 628 2311 Patribus
658 2257 694 2314 ed
730 2258 954 2318 celebrationem
1007 2256 1126 2324 accedit,
1151 2261 1249 2312 careat
1264 2272 1301 2312 ne
1323 2256 1364 2312 ila
1384 2256 1482 2312 renim
1500 2261 1533 2311 ut
1552 2255 1677 2327 gloriam
1693 2257 1856 2314 [tirinitstis¹

101 2343 193 2415 bnjue
217 2343 347 2415 mysterii
374 2343 527 2414 inspirarit
549 2346 692 2402 attendat:
708 2346 830 2404 sollicite
850 2363 953 2404 canens
1007 2345 1153 2402 offendere
1167 2345 1267 2418 possit.
1292 2345 1346 2400 Sed
1372 2349 1421 2412 tu;
1445 2361 1463 2399 o
1486 2345 1586 2412 homo,
1608 2345 1677 2400 dum
1693 2345 1789 2402 caeteri
1805 2347 1855 2402 bo

101 2449 140 2490 ne
166 2433 326 2506 quidquam
358 2433 390 2490 iu
422 2433 466 2490 eis
497 2434 623 2500 omittat,
652 2433 837 2492 devotissime
865 2437 953 2492 etiarn
1007 2434 1100 2491 mines
1115 2433 1150 2488 ad
1174 2432 1393 2505 percipiendum
1415 2431 1512 2502 ipsum
1533 2435 1743 2490 sacramentum
1759 2432 1797 2489 ad
1810 2449 1853 2488 sa·

100 2522 270 2595 inspiciens,
283 2537 320 2577 ue
334 2522 498 2594 exemplum
523 2523 579 2579 boc
593 2525 785 2590 transcendat,
802 2525 852 2580 ubi
865 2525 953 2581 Frtius
1006 2522 1153 2579 cerdotem
1181 2522 1329 2589 secedant,
1352 2519 1481 2593 quinque
1507 2519 1608 2576 modos
1632 2519 1663 2575 iu
1684 2519 1727 2576 ais
1757 2520 1856 2576 cousi-

101 2626 187 2668 meus
202 2625 307 2683 moena
332 2618 362 2666 et
383 2612 502 2666 calicem
521 2613 641 2682 aceepit,
666 2617 695 2668 et
722 2613 871 2686 discipulis
893 2615 953 2670 suis
1006 2610 1099 2676 dares,
1121 2609 1190 2681 quia
1217 2609 1259 2664 illi
1280 2607 1330 2680 qui
1346 2609 1562 2680 perceptionem
1582 2607 1672 2663 divini
1687 2608 1853 2679 mysteriis

101 2699 140 2755 ad
164 2699 398 2755 manducandum
420 2700 501 2755 etad
527 2700 632 2758 bibeud
647 2716 685 2756 ·m
711 2701 800 2758 dedit.
825 2702 879 2759 Sed
901 2703 953 2776 qni
1007 2697 1153 2753 secerdote
1174 2712 1226 2751 suo
1251 2696 1380 2768 accipere
1401 2695 1577 2765 desiderant,
1602 2695 1732 2768 quinque
1753 2712 1855 2753 seusus

98 2787 132 2843 in
155 2786 334 2842 indumentis
356 2791 406 2842 aot
429 2787 460 2841 iu
482 2786 577 2842 verbis
599 2786 636 2844 ad
660 2789 714 2844 boc
734 2790 862 2846 olllcium
886 2805 950 2862 per-
1006 2785 1137 2858 corporia
1152 2785 1197 2841 sui
1216 2802 1233 2840 a
1252 2786 1322 2841 lece
1344 2789 1529 2857 peccatorum
1554 2799 1672 2839 suorum
1704 2786 1853 2852 emundet,

102 2873 262 2929 bueufibus
285 2873 447 2946 quidquam
478 2891 532 2946 per
565 2875 775 2949 neoliyeutiam
797 2878 952 2934 oblivionis
1007 2877 1098 2928 eleos
1121 2890 1138 2928 a
1161 2873 1338 2944 subripiente
1361 2871 1556 2938 immunditia,
1582 2871 1669 2944 digne
1684 2873 1853 2930 stlaudsbi-

99 2962 270 3032 ignoranter
292 2962 459 3036 deliquerit,
481 2963 563 3032 gravi
587 2968 617 3019 et
644 2965 754 3021 salubri
782 2967 952 3036 poenitentia
969 2958 990 3013 C
1005 2962 1071 3018 liter
1096 2961 1249 3028 custodiat,
1292 2967 1326 3016 nt
1358 2965 1440 3016 tauto
1483 2960 1626 3017 salubrius
1653 2961 1732 3018 idem
1760 2963 1850 3034 perci-

98 3050 301 3122 eorriptsmtus
334 3055 386 3107 est
426 3055 561 3108 neuneu
601 3052 827 3110 misericordiam
855 3070 951 3111 meum
1005 3051 1098 3122 uiant·
1120 3049 1302 3124 otrspropasr
1324 3048 1413 3106 satam
1438 3065 1471 3104 οι
1486 3049 1521 3105 tis
1545 3050 1596 3122 qut
1624 3050 1660 3106 sa
1684 3050 1781 3123 ipsum
1807 3067 1850 3107 sa·

99 3155 235 3211 quaereue
256 3139 394 3207 inveniet,
419 3141 489 3212 quia
507 3143 766 3212 transgressionem
792 3142 876 3198 iatam
892 3159 951 3200 nou
1004 3145 1186 3195 crementum
1205 3144 1237 3193 ut
1264 3137 1342 3192 vides
1367 3137 1516 3205 accedunt,
1542 3137 1591 3193 alii
1617 3137 1649 3193 in
1662 3153 1783 3211 corpore
1808 3138 1852 3195 ln·

102 3227 132 3281 iu
147 3227 296 3284 vuluntate
319 3235 371 3282 aut
395 3227 426 3282 in
450 3225 561 3282 malitia
580 3227 676 3284 cordis
698 3229 743 3284 aui
767 3231 950 3301 perpetrarit.
1005 3223 1061 3281 cidi
1075 3233 1105 3280 nt
1119 3225 1150 3282 in
1178 3225 1276 3281 anime
1294 3225 1373 3296 ignei
1399 3229 1477 3291 suut,
1499 3225 1636 3298 quoniam
1651 3225 1707 3296 ipsi
1736 3225 1853 3283 clarita-

98 3314 156 3380 Qui
186 3329 256 3370 vero
286 3312 317 3370 id
342 3314 467 3370 scienter
494 3319 545 3370 aut
575 3331 628 3387 per
663 3315 877 3372 indevotionem
902 3334 950 3373 ru·
1006 3323 1066 3370 tem
1088 3314 1157 3370 lidsi
1190 3313 1227 3370 ad
1257 3314 1353 3385 ipsum
1386 3320 1599 3372 sacromentum
1620 3313 1769 3381 babentes,
1794 3330 1853 3371 nou

102 3403 221 3459 luntatis
235 3417 305 3470 ense,
329 3408 381 3457 aut
406 3418 461 3474 per
483 3403 644 3476 nequitiem
667 3405 762 3460 cordis
785 3405 831 3460 sui
847 3405 877 3461 iu
892 3405 952 3462 eis-
1005 3402 1138 3460 dubitent
1166 3402 1237 3474 quin
1257 3419 1357 3458 rerum
1384 3417 1489 3474 corpus
1517 3407 1547 3458 et
1561 3417 1645 3459 serus
1658 3401 1776 3475 sanginis
1790 3403 1855 3460 Filii

98 3493 169 3548 dem
187 3492 375 3547 sacramentis
398 3496 595 3564 transgressos
615 3492 715 3562 luerit,
733 3493 801 3548 huic
824 3493 951 3551 offensus
1004 3491 1063 3548 mei
1091 3491 1137 3556 sit,
1164 3497 1194 3546 et
1207 3489 1271 3545 ideo
1286 3490 1355 3548 dum
1378 3489 1452 3546 illud
1475 3491 1529 3546 lasc
1556 3489 1613 3546 lide
1636 3488 1800 3562 percipiunt
1821 3489 1852 3545 iu

96 3581 215 3635 dicam:
237 3579 325 3636 &rae
352 3595 489 3652 nequam.
517 3595 570 3636 cnr
597 3596 656 3637 uon
684 3597 748 3636 eras
778 3581 950 3638 sacerdotali
1005 3595 1090 3635 carue
1105 3595 1158 3634 sna
1184 3582 1356 3641 racematur
1378 3583 1409 3634 et
1437 3577 1662 3646 sanctificantur,
1692 3577 1731 3634 its
1756 3583 1790 3634 ut
1803 3592 1855 3650 per

99 3674 179 3724 cesta
202 3673 279 3724 recte
300 3668 431 3737 indutus,
454 3674 487 3724 nt
508 3668 540 3726 in
559 3669 672 3740 Spiritu
690 3676 789 3726 sanctu
802 3669 857 3726 tibi
871 3671 952 3726 insti·
1006 3668 1059 3722 boc
1083 3666 1249 3739 mysterium
1279 3667 1458 3732 sanctificati,
1483 3672 1548 3738 post
1568 3665 1808 3722 resurrectionem
1823 3665 1855 3722 in

95 3761 219 3812 inerant
243 3755 356 3828 antiqui
379 3756 505 3826 mejores
535 3757 666 3827 magistri
688 3756 742 3824 tui,
763 3757 794 3811 in
808 3755 951 3827 signitica-
1005 3755 1108 3810 eodem
1135 3769 1254 3827 corpora
1284 3770 1337 3810 sno
1366 3759 1527 3827 appareant
1556 3755 1586 3810 in
1610 3755 1800 3826 animatque
1824 3754 1856 3809 iu

98 3845 181 3901 boue
206 3844 368 3917 spiritualis
388 3845 477 3900 cilicii
499 3851 531 3901 ut
554 3845 626 3901 mibi
647 3859 763 3916 semper
787 3843 953 3902 ministrant
1005 3843 1171 3899 animaene
1194 3843 1280 3914 igneo
1300 3843 1378 3898 dono
1394 3841 1519 3915 Spiritus
1532 3840 1623 3897 eaucti
1644 3839 1855 3896 transiundan-

98 3933 197 4004 auyeli
220 3935 299 3990 snei?
323 3934 356 3988 Et
378 3949 430 3988 cur
453 3933 541 3988 etiam
565 3933 716 4006 neglexisti
740 3933 860 3988 modum
884 3949 951 3989 ver·
1005 3941 1052 3988 tur
1079 3935 1108 3986 et
1142 3931 1355 3997 accenduntur3
1394 3936 1539 4002 quatenns
1577 3929 1631 3984 bac
1663 3926 1856 3984 illustratione

96 4022 203 4078 borum
225 4021 342 4078 illorum
369 4037 434 4094 quse
454 4020 507 4077 tibi
527 4021 559 4077 in
575 4021 684 4094 Spiritu
705 4027 804 4076 sancto
827 4021 951 4078 tradide·
1005 4018 1123 4092 pertusi,
1160 4024 1272 4075 terrena
1308 4023 1445 4092 respuunt
1467 4023 1496 4074 et
1518 4018 1646 4074 coelestia
1679 4015 1854 4074 desiderent.

95 4115 167 4166 runt
190 4109 282 4166 iidem
302 4111 402 4166 Patres
421 4109 466 4168 tui
487 4110 518 4165 in
540 4110 758 4166 consecratione
779 4111 952 4181 corporiset
1005 4109 1174 4174 eromodot
1196 4107 1268 4175 onia
1289 4113 1323 4163 ut
1349 4124 1366 4163 a
1393 4112 1479 4162 reule
1510 4107 1588 4179 iguis
1615 4105 1782 4164 incendium
1804 4119 1857 4160 ex-

97 4197 251 4264 sanguinis
276 4197 339 4254 Filii
362 4197 432 4265 mei,
456 4198 630 4254 adsalutem
645 4202 674 4252 et
691 4197 814 4268 gloriam
835 4198 948 4269 generis
967 4199 1120 4306 ὓηίῑηῑιη,
1145 4198 1186 4252 sic
1199 4201 1227 4253 et
1256 4196 1303 4252 isti
1331 4212 1382 4269 par
1411 4202 1623 4252 sacramentum
1647 4195 1701 4252 boc
1719 4200 1751 4251 ut
1764 4193 1795 4251 iu
1810 4209 1856 4250 su·

98 4286 245 4344 humaui?
260 4286 340 4342 llnde
363 4286 414 4358 qni
436 4285 467 4341 iu
482 4285 538 4342 boc
552 4293 634 4343 reatu
651 4287 803 4358 culpabitis
817 4292 867 4350 est,
881 4287 948 4344 inde
1008 4302 1099 4358 perne
1125 4301 1224 4341 amore
1245 4285 1376 4353 ardeant,
1406 4281 1589 4341 imbuuntur.
1613 4283 1667 4340 Sed
1681 4282 1732 4338 alii
1747 4283 1779 4338 in
1795 4297 1857 4338 cor·

96 4377 173 4432 mibi
192 4391 384 4447 responsurus
402 4380 456 4442 est,
476 4375 501 4430 ei
523 4390 585 4431 nou
605 4375 686 4447 greci
710 4373 868 4430 afflictione
886 4390 948 4447 poe·
1003 4390 1074 4447 pore
1088 4374 1188 4447 pallidi
1204 4379 1233 4428 et
1260 4373 1290 4428 iu
1317 4374 1415 4430 anima
1433 4372 1579 4430 tenebrosi
1616 4372 1760 4435 ridentur,
1788 4371 1857 4444 quia

94 4464 220 4521 nitendo
243 4465 371 4536 seipsam
388 4464 529 4538 punierit.
553 4464 610 4521 Sed
626 4463 759 4520 sacerdos
780 4464 832 4536 qui
846 4466 948 4535 epulas
1005 4463 1096 4536 tepidi
1123 4463 1153 4518 iu
1177 4461 1243 4530 lida,
1261 4461 1375 4518 lirmam
1389 4461 1476 4518 iidem
1495 4461 1530 4518 ad
1545 4461 1623 4517 idem
1643 4465 1856 4518 sacramentum

96 4556 169 4610 istas
183 4553 220 4610 ad
243 4554 334 4610 altare
357 4569 455 4609 meum
477 4554 570 4621 offert,
589 4553 659 4609 iude
677 4553 794 4625 jejunus
812 4553 858 4609 his
879 4569 949 4625 epu·
1005 4567 1065 4608 uou
1084 4551 1200 4618 babent,
1221 4551 1271 4606 sed
1297 4550 1362 4606 duri
1387 4555 1457 4606 snut
1484 4549 1658 4623 sapientiam
1680 4549 1852 4621 intelligere,

97 4643 136 4699 lis
160 4658 220 4697 non
249 4643 374 4709 recedat,
406 4643 457 4698 sed
489 4643 673 4699 reiectionem
702 4643 808 4698 animm
830 4658 890 4698 suu
918 4643 950 4698 in
1005 4639 1095 4694 veluti
1122 4655 1195 4711 puer
1217 4639 1299 4710 cnjus
1323 4639 1453 4711 operaiu
1483 4638 1605 4694 stultitia
1628 4641 1703 4694 suut.
1724 4637 1796 4693 Nam
1810 4637 1854 4692 io-

100 4747 224 4803 corpore
241 4735 272 4788 et
299 4732 330 4786 iu
354 4732 494 4803 sanguine
510 4732 575 4788 Filii
605 4732 663 4788 mei
693 4731 843 4804 percipiat.
867 4732 950 4797 Quod
1008 4729 1045 4784 ris
1060 4729 1090 4784 iu
1118 4727 1217 4784 auditu
1250 4728 1327 4782 suris
1356 4726 1489 4796 audiunt,
1526 4731 1554 4782 et
1581 4727 1612 4784 in
1638 4725 1772 4782 tarditate
1794 4740 1855 4780 cor-

99 4818 126 4874 si
148 4817 229 4872 nunt
255 4818 438 4888 gravioribus
465 4818 602 4875 oneribus
629 4835 660 4873 se
687 4824 839 4890 gravatum
863 4823 893 4872 et
906 4819 951 4873 bis
1007 4815 1119 4873 dissui
1145 4831 1180 4872 ea
1207 4832 1272 4888 qum
1296 4815 1368 4889 ipsis
1382 4817 1419 4872 de
1443 4815 1506 4889 ipso
1529 4814 1856 4872 sacramentodicuntur

100 4906 197 4977 epulis
219 4905 386 4975 indignum,
409 4915 477 4961 tuuc
498 4921 556 4961 uon
578 4910 735 4977 presumat
760 4908 793 4962 ed
821 4921 951 4962 menmm
1006 4918 1065 4958 nou
1089 4903 1216 4974 sapiunt,
1233 4903 1274 4957 ita
1293 4902 1371 4976 quod
1391 4901 1441 4959 ills
1468 4903 1592 4958 libenter
1609 4903 1639 4958 iu
1656 4901 1710 4957 lide
1729 4899 1854 4972 perlecto

101 5009 200 5049 meam
231 4993 377 5063 accedere,
415 5009 469 5049 uec
498 4994 598 5052 illotus
632 4994 764 5051 uiatore
795 4993 951 5050 criminum
1006 4989 1296 5063 comprehenderent,
1324 4990 1374 5048 sed
1396 4997 1494 5048 tsmeu
1524 5007 1584 5063 prae
1612 4990 1758 5048 dubietate
1789 5004 1854 5061 qum

101 5097 224 5138 suorum
244 5081 349 5137 Silium
372 5098 470 5139 meum
492 5088 624 5155 tangue,
649 5088 681 5138 ut
697 5082 742 5139 illi
772 5087 803 5138 et
822 5097 950 5138 mensam
1007 5080 1039 5138 in
1067 5079 1137 5152 ipsis
1158 5084 1202 5134 eet
1223 5095 1282 5136 uon
1305 5084 1424 5152 possm
1446 5079 1564 5148 intueri,
1596 5083 1705 5153 quanta
1718 5077 1854 5134 sauctitas

100 5176 131 5226 et
153 5170 277 5242 gloriam
315 5170 472 5227 nativitatis
507 5189 569 5229 suae
593 5172 872 5240 contaminaremnt,
901 5172 952 5244 qui
1008 5169 1037 5226 in
1059 5168 1109 5224 illo
1135 5167 1181 5224 sit.
1206 5167 1287 5224 Unde
1310 5174 1341 5224 et
1361 5168 1392 5226 iu
1425 5167 1558 5224 interiori
1587 5167 1707 5225 bomine
1729 5164 1856 5224 tenebris

101 5264 192 5332 caput
205 5259 330 5316 lucentis
347 5261 474 5318 lucernae
497 5261 654 5317 crudeliter
668 5260 861 5317 absciderunt.
876 5260 952 5326 Qua·
1008 5257 1176 5314 circumdati
1200 5263 1278 5325 suut,
1308 5257 1447 5330 quoniam
1479 5261 1607 5314 mentem
1633 5272 1714 5314 suam
1741 5271 1856 5312 eorsum

103 5351 227 5420 propter
253 5351 284 5402 et
306 5347 360 5403 iste
390 5347 443 5420 ussi
470 5347 512 5404 ita
543 5347 758 5404 contaminatus
783 5351 837 5409 est,
865 5363 954 5402 sarre-
1008 5347 1044 5403 ad
1059 5344 1265 5418 perfectionem
1287 5347 1367 5403 illem
1393 5347 1504 5403 elevare
1519 5361 1578 5402 non
1598 5346 1704 5412 valent,
1728 5343 1798 5418 qnia
1826 5343 1858 5400 in

101 5441 196 5492 tetam
226 5435 316 5507 pestis
345 5451 403 5492 suae
433 5452 548 5493 summo
578 5437 729 5506 sacerdoti,
752 5435 861 5492 scilicet
881 5434 953 5490 Filio
1008 5435 1132 5506 peccatis
1158 5436 1301 5507 concepti,
1329 5451 1391 5508 prae
1418 5435 1544 5507 pendere
1572 5433 1730 5508 corporalis
1747 5433 1857 5505 tragili-

106 5541 174 5578 rneo
206 5523 349 5580 munau
370 5531 401 5579 ct
420 5524 510 5580 etiam
533 5541 631 5580 corani
653 5525 709 5580 alio
732 5524 844 5580 mortali
867 5539 954 5577 sacen
1010 5523 1077 5577 talis
1119 5522 1152 5578 ed
1189 5523 1391 5592 perfectionem
1438 5523 1615 5578 credulitatis
1649 5522 1726 5576 illius
1758 5537 1857 5586 ersom
