3984 6034
127 169 176 251 eii
849 193 878 245 s.
900 191 1136 247 uinnnennois
1821 191 1875 244 ιιι

126 343 175 386 ma
195 326 244 382 illa
264 324 328 382 Filii
352 322 476 381 hominis
495 326 562 377 nata
584 326 627 376 est
648 320 677 377 in
700 320 882 393 simplicitate
903 335 964 391 prae
982 320 1067 391 Aqui
1095 325 1163 375 suut
1183 320 1271 375 abluti
1301 319 1329 374 in
1351 319 1494 391 baptismo
1509 319 1677 391 cognitique
1693 319 1723 374 in
1739 318 1807 386 ιιιιι,
1829 323 1874 374 ιι-

125 414 190 472 aliis
217 413 392 479 bominibus,
418 410 460 467 ita
478 411 556 482 quod
580 409 669 466 illaesa
694 409 779 481 Virgo
804 408 904 481 gennit
922 424 969 463 ne·
1025 408 1060 464 lis
1075 408 1160 464 etiam
1176 423 1397 464 mereeseorum
1413 407 1475 463 erit.

125 509 185 560 tum
210 517 294 558 suum
324 502 354 556 in
386 499 549 571 ignorantia
580 498 698 570 peccati,
727 514 757 552 se
781 498 911 552 nesciens
939 496 969 550 in
1060 497 1140 562 Quod
1156 501 1251 551 autem
1271 496 1348 551 vides
1363 497 1439 568 quod
1455 496 1490 550 de
1507 496 1624 551 sedente
1639 495 1669 550 in
1684 496 1789 551 throno
1804 511 1874 566 pro·

125 606 254 647 aerumna
281 589 389 646 hahere
418 587 522 643 lilium.
545 586 718 652 Quomodo?
741 586 884 651 Quoniam
911 601 971 640 non
1025 584 1152 640 tenditur
1168 599 1290 656 magnus
1304 583 1427 638 circulus
1441 584 1635 640 eureieoloris
1651 589 1811 650 ntanrora,
1828 599 1877 638 eu·

8 721 9 724 ,
125 679 317 736 sensitultum
340 679 500 733 contactum
521 675 551 729 in
576 673 708 746 peccatis,
732 673 797 730 ideo
820 673 972 745 ignorabat
1022 671 1306 743 jusamplitudinem
1322 671 1499 727 nullomodo
1518 671 1763 744 comprehendere
1777 677 1874 742 potes,

125 784 155 823 se
168 768 273 823 habere
297 766 428 822 dolorem
461 765 491 819 in
511 770 606 834 partu,
629 763 679 818 sed
703 762 779 817 intus
799 761 831 816 in
851 779 885 816 ea
909 779 970 818 cor·
1024 761 1079 816 hoc
1093 761 1218 834 estquod
1232 761 1268 816 ab
1281 761 1481 832 omnipotente
1496 763 1579 817 Patre
1594 761 1761 818 extenditur
1776 760 1875 816 tortis·

123 857 203 928 poris
234 857 279 910 sui
304 852 454 925 integritas
480 851 633 924 gaudebat.
659 852 681 907 0
705 867 794 922 quam
826 850 971 922 speciosus
1024 848 1231 922 simapotestaa
1240 855 1268 904 et
1283 850 1468 905 fortissimum
1478 849 1620 921 opusejus
1631 849 1730 906 omnia
1745 864 1876 920 compre-

123 947 233 1001 iorma!
270 942 326 998 Sed
362 945 480 996 noscant
507 940 640 995 homines
668 939 709 994 ibi
733 939 878 994 carnalem
904 938 969 1010 pul·
1024 937 1196 994 hendensin
1219 939 1348 1010 potentia
1364 938 1461 1010 ipsius,
1477 955 1541 992 curn
1562 955 1619 1010 qna
1637 943 1680 994 ιιι
1703 953 1827 1009 operans
1843 935 1875 990 in

124 1031 317 1088 claritudinem
329 1046 388 1085 non
413 1029 500 1084 luisse
525 1029 664 1098 majorem
689 1028 743 1082 nisi
758 1031 902 1100 quatenus
920 1043 971 1081 or-
1026 1028 1096 1084 Filio
1110 1044 1162 1084 suo
1178 1043 1263 1099 quem
1280 1043 1394 1098 semper
1410 1028 1439 1081 iu
1454 1027 1604 1099 majestate
1623 1025 1873 1097 divinitatisapud

124 1120 234 1176 dinatio
263 1118 416 1190 profundae
440 1116 588 1188 sapientiae
605 1115 752 1170 constituit
777 1116 901 1171 formam
914 1116 971 1170 ho·
1024 1115 1172 1182 sebabuit,
1185 1131 1236 1186 per
1246 1116 1457 1172 eumordinans
1468 1131 1498 1169 ac
1509 1115 1764 1187 perliniensomnia
1773 1130 1877 1186 opera·

124 1207 222 1274 minis,
250 1207 319 1277 quia
356 1207 439 1260 Peter
467 1210 496 1258 et
515 1203 604 1258 Filius
634 1210 662 1256 et
698 1203 821 1274 Spiritus
857 1206 971 1258 sanctus
1026 1221 1077 1259 sua
1091 1210 1157 1260 ante
1172 1204 1311 1260 mundum
1327 1208 1356 1259 et
1370 1204 1400 1259 in
1411 1204 1665 1270 mundoabinitio,
1676 1203 1725 1275 qui
1740 1204 1875 1275 pulcher·

125 1312 200 1351 nnus
227 1297 303 1350 Dens
341 1295 371 1348 in
406 1292 499 1348 tribus
526 1291 728 1364 personisoon
754 1291 913 1346 delectatur
939 1290 970 1344 in
1026 1293 1092 1347 rimi
1107 1293 1226 1364 fulgoris
1244 1293 1321 1346 velut
1344 1308 1448 1348 aurora
1463 1293 1564 1362 rubet;
1584 1293 1652 1364 qnia
1674 1291 1807 1346 Filiusin
1826 1307 1873 1344 sa-

15 1377 55 1396 ”’
124 1383 337 1456 pulchritudine
356 1381 462 1444 carnis,
486 1381 534 1436 sed
553 1380 584 1434 in
601 1395 705 1450 inagna
728 1379 891 1434 humilitate
914 1395 971 1450 qua
1025 1381 1204 1452 pientissima
1219 1381 1334 1446 Virgine
1349 1397 1436 1453 qaam
1451 1397 1556 1438 eurora
1571 1380 1724 1452 signiticat,
1740 1379 1876 1436 incarna-

124 1472 212 1528 lilius
233 1470 283 1527 bei
308 1487 339 1526 se
363 1469 457 1526 induit
481 1468 669 1524 humanitate.
696 1469 727 1523 ln
751 1467 845 1524 torma
874 1474 970 1523 autem
1026 1474 1072 1526 tus
1099 1475 1143 1526 ιιι
1157 1469 1344 1541 inspiratione
1371 1470 1453 1541 digiti
1472 1470 1522 1525 ltei
1537 1469 1586 1543 qui
1612 1469 1736 1541 Spiritus
1760 1475 1877 1525 sanctus

124 1560 177 1616 lilii
188 1559 314 1616 bominis
329 1575 388 1614 non
411 1563 473 1614 erat
501 1557 560 1612 ulla
582 1556 773 1623 maculositas,
788 1563 821 1610 nt
839 1556 971 1627 aliqnan-
991 1564 1085 1671 Be;st
1099 1559 1129 1613 in
1142 1574 1200 1631 qno
1213 1558 1300 1613 etium
1315 1559 1422 1614 lactum
1433 1565 1570 1614 estomne
1582 1575 1654 1630 opus
1665 1560 1765 1613 Patris.
1783 1559 1877 1630 liujus

123 1645 160 1701 do
182 1646 379 1719 distorquetur
405 1645 491 1702 homo
518 1647 639 1700 molesta
662 1643 763 1698 ιιιιι
756 1659 786 1698 ιιι
807 1617 1012 1699 diversitateB
1026 1648 1123 1720 gloria
1154 1646 1305 1702 circuitum
1325 1649 1403 1703 nulla
1427 1648 1540 1704 ratione
1561 1647 1805 1719 comprehendere
1821 1663 1875 1701 va-

122 1735 259 1807 corpocis,
275 1734 352 1806 qnod
367 1732 571 1805 estinJudicio
587 1732 648 1800 Ilei,
676 1731 861 1787 scilieetcnm
878 1747 971 1787 mem·
1024 1737 1076 1802 les,
1089 1735 1157 1807 qnia
1179 1750 1231 1789 nec
1245 1733 1335 1805 ipsius
1350 1738 1475 1806 potestas
1499 1750 1551 1790 nec
1570 1751 1667 1805 opera,
1692 1749 1744 1789 nee
1758 1735 1815 1792 ulla
1830 1739 1878 1789 est

123 1821 175 1877 bra
197 1821 325 1878 hominis
343 1821 437 1877 divisa
459 1826 528 1876 sunt
542 1836 601 1875 non
617 1824 692 1874 recte
713 1820 846 1874 ordinata
869 1825 901 1874 ut
921 1820 969 1876 de·
1025 1837 1160 1878 mensura
1192 1822 1279 1877 nllins
1301 1822 1448 1891 bonitatis,
1474 1824 1517 1878 rel
1553 1821 1699 1894 potestatis
1722 1822 1758 1878 ed
1792 1822 1876 1877 illam
1984 1895 1985 1904 ἵ

122 1909 226 1966 bilium
247 1911 324 1982 quod
348 1925 406 1966 non
427 1914 471 1964 ιιι
494 1909 651 1964 secundum
667 1914 800 1963 naturam
820 1907 969 1964 formatio·
1025 1911 1247 1968 mensurandam
1263 1927 1328 1984 qun
1356 1911 1401 1980 ιιι,
1416 1911 1461 1966 ιιι
1479 1910 1575 1978 luerit,
1590 1912 1632 1966 vel
1648 1910 1713 1966 fieri
1728 1911 1830 1967 debeat
1841 1909 1876 1966 in

123 1997 168 2053 nis
196 1999 227 2053 in
249 2013 370 2068 corpore
392 1996 529 2067 bominis,
557 1996 607 2052 sed
637 1997 803 2052 secumdum
829 1997 969 2068 judiciam
1025 2000 1083 2056 ulla
1113 2003 1253 2067 ereatura,
1279 1999 1334 2055 nisi
1355 2000 1430 2074 qnod
1462 2001 1537 2056 Dens
1556 2005 1599 2055 est
1621 1999 1822 2056 inestimabilis
1844 2003 1876 2055 el

122 2087 184 2142 Dei.
211 2088 245 2142 Et
266 2087 347 2142 tortis
369 2085 487 2157 quidem
513 2089 616 2141 natura
640 2084 736 2141 existit
757 2085 788 2140 in
811 2091 888 2140 recta
917 2087 971 2141 tor
1024 2087 1325 2160 incomprehensibilis
1348 2089 1379 2142 in
1403 2093 1543 2159 potestate
1566 2103 1626 2156 ιιιι,
1650 2091 1678 2142 ιι
1703 2087 1826 2143 ιιιιιιιιι
1839 2103 1878 2142 ac

122 2175 258 2244 mationa,
274 2173 390 2230 infirma
404 2178 500 2229 antem
519 2172 619 2229 delinit
649 2172 679 2228 in
697 2173 893 2229 diversitatem
915 2174 971 2229 for·
1025 2176 1164 2234 mirabilis
1177 2177 1207 2230 in
1227 2191 1313 2248 opere
1328 2191 1390 2231 suo.
1407 2177 1441 2231 Et
1467 2176 1544 2232 idem
1560 2177 1682 2232 circulus
1708 2191 1814 2247 gyrans
1837 2177 1877 2231 ab

123 2263 257 2320 metionis
279 2262 429 2319 contrarias
451 2262 564 2328 formae,
585 2264 662 2334 qnod
686 2278 744 2317 non
774 2267 837 2317 erat
852 2278 925 2333 opus
940 2264 970 2319 in
1025 2263 1135 2320 oriente
1154 2263 1190 2318 ad
1216 2263 1454 2334 septentrionem.
1477 2269 1505 2318 et
1527 2265 1561 2320 ad
1587 2265 1762 2319 occidentem
1786 2269 1877 2335 atque

122 2351 240 2408 homine
255 2351 326 2407 Filio
347 2367 419 2406 meo.
1026 2355 1060 2410 ed
1089 2351 1237 2408 meridiem
1266 2367 1295 2407 ιι
1317 2351 1465 2407 rellectens
1494 2353 1527 2408 ad
1551 2354 1692 2409 orientem
1720 2352 1875 2424 adipsum

156 2438 222 2507 Sed,
257 2438 387 2510 inquam,
425 2453 531 2510 magna
553 2437 716 2494 diversitate
751 2439 808 2494 sint
839 2439 970 2496 homines
1025 2442 1172 2497 sedentem
1194 2440 1224 2494 iu
1244 2440 1349 2495 throno
1379 2456 1431 2495 nec
1456 2441 1566 2496 babens
1582 2442 1674 2496 ultum
1694 2442 1800 2506 tinem;
1817 2441 1876 2496 hoe

122 2526 153 2582 in
179 2526 238 2582 suis
268 2527 415 2592 membris,
442 2527 483 2581 ιιι
510 2527 586 2598 qnod
614 2524 668 2599 ipsi
691 2530 758 2581 sont
780 2526 867 2599 nigri,
890 2528 968 2597 fedi,
1025 2529 1159 2600 estquod
1186 2533 1311 2600 potestas
1327 2544 1446 2600 scopus
1463 2529 1513 2585 llei
1537 2527 1728 2596 circumeunt,
1743 2544 1876 2600 eompre-

123 2615 238 2686 pollnti,
260 2615 376 2687 leprosi,
399 2614 558 2687 hydropici,
582 2620 610 2669 et
630 2612 707 2687 pleni
723 2614 808 2682 vitiis,
834 2614 971 2671 habentes
1024 2616 1177 2674 hendendo
1200 2631 1316 2671 omnem
1340 2621 1510 2672 creaturam.
1529 2616 1701 2681 Quomodo?
1718 2618 1749 2672 ln
1770 2617 1875 2672 volun·
1984 2617 1985 2628 ¹

61 2757 64 2761 .
123 2703 385 2775 etiamrubiginom
401 2703 534 2759 maleficii
556 2704 586 2758 in
608 2702 741 2758 suasione
761 2702 970 2759 diaboliceear·
1025 2710 1083 2762 tate
1110 2703 1200 2760 Patris
1225 2703 1359 2776 quicum
1383 2705 1455 2760 Filio
1485 2713 1514 2760 et
1535 2706 1644 2777 Spiritu
1670 2711 1767 2761 sancto
1797 2707 1875 2762 Deos

122 2792 169 2860 tis,
194 2797 223 2847 et
244 2792 413 2865 insipientes
435 2796 464 2847 et
486 2791 551 2848 duri
575 2792 672 2847 ridere
693 2791 770 2847 bona
793 2791 916 2858 Domini,
941 2799 972 2847 et
1024 2811 1099 2849 unns
1132 2800 1184 2861 est,
1212 2798 1282 2849 orte
1314 2796 1381 2848 sunt
1414 2809 1515 2850 omnes
1540 2799 1689 2862 creaturae,
1722 2809 1786 2866 quae
1811 2811 1874 2850 om.

122 2880 271 2937 accusandi
294 2885 381 2953 atqrm
401 2881 537 2952 culpandi
558 2880 594 2934 de
610 2880 702 2934 multa
724 2879 869 2934 oblivione
892 2880 971 2951 qnod
989 2903 1011 2959 C
1026 2899 1076 2938 nes
1091 2883 1219 2937 sentiunt
1233 2897 1298 2936 euin
1328 2882 1359 2936 in
1386 2887 1535 2954 potestate.
1570 2883 1743 2948 Quomodo?
1768 2883 1875 2940 Omnes

119 2969 260 3040 justitiam
283 2970 447 3026 debuerunt
471 2969 585 3040 operari
611 2971 641 3022 et
658 2972 817 3039 operantur
845 2968 966 3038 malum,
1024 2975 1092 3026 sunt
1119 2984 1186 3025 eum
1214 2968 1244 3023 ιιι
1273 2969 1419 3025 creatione
1451 2971 1603 3027 sentientes
1637 2971 1744 3026 seilicet
1771 2985 1876 3043 gyran-

122 3073 154 3112 ac
177 3058 328 3114 dimittunt
346 3057 466 3127 bonnm,
491 3057 682 3128 despicientes
702 3071 817 3112 crucem
839 3062 867 3111 et
890 3073 968 3112 mar·
1024 3063 1082 3114 ιιιιι
1098 3058 1133 3112 ab
1148 3057 1260 3112 oriente
1277 3058 1353 3130 qnod
1379 3065 1422 3112 ιιι
1441 3059 1472 3114 in
1495 3064 1561 3114 ortu
1576 3061 1671 3116 omnis
1688 3058 1819 3131 justitiae,
1844 3065 1875 3115 et
1984 3079 1985 3084 ¹

121 3145 230 3217 tyrium
249 3145 366 3200 Domini
391 3145 445 3199 sni.
472 3145 546 3199 Dans
560 3148 658 3199 ιιιιιιι
682 3146 764 3200 Ριιιι
786 3144 901 3218 inspicit
922 3145 971 3202 in·
1024 3145 1188 3200 tendentem
1214 3145 1248 3198 ad
1278 3143 1512 3214 septentrionem·
1534 3145 1565 3201 in
1586 3145 1782 3202 contusionem
1812 3145 1874 3200 dia-

121 3234 249 3289 tentione
275 3249 335 3288 suae
358 3233 495 3289 bonitatis
522 3233 627 3288 tectum
655 3248 729 3304 opns
743 3233 779 3288 de
805 3235 874 3289 limo
897 3235 972 3291 sicut
1023 3232 1080 3287 boli
1095 3238 1124 3288 et
1138 3233 1173 3289 ad
1190 3230 1366 3288 occidentem
1381 3233 1430 3287 ubi
1456 3234 1580 3289 tenebrae
1595 3234 1697 3288 mortis
1719 3234 1812 3288 lucem
1826 3232 1874 3287 vi-

122 3326 204 3393 patar
222 3322 339 3392 respicit
366 3322 401 3377 ad
422 3321 497 3377 lilios
519 3337 589 3376 snos
605 3321 675 3376 dum
697 3338 746 3377 eos
770 3323 861 3377 etevat
882 3324 912 3378 in
935 3324 969 3378 si·
1025 3325 1061 3375 ιι
1076 3319 1177 3374 volunt
1191 3319 1366 3390 opprimere,
1383 3320 1446 3375 lnce
1460 3325 1557 3377 tumen
1573 3322 1676 3377 iterum
1693 3327 1872 3393 resurgente,

123 3425 194 3464 num
225 3426 319 3465 sunm.
346 3411 381 3466 Et
399 3410 538 3482 qnoniam
558 3410 619 3481 ipse
638 3412 714 3466 Deus
741 3416 802 3478 est;
820 3412 906 3468 hebet
930 3412 970 3484 pii
1025 3408 1137 3464 devicte
1160 3407 1345 3463 tenebrarum
1368 3409 1502 3481 caligine,
1523 3414 1551 3464 et
1572 3409 1606 3465 ad
1636 3409 1800 3479 meridiem,
1823 3409 1874 3464 ubi

121 3498 212 3570 patris
235 3498 419 3555 dilectionem
444 3499 479 3555 ad
504 3498 580 3554 titios
600 3514 676 3554 suos.
701 3499 762 3554 'lali
789 3501 869 3554 enim
884 3501 970 3556 modo
1024 3498 1126 3553 ardens
1141 3497 1228 3552 ardor
1253 3503 1295 3552 est
1311 3496 1430 3569 justitiae
1454 3499 1505 3554 ilci
1527 3499 1556 3554 in
1579 3500 1715 3556 cordibus
1731 3497 1873 3560 bdelium.

121 3591 163 3642 est
184 3585 212 3641 ei
227 3587 347 3642 interior
359 3587 475 3642 dilectio
497 3588 592 3643 cordis
606 3587 643 3642 ad
667 3588 808 3657 homines,
830 3588 907 3660 qnod
925 3588 968 3644 ni·
1024 3601 1054 3640 se
1076 3586 1266 3642 convertendo
1287 3585 1403 3641 tandem
1429 3587 1466 3643 ad
1490 3593 1584 3643 ortnm
1597 3588 1716 3659 justitie
1730 3587 1813 3660 qnasi
1835 3587 1872 3642 ad
1984 3591 1985 3594 ’

121 3674 194 3731 lium
209 3691 294 3732 snum
308 3675 385 3730 misit
399 3677 435 3731 ad
452 3677 545 3731 crucis
561 3676 749 3748 opprobrium
764 3677 848 3748 quasi
862 3693 970 3748 agnum
1024 3674 1164 3729 orientem
1192 3689 1221 3727 se
1245 3673 1354 3744 recipit.
1370 3673 1442 3738 Quid
1467 3674 1545 3730 hoc‘?
1569 3677 1641 3730 Qum
1661 3691 1713 3748 per
1727 3689 1872 3730 summam
1984 3721 1985 3738 ,

119 3771 302 3821 mansuetum
327 3765 377 3836 qui
402 3764 583 3836 portaturad
608 3763 754 3820 victimam
779 3764 969 3822 occidendus:
1024 3765 1194 3834 potestatem
1227 3777 1300 3833 opns
1330 3762 1382 3817 Dei
1412 3764 1569 3819 secundnm
1604 3763 1830 3836 preordinatum
1855 3780 1874 3817 ι
1984 3799 1985 3806 ι

121 3852 160 3908 ita
194 3854 271 3925 quod
296 3853 384 3909 Filius
415 3868 497 3908 mens
523 3853 681 3924 reportarit
705 3853 849 3924 perditam
878 3870 970 3919 orem,
1024 3853 1084 3907 ileo
1100 3856 1214 3922 tempus
1234 3851 1409 3922 completum
1426 3851 1558 3907 fueritin
1582 3851 1749 3908 bominibus
1767 3851 1798 3908 in
1818 3852 1875 3906 boe

121 3954 238 4013 quamn
262 3940 392 3996 lancibus
412 3939 475 4012 lupi
489 3940 566 4007 tulit,
591 3955 680 4010 supra
705 3939 858 3996 humerum
874 3957 970 4008 sunm,
1025 3938 1143 4006 mundo,
1159 3943 1227 3994 tuuc
1242 3939 1330 3994 etiam
1344 3937 1512 4010 implebitur
1529 3940 1664 3996 circintus
1677 3939 1768 4012 ipsius
1783 3955 1872 3996 mun-

120 4034 268 4099 assnmpta
289 4027 478 4098 humanitate,
503 4027 534 4084 in
552 4029 665 4099 magnis
689 4045 753 4084 sam
776 4035 895 4101 portans
918 4031 972 4086 do·
1024 4027 1064 4095 di,
1078 4025 1221 4098 perfectus
1235 4027 1267 4082 in
1280 4026 1339 4082 tiae
1357 4028 1496 4100 temporis
1517 4027 1547 4084 in
1572 4028 1727 4085 nouissimo
1743 4029 1800 4097 die,
1825 4045 1874 4084 re·

121 4116 241 4182 loribus,
271 4131 338 4170 cram
363 4115 498 4186 dignatus
522 4119 565 4170 est
592 4117 666 4170 mori
693 4131 746 4188 pro
772 4116 874 4172 oribus
899 4117 969 4172 suis.
1023 4114 1177 4186 fulgebunt
1190 4115 1288 4171 omnia
1307 4130 1395 4187 opere
1419 4115 1471 4172 Dei
1494 4116 1526 4172 iu
1551 4117 1648 4174 electis
1666 4117 1739 4188 ejus,
1755 4116 1875 4172 ιιιιιιιι

122 4206 155 4260 tn
178 4204 235 4259 iltis
265 4209 363 4258 autem
391 4203 558 4260 hominibus
588 4210 658 4260 sunt
684 4204 767 4261 multi
794 4206 968 4262 circumdati
986 4202 1168 4259 Dintbrono
1187 4219 1243 4258 non
1266 4203 1392 4260 habenta
1413 4203 1522 4272 flnem;
1545 4205 1613 4279 qnia
1635 4207 1710 4262 Deus
1732 4205 1876 4278 perlectus

120 4292 308 4361 ornamentis,
338 4291 389 4364 qni
414 4297 443 4347 et
465 4292 591 4348 decorati
612 4297 679 4349 snut
700 4294 828 4366 pretioso
863 4298 969 4350 ornatu
1021 4297 1065 4348 ιιι
1084 4292 1114 4346 in
1135 4296 1274 4364 potestate
1297 4308 1330 4346 ac
1354 4292 1385 4348 in
1407 4309 1494 4365 opere
1514 4311 1578 4363 auo,
1595 4295 1645 4366 qui
1664 4299 1726 4350 erat
1742 4299 1771 4350 ιι
1784 4297 1827 4348 ιιι
1842 4298 1876 4348 ιι

120 4369 276 4437 virtutum:
299 4381 350 4453 qui
379 4385 445 4436 sunt
469 4386 619 4453 martyres,
643 4382 779 4455 virgines,
803 4380 969 4438 innocentes
1021 4379 1204 4452 permanebit
1219 4377 1327 4452 absque
1350 4380 1408 4435 olla
1431 4380 1593 4453 inceptione
1618 4380 1705 4436 ullius
1735 4380 1876 4452 temporis

121 4472 152 4524 et
163 4467 336 4542 penitentes
360 4483 394 4523 ac
406 4469 526 4540 subjecti
545 4469 689 4542 magistris
707 4470 777 4540 auis,
793 4475 825 4525 ιι
834 4470 896 4541 jam
924 4471 968 4526 di·
1023 4467 1228 4538 indivinitate,
1251 4467 1290 4522 ita
1304 4469 1381 4541 qnod
1410 4485 1470 4526 non
1488 4469 1575 4526 tuerit
1591 4470 1642 4526 sed
1656 4474 1707 4525 ιιι.
1731 4471 1766 4525 Ει
1792 4469 1875 4540 quod

120 4561 199 4612 ctum
214 4561 266 4624 est,
283 4556 376 4628 etqui
399 4557 509 4628 seipsos
522 4557 651 4612 conscios
678 4557 803 4614 reddunt
826 4557 856 4612 in
870 4557 968 4614 crimi-
1023 4555 1072 4611 ille
1095 4556 1229 4623 circulus,
1248 4573 1266 4612 a
1286 4562 1364 4613 terra
1387 4561 1429 4612 est
1455 4561 1542 4613 ιιιιιιι
1567 4557 1727 4614 altitudinis
1749 4563 1782 4613 ut
1804 4571 1875 4612 eum

122 4645 207 4701 nibns
225 4644 295 4713 suis,
311 4646 341 4700 in
364 4644 410 4700 bis
433 4661 463 4701 se
484 4645 644 4700 cruciantes
655 4661 721 4700 cnm
749 4645 970 4718 inexpugnabili
1021 4645 1265 4716 comprehendere
1293 4660 1352 4700 non
1375 4645 1479 4717 possis,
1504 4645 1557 4701 boc
1576 4650 1619 4701 est
1642 4646 1720 4718 qnod
1744 4659 1873 4716 anperna

120 4731 288 4799 cartennae,
315 4732 385 4788 darm
410 4738 517 4804 negant
541 4733 570 4787 in
598 4733 700 4806 seipsis
724 4734 801 4806 qnod
829 4740 906 4790 snut.
926 4736 969 4792 tbi
1022 4736 1147 4805 potestas
1168 4731 1210 4788 ita
1228 4735 1340 4788 excelsa
1367 4739 1411 4789 est
1440 4749 1527 4806 snper
1550 4749 1650 4790 omnes
1669 4733 1742 4790 vitas
1765 4737 1875 4788 creatu-

122 4833 179 4873 non
189 4822 232 4872 est
246 4817 401 4874 dicendum
415 4818 467 4892 qni
480 4824 557 4887 sunt,
570 4818 615 4873 vel
636 4820 684 4874 nbi
700 4826 767 4876 sunt
781 4821 883 4886 electi3
903 4839 968 4878 nam
1023 4836 1121 4876 rarum
1137 4821 1167 4876 in
1191 4837 1278 4876 sensu
1294 4825 1323 4878 et
1346 4822 1376 4878 in
1401 4821 1547 4878 intellectu
1568 4822 1704 4890 bominis,
1727 4825 1756 4876 et
1770 4820 1810 4876 ita
1824 4821 1874 4875 in-

120 4923 220 4964 ornnes
239 4906 397 4979 computati
419 4915 496 4964 saint.
519 4907 589 4973 Quis
616 4913 659 4963 est
690 4909 737 4964 ille
763 4909 809 4964 cni
832 4908 969 4981 possibile
1023 4908 1291 4981 comprehensibilis
1306 4911 1337 4966 in
1362 4911 1497 4968 omnibus
1510 4915 1538 4967 et
1552 4927 1638 4984 snper
1658 4910 1767 4972 omnia.
1792 4910 1874 4981 quod

120 4995 159 5049 sit
181 4995 278 5050 ridere
312 4994 342 5050 in
377 4996 548 5067 profundam
579 4997 751 5068 sapientiam
777 4998 916 5053 ditissimi
941 5002 970 5053 et
1021 4998 1103 5054 nulla
1126 5003 1258 5053 creatura
1288 5013 1353 5054 eam
1381 4999 1487 5070 poterit
1511 4999 1607 5055 metiri
1633 5000 1691 5054 ulla
1713 4997 1872 5070 capacitate

120 5078 150 5136 in
178 5080 380 5138 discretionem
396 5082 523 5138 scientiae
549 5083 611 5154 ejus
634 5083 704 5154 quid
730 5084 790 5155 ipsa
814 5085 918 5140 babeat
937 5084 968 5139 iu
1022 5101 1123 5142 sensus
1147 5085 1219 5157 quin
1239 5085 1303 5157 ipae
1326 5087 1364 5142 sit
1386 5087 1477 5142 multo
1509 5088 1660 5144 sublimior
1678 5103 1765 5160 qnam
1788 5085 1814 5141 ei
1834 5085 1874 5140 sit

119 5184 242 5225 numero
270 5169 484 5226 salvandorum.
510 5172 813 5244 incomprehensibilia
836 5178 904 5228 sunt
923 5173 970 5244 ju·
1022 5172 1265 5245 cognoscendum.
1284 5173 1365 5230 Unde
1379 5177 1465 5229 etiem
1492 5175 1587 5247 angeli
1610 5176 1775 5248 frequenter
1789 5189 1871 5230 raso-

121 5257 194 5312 dicia
217 5259 280 5330 ejus
302 5260 436 5314 omnibus
465 5259 640 5316 hominibus.
679 5260 765 5317 Vobis
793 5262 966 5317 currendum
1021 5267 1095 5319 nant
1113 5263 1205 5320 Deum
1231 5262 1261 5318 in
1286 5263 1427 5320 laudibus.
1449 5264 1504 5336 lpsi
1523 5264 1601 5322 enim
1626 5265 1723 5320 vident
1748 5276 1816 5319 eum
1839 5262 1870 5316 in

120 5352 184 5413 est3
206 5347 274 5417 qnia
297 5353 430 5419 paratum
444 5355 489 5403 est
508 5349 588 5403 vobis
608 5364 732 5421 regnum
753 5350 814 5404 liei.
835 5350 907 5406 Nam
925 5367 968 5408 se·
1022 5367 1073 5406 sna
1097 5355 1236 5422 potestate
1255 5357 1284 5406 et
1298 5351 1409 5422 glorie;
1427 5353 1475 5408 sed
1498 5367 1557 5408 nou
1583 5358 1704 5424 possunt
1725 5366 1793 5408 enm
1806 5365 1871 5422 per·

119 5433 248 5489 candum
268 5435 396 5490 studium
410 5435 540 5492 bdelium
564 5437 749 5509 operantium
760 5438 902 5510 iustitiam
918 5441 966 5496 ltet
1022 5439 1094 5496 lacte
1109 5440 1255 5496 intuentes
1282 5440 1528 5512 comprehendere
1553 5441 1634 5513 qnasi
1661 5440 1697 5497 ad
1714 5440 1802 5496 finam
1818 5454 1871 5510 par
