3984 6034
185 193 220 248 43
743 211 746 216 ·
914 190 946 246 S.
970 187 1206 246 altnacnnms
1898 189 1933 242 tt
1961 234 1962 291 l

185 325 251 380 dem
267 321 365 378 scribit
392 321 449 394 (ep.
482 319 559 392 tall:
586 341 600 370 u
612 320 645 376 ln
668 318 831 376 humilitate
852 320 949 393 itaque
965 338 1033 393 sup·
1052 321 1187 376 Amnltis
1201 319 1360 392 redarguit,
1371 319 1407 375 ad
1421 318 1623 391 pradictiones
1640 321 1786 377 bonorum
1801 326 1830 377 et
1844 323 1933 377 malo·
1961 306 1962 397 l

185 411 304 484 plico,...
325 403 487 483 'quatenns
524 425 627 464 arcana
656 407 761 464 divina
790 409 970 465 revelationis
998 408 1034 466 de
1066 401 1153 465 ‘rum
1180 411 1345 466 futurorum
1373 409 1476 481 pergit,
1507 414 1535 465 et
1563 425 1621 464 non
1636 410 1737 465 dubito
1771 411 1931 478 ohservare,

186 502 259 554 stato
287 513 363 554 meo.
384 497 530 569 praecipue
559 497 717 553 secundum
743 497 909 553 interiorem
936 497 1031 553 bomi-
1088 500 1160 554 nihil
1175 500 1205 554 in
1219 500 1355 554 omnihus
1369 498 1432 553 istis
1451 514 1498 553 rue
1514 499 1641 571 reperire
1667 499 1743 570 quod
1775 500 1935 555 confuerit

185 603 262 656 nem,
295 587 365 643 mibi
390 587 419 642 in
453 587 613 643 ministerio
642 591 697 642 ture
731 585 970 642 manifestationis
996 587 1033 642 ad
1087 587 1249 658 impletum.
1278 588 1369 644 Facile
1393 585 1450 643 hoc
1473 586 1591 654 videbit,
1612 587 1662 659 qni
1679 587 1830 643 historiam
1849 589 1935 643 eecle-

185 675 345 732 doctrioem
361 679 390 731 et
404 677 552 731 candelam
580 675 697 748 spiritus
716 675 773 730 mei
792 675 935 731 exhibeas.
951 675 1034 741 Quod
1087 677 1232 732 siasticarn
1260 680 1406 747 utcunque
1434 675 1580 746 cognitam
1606 673 1703 744 habet,
1728 676 1815 731 modu
1839 681 1934 730 atten-

184 765 271 821 debas
295 765 412 837 quidam
437 781 469 820 er
490 764 645 837 promisso;
674 765 830 835 quiscum
856 764 1034 819 intransitu
1086 768 1154 823 dere
1173 765 1264 821 voluit
1290 769 1431 836 quantum
1457 765 1580 820 Ecclesia
1608 765 1712 820 seecnlo
1740 781 1784 820 xvr
1803 780 1883 836 passa
1899 764 1935 816 sit

184 871 249 910 meo
277 871 373 909 versus
407 855 527 910 Romam
556 853 638 918 irem,
665 853 728 908 haec
764 869 780 908 a
817 857 867 908 lna
894 852 1033 908 charitate
1088 854 1304 923 detrimentum,
1322 860 1523 926 quantumque
1538 870 1572 909 eo
1587 853 1675 909 etiam
1690 856 1820 924 tempore
1835 854 1937 909 Galbu-

184 943 408 1014 impetraverim.
459 962 473 996 s
517 945 553 998 nt
585 941 762 1015 respondens
807 942 835 998 S.
884 943 1033 1014 llildeger-
1087 945 1134 1001 lici
1155 943 1328 999 doctrinaet
1343 943 1469 999 moribus
1487 947 1625 1014 praestare
1648 942 1789 1014 ceperint
1817 940 1936 1012 majori·

184 1032 227 1088 dis
252 1035 353 1088 monet
381 1036 413 1087 nt
446 1031 572 1087 volusius
613 1035 722 1103 surgat,
744 1035 772 1086 et
794 1046 812 1085 a
838 1031 953 1086 diabolo
987 1031 1033 1085 fu·
1087 1035 1142 1090 bus
1155 1033 1224 1099 suis,
1241 1032 1292 1104 qui
1307 1032 1407 1087 miultis
1435 1038 1501 1086 anta
1525 1031 1554 1087 S.
1583 1031 1781 1102 hildegardem
1811 1031 1934 1095 saecolis,

184 1121 254 1193 giat.
1087 1126 1116 1177 et
1140 1121 1253 1193 aliquot
1280 1122 1367 1176 etiam
1393 1125 1459 1192 post
1484 1121 1576 1192 ipsam
1606 1120 1746 1174 vixerunt.
1762 1119 1885 1173 Treviris
1900 1120 1935 1174 ab

185 1229 271 1296 ἕνῃ,
286 1229 394 1284 Sancta
411 1243 431 1282 a
448 1224 549 1282 muni,
566 1225 832 1299 ωψρραιῑοῃερω
849 1223 982 1281 comana
999 1225 1034 1280 de
1087 1210 1229 1267 baselicis
1245 1211 1367 1264 multum
1389 1225 1472 1280 passa
1497 1213 1549 1274 est,
1576 1212 1609 1262 ut
1626 1207 1797 1279 praedixerat
1811 1207 1933 1274 Sancta;

218 1297 257 1353 iis
275 1315 336 1370 qua
363 1297 510 1353 mendosi
539 1299 665 1370 possent,
690 1291 895 1352 autetiam'de
913 1295 1033 1352 arcanis
1087 1298 1309 1371 sedprrevaloit,
1329 1302 1358 1352 et
1373 1296 1614 1367 morespristinos
1632 1296 1805 1364 emendavit,
1831 1302 1864 1351 ut
1889 1296 1935 1350 ln·

219 1368 299 1437 aliis,
310 1372 338 1424 et
350 1368 475 1424 inritato
487 1368 526 1424 od
539 1366 652 1424 monito
670 1366 882 1424 conscribendo.
1089 1393 1187 1442 mmm
1203 1391 1278 1441 ,pm
1287 1384 1427 1439 enuntiat,

218 1479 262 1532 89.
280 1477 420 1531 ilactenos
435 1475 547 1530 ostendi
574 1475 610 1530 S..
630 1474 828 1545 llildrgardem
854 1473 889 1528 ab
923 1473 1033 1530 abbati·
1122 1479 1166 1531 97.
1180 1477 1242 1531 lam
1269 1473 1392 1527 vidimus
1407 1479 1488 1526 nom.
1504 1473 1538 1526 47
1555 1471 1707 1543 epistolam
1723 1471 1833 1525 abbatis
1850 1472 1935 1526 Eber-

185 1565 237 1620 bos
251 1569 280 1619 et
294 1564 445 1618 abbatissis
465 1563 560 1617 multis
589 1566 617 1616 ct
643 1563 762 1616 ebullis
786 1563 871 1618 eliam
903 1562 1033 1634 personis
1087 1563 1216 1619 bacensis
1231 1562 1267 1616 sd
1280 1561 1422 1617 Sanctam.
1438 1561 1537 1615 Eidem
1561 1575 1755 1632 quoquecum
1784 1564 1844 1614 tota
1866 1577 1936 1614 cou-

184 1654 342 1708 consultam
358 1651 446 1716 lusisse
472 1649 506 1705 de
533 1649 619 1704 rebus
641 1649 770 1718 occultis,
787 1665 857 1721 ques
871 1651 932 1704 sine
947 1666 1030 1704 reve·
1088 1651 1254 1723 gregatione
1277 1649 1389 1719 scripsit
1418 1649 1572 1716 helfridus,
1602 1651 1683 1719 prior
1707 1650 1785 1704 illius
1810 1648 1936 1703 eoenobii

183 1741 292 1797 latione
320 1738 418 1793 divina
448 1738 519 1792 scire
547 1753 603 1792 tlon
644 1742 764 1808 poterut·
796 1738 876 1791 Nunc
905 1737 1032 1809 integras
1086 1739 1290 1805 cislerciensis,
1305 1755 1404 1810 preces
1419 1738 1562 1809 flagitans,
1587 1746 1615 1792 et
1640 1738 1788 1809 epistolam
1814 1739 1936 1805 Sancite,

184 1829 352 1885 clericorum
377 1832 427 1881 aot
457 1826 662 1881 monachorum
692 1825 847 1896 producam
875 1841 1032 1896 congrega·
1086 1846 1197 1901 quiam«
1215 1828 1251 1883 de
1262 1827 1445 1882 sacularibus
1460 1827 1664 1898 inquiuntlep.
1681 1830 1736 1894 hl),
1749 1833 1777 1881 et
1788 1827 1883 1882 idiotis
1899 1830 1935 1882 ad

182 1918 288 1983 tiones,
304 1915 471 1988 qrraesimili
487 1915 620 1969 decanea
638 1919 666 1967 et
685 1913 749 1984 pari
775 1912 879 1968 fiducia
904 1915 937 1968 ad
961 1914 1031 1969 San·
1086 1919 1245 1990 spiritalem
1268 1917 1514 1972 conversationem
1530 1916 1682 1980 conversis,
1697 1932 1769 1985 quos
1795 1933 1846 1969 nos
1863 1932 1937 1970 eou-

182 2011 256 2062 ctam
298 2005 482 2076 scripserunt.
524 2007 634 2073 agmen
670 2003 755 2058 diicat
783 2003 875 2057 clerus
905 2004 1032 2058 ecclesiae
1086 2023 1181 2061 versos
1202 2006 1335 2071 dicimus,
1366 2004 1474 2077 Spiritu
1508 2009 1604 2058 sancto
1633 2020 1681 2056 vus
1709 2003 1855 2073 scripsisse
1883 2021 1937 2056 au-

182 2096 414 2165 metropolitanae
430 2092 616 2156 coloniensis,
645 2091 695 2162 qui
720 2091 747 2146 S.
771 2092 972 2162 llildegerdem
1001 2092 1032 2146 in
1086 2095 1221 2150 divimus.
1238 2093 1342 2148 »ilreit
1370 2092 1553 2147 hauddubie
1576 2092 1854 2162 Sanctaepislolam
1874 2092 1937 2144 «ad

181 2184 253 2239 urbe
269 2198 320 2236 sua
348 2183 465 2248 viderat,
493 2185 520 2234 et
552 2179 660 2233 monitu
687 2179 954 2234 salutariadantem
979 2180 1032 2235 ud·
1086 2183 1200 2238 Griseus
1222 2183 1391 2247 monachos,
1408 2201 1422 2230 u
1452 2179 1543 2235 idest
1570 2180 1781 2249 cistercienses,
1810 2181 1933 2250 inscrip-

183 2271 371 2327 mirabundus
383 2269 541 2324 audiverat.
555 2267 633 2322 Unde
648 2265 797 2338 Philippus
812 2267 936 2322 decanus
964 2284 1030 2322 curn
1085 2276 1155 2338 tam,
1185 2287 1251 2342 qum
1279 2269 1434 2324 admodum
1463 2270 1574 2339 prolixa
1590 2274 1632 2323 est
1651 2271 1737 2340 (resp.
1754 2268 1793 2323 od
1807 2286 1852 2340 ep.
1874 2271 1934 2337 5¹).

181 2361 261 2416 omni
284 2361 359 2414 clero
389 2358 423 2413 ad
452 2357 544 2427 ipsam
571 2355 631 2409 brec
658 2356 755 2410 scribit
767 2355 825 2427 (ep.
846 2356 912 2424 48l:
930 2377 943 2406 u
960 2356 1033 2421 Quia
1086 2361 1202 2415 Multam
1222 2375 1290 2413 sane
1319 2357 1433 2412 landem
1456 2357 1566 2412 ordinis
1591 2357 1668 2412 illics
1696 2357 1817 2429 epistola
1843 2359 1936 2412 ronti-

181 2456 341 2504 mcternam
357 2447 492 2519 pietatem
506 2451 627 2498 vestram
644 2444 802 2514 diligimus,
827 2445 906 2498 vobis
923 2451 1027 2499 nutum
1086 2454 1151 2516 nel;
1166 2448 1214 2503 sed
1231 2448 1327 2517 arguit
1348 2446 1423 2514 illos,
1452 2468 1462 2494 ι
1488 2462 1559 2516 quos
1580 2446 1633 2516 ipsi
1659 2461 1806 2500 conversos
1822 2451 1937 2515 vocant,

180 2537 311 2606 facimus,
323 2535 391 2608 quia
411 2532 697 2606 postquamanobis
717 2534 883 2599 recessistis,
899 2549 963 2588 cum
979 2550 1031 2606 per
1087 2551 1211 2607 quornm
1226 2534 1440 2606 plurimisead
1470 2535 1559 2589 Deum
1589 2535 1618 2588 iu
1645 2533 1851 2589 muribussuis
1877 2552 1937 2588 nun

180 2625 307 2682 divinam
328 2623 485 2695 jussionem
513 2621 549 2676 ad
565 2637 617 2675 nos
639 2621 797 2688 venissetis,
824 2621 872 2675 ubi
886 2623 971 2678 verba
987 2623 1032 2676 vi·
1086 2627 1265 2689 convertunt,
1287 2622 1407 2694 »ioqtrit
1422 2623 1533 2678 Sancta.
1555 2624 1618 2678 Alie
1631 2641 1746 2695 qrroque
1762 2625 1938 2678 documenta

181 2719 230 2782 tae,
257 2719 343 2785 prout
365 2712 439 2767 Dens
469 2709 550 2764 vobis
576 2709 736 2780 inspiravit,
767 2710 1031 2782 nobisuperutstis,
1086 2711 1214 2781 prudens
1229 2712 1319 2765 lector
1330 2711 1457 2765 inveniet
1468 2711 1497 2765 in
1514 2712 1612 2767 eodem
1626 2712 1755 2782 epistula.

180 2803 210 2859 in
226 2803 380 2858 maximam
414 2798 636 2854 admirationem
671 2798 749 2853 ducti
778 2813 877 2854 sumus
905 2815 958 2870 pro
985 2816 1031 2867 eo,
1122 2801 1336 2854 98.Werneros
1360 2799 1395 2853 de
1416 2799 1547 2854 llircbem
1580 2799 1727 2870 (oppidum
1754 2806 1796 2853 ast
1823 2800 1937 2854 Sueviae

181 2893 257 2965 qnod
274 2893 347 2946 Deus
374 2892 404 2945 in
419 2895 478 2944 tam
503 2886 599 2959 lragiii
623 2903 699 2952 vase,
721 2888 752 2941 in
769 2893 826 2942 tam
843 2888 940 2959 fragili
960 2904 1031 2943 sexu
1052 2888 1115 2956 cio
1133 2888 1237 2942 ducatu
1257 2887 1510 2960 Wirtcnbergensi‚
1529 2888 1578 2943 uhi
1592 2888 1678 2942 etiam
1706 2889 1798 2941 lucrat
1820 2889 1936 2958 Sancto)

180 2978 316 3046 hominis,
342 2982 421 3032 tanta
458 2977 530 3031 mira
567 2981 741 3032 secretorum
780 2992 898 3030 suorum
933 2992 1032 3048 opera·
1087 2991 1183 3031 uerum
1198 2977 1308 3030 certeris
1323 2978 1466 3031 societatis
1493 2976 1749 3044 strennuitas»
1775 2977 1962 3031 nonmudu¹

181 3074 237 3123 tur.
252 3089 262 3116 s
280 3073 334 3122 etc.
1086 3081 1185 3136 preces
1203 3065 1231 3120 S.
1249 3064 1428 3136 llildegardis
1443 3065 1525 3119 enixe
1553 3065 1718 3136 postulavit,
1745 3064 1852 3135 insigni
1869 3081 1937 3120 cam
1961 3084 1962 3155 p

216 3158 305 3211 tlt-tlt.
339 3152 459 3209 Remisit
497 3153 600 3209 Sancta
645 3151 782 3224 scriptum
819 3152 1030 3223 longissimum,
1085 3169 1192 3208 ornans
1208 3153 1312 3223 elogio,
1332 3153 1380 3207 scd
1398 3153 1495 3220 etiam,
1510 3153 1754 3225 ortomadmodnm
1781 3153 1937 3208 Colonien-

182 3243 427 3318 qnogrsvissimis
447 3241 540 3296 verbis
567 3247 595 3296 et
617 3240 667 3295 Dei
688 3240 805 3294 nonrine
819 3239 1031 3312 negligentiam
1087 3258 1132 3296 ses
1160 3247 1189 3296 et
1212 3241 1402 3310 Trevrirenses,
1428 3242 1512 3296 rerba
1540 3240 1629 3313 ipsius
1655 3241 1758 3314 scripto
1785 3257 1937 3297 commcn-

181 3335 350 3391 clericorum
372 3331 402 3386 in
422 3346 491 3385 cura
509 3330 684 3395 ultimarum,
713 3329 827 3400 aliaque
850 3329 917 3383 vitia
933 3345 1030 3401 repre·
1085 3331 1151 3386 data
1166 3329 1372 3385 habererolnit
1388 3332 1444 3402 (ep.
1459 3330 1514 3400 52).

181 3421 291 3488 bendit,
314 3420 481 3490 monitaque
507 3419 557 3473 dat
584 3417 711 3488 plurima
749 3417 912 3488 multasque
942 3417 1031 3472 etiam
1120 3420 1229 3475 selbo.
1271 3418 1374 3474 Sancta
1415 3419 1455 3473 ita
1495 3417 1598 3489 incipit
1633 3417 1825 3489 respondere:
1857 3438 1871 3467 α
1902 3419 1937 3471 ln

182 3507 508 3581 miscetpraedictiunes.
536 3505 617 3561 Circa
637 3503 910 3574 medinmepistoloe
939 3506 1031 3560 multa
1085 3508 1157 3562 lecto
1186 3506 1365 3578 aegritudinis
1393 3507 1443 3562 diu
1467 3507 1573 3577 jacens,
1601 3523 1677 3561 anno
1702 3506 1858 3561 Dominicae
1886 3506 1935 3561 ln-

182 3599 283 3669 incipit
317 3596 474 3669 praedicere
510 3594 598 3662 male,
625 3592 730 3664 quibus
763 3592 838 3646 liene
877 3593 1030 3648 Ecclesiam
1084 3595 1259 3650 carnationis
1280 3595 1433 3649 millesimo
1447 3595 1603 3650 centesimo
1624 3594 1845 3666 septuagesimo,
1873 3594 1936 3650 vidi

182 3687 373 3759 castigaturus
393 3689 464 3754 erat,
488 3683 555 3756 quia
578 3679 762 3737 ecclesiastici
782 3695 834 3735 nec
857 3679 1030 3736 inmoribus
1086 3683 1205 3754 vigilans
1236 3699 1357 3755 corpore
1393 3689 1422 3739 et
1450 3684 1548 3739 animo
1575 3683 1797 3754 pulcherrimam
1828 3683 1935 3753 imagi-

183 3793 236 3832 nes
263 3776 292 3830 in
330 3773 462 3829 doctrina
488 3773 559 3826 tales
589 3774 670 3825 erant
695 3769 793 3840 quales
826 3784 886 3822 esse
913 3767 1029 3824 debuis-
1085 3789 1162 3840 nem,
1181 3794 1192 3821 s
1212 3777 1266 3826 etc.
1297 3772 1464 3844 Sequuntur
1491 3774 1616 3845 querelae
1648 3773 1827 3843 gravissimae
1854 3773 1937 3827 illins

182 3870 255 3921 sont.
288 3865 356 3919 Tam
386 3863 461 3916 clare
496 3865 592 3914 antem
630 3858 760 3930 praedicit
787 3857 901 3912 loturos
925 3858 1030 3913 ·baere-
1084 3859 1231 3931 imaginis,
1260 3877 1336 3932 quse,
1371 3865 1403 3915 ut
1432 3859 1554 3914 interius
1586 3860 1748 3932 exponitur,
1779 3861 1936 3915 Ecclesiam

182 3956 262 4018 ticos,
293 3958 324 4007 ut
342 3967 376 4006 ee
395 3951 430 4006 de
458 3965 488 4004 re
522 3947 634 4002 nullum
672 3945 802 4000 videatur
832 3944 953 3999 dubium
984 3961 1030 4000 re-
1085 3949 1321 4019 reproesentabat,
1347 3952 1445 4002 eontra
1473 3948 1542 4002 vitia
1573 3954 1603 4003 et
1629 3953 1743 4020 peccata
1770 3963 1827 4002 nou
1860 3949 1937 4005 levia

183 4040 286 4112 linqui.
321 4041 455 4094 Attamen
501 4036 579 4092 bona
611 4034 708 4106 aliqua
739 4031 891 4100 immiscet,
925 4038 953 4088 et
985 4051 1030 4089 sa-
1085 4037 1275 4092 sacerdotum.
1300 4035 1408 4091 Deinde
1431 4040 1593 4107 sequuntur
1629 4035 1829 4107 praedictiones
1867 4052 1937 4107 quie

183 4129 220 4186 tis
230 4129 355 4184 declarat
370 4127 518 4182 haereticos
536 4140 594 4179 non
614 4123 733 4178 omnino
748 4122 956 4193 praevalituros.
1084 4125 1189 4180 seculo
1204 4140 1248 4179 xvr
1267 4125 1388 4180 omnino
1402 4124 1528 4197 impletae
1543 4128 1619 4189 sunt,
1637 4125 1690 4179 hoo
1708 4125 1813 4180 modo:
1829 4146 1843 4174 o
1854 4125 1938 4180 Prin.
1961 4110 1963 4183 Ι

219 4219 329 4274 llidltur
342 4216 389 4271 hic
402 4216 430 4270 S.
457 4212 635 4284 liildegardis
661 4209 779 4266 Lutheri
799 4217 932 4282 tempora
951 4227 1030 4283 pree·
1050 4204 1162 4285 Dctpes
1185 4214 1275 4278 enim,
1304 4218 1333 4267 et
1347 4214 1519 4269 temerarios
1538 4214 1665 4286 populus
1680 4229 1768 4285 snper
1781 4230 1840 4280 vos,
1857 4231 1937 4269 osa·

183 4307 306 4372 dirisse;
339 4307 388 4361 sed
414 4304 443 4359 id
473 4303 577 4357 elarius
601 4300 749 4372 perspicit,
771 4300 821 4371 qni
854 4299 951 4355 omnia
971 4316 1030 4356 non
1083 4301 1222 4369 cerdotes,
1251 4300 1303 4372 qui
1328 4317 1374 4355 me
1396 4300 1534 4357 hactenns
1557 4301 1889 4372 neglexistis,'irruent,
1907 4308 1935 4358 et
1961 4300 1962 4321 ¹

183 4395 270 4452 modo
295 4392 523 4458 Coloniensibus,
559 4389 606 4445 sed
637 4389 723 4443 etiam
749 4388 974 4458 Trevirensibtrs,
1002 4393 1031 4443 et
1084 4406 1133 4444 vos
1146 4389 1282 4459 abjicient
1309 4389 1502 4460 elingahem,
1527 4395 1556 4444 et
1575 4389 1690 4445 divitias
1718 4395 1826 4444 vestras
1853 4391 1936 4446 vobis

183 4487 318 4540 Weroerc
344 4483 378 4538 de
412 4479 558 4535 Kirobeim
580 4475 726 4548 predicta,
751 4481 881 4531 accurate
908 4478 1030 4533 voluerit
1083 4477 1225 4544 calerent,
1251 4492 1304 4548 pro
1332 4493 1366 4532 eo
1392 4477 1470 4548 quod
1488 4482 1604 4549 tempus
1634 4478 1814 4532 sacerdotalis
1843 4479 1937 4534 oflicii

183 4575 349 4646 expendere.
386 4569 549 4626 Periculum
578 4583 636 4622 non
659 4565 805 4620 modicum
838 4581 871 4621 eo
899 4572 1029 4638 ternpore
1083 4565 1530 4621 vestrinonaltendistis.sete.

182 4662 330 4720 imminuit
357 4660 491 4725 Coloniae,
511 4673 576 4729 quse
594 4654 840 4725 archiepiscopum
856 4669 941 4709 suum
957 4655 1030 4710 vidit
1119 4656 1180 4709 tct.
1200 4654 1293 4708 Nescit
1311 4670 1389 4722 sane,
1415 4653 1484 4725 quid
1515 4655 1620 4709 eraculo
1638 4670 1684 4708 rvr
1710 4652 1819 4709 tactum
1847 4653 1885 4710 sit
1901 4657 1935 4712 in
1961 4692 1962 4705 ,

182 4753 219 4808 ab
237 4751 378 4806 hereticis
396 4752 583 4819 corruptum
604 4744 651 4798 sed
685 4742 806 4797 feliciter
825 4747 911 4814 ceput
938 4744 1029 4799 erexit
1083 4748 1280 4815 megnaparte
1293 4743 1464 4810 Germanice,
1481 4743 1555 4798 etin
1586 4744 1650 4799 aliis
1676 4759 1793 4815 quoque
1822 4745 1933 4814 regnis,

183 4848 211 4897 et
238 4839 386 4896 haereticos
416 4835 536 4908 expulit,
560 4839 592 4888 nt
615 4833 718 4888 Sancta
744 4831 820 4902 ipsos
846 4847 963 4886 monere
989 4831 1029 4886 vi·
1081 4831 1141 4887 imo
1163 4832 1194 4887 in
1223 4832 1286 4903 ipss
1311 4832 1423 4901 Suavis,
1448 4832 1499 4887 uhi
1528 4831 1590 4886 hec
1622 4832 1699 4887 dicta
1722 4832 1849 4899 inerunt,
1880 4836 1936 4904 qui

183 4929 277 4986 detur,
1080 4936 1139 4975 non
1167 4920 1306 4991 perspicit
1340 4919 1438 4976 omnia
1462 4937 1524 4976 esse
1553 4922 1706 4992 completa.
1737 4922 1762 4975 A
1790 4921 1935 4990 majorem
1961 4904 1962 4923 ¹

218 5014 529 5076 recensuissem
553 5011 647 5067 luerat
671 5009 700 5065 S.
725 5007 913 5078 Hildegardis,
934 5009 962 5064 in
978 5025 1026 5064 ea·
1080 5025 1149 5065 vero
1164 5008 1358 5081 praedictionis
1371 5009 1532 5065 claritatem
1547 5009 1678 5079 observo,
1706 5009 1752 5064 hic
1776 5025 1833 5064 non
1863 5011 1936 5067 eddi

182 5105 248 5162 dem
268 5104 460 5160 verisimiliter
481 5103 648 5158 excursione
677 5115 735 5170 qua
755 5097 938 5154 colonienses
951 5097 1026 5155 invi·
1082 5098 1409 5166 illamconsolationem‚
1436 5115 1501 5171 quse
1516 5099 1630 5154 additor
1650 5098 1682 5153 in
1695 5098 1810 5169 scriptis
1822 5100 1857 5152 ad
1879 5101 1938 5155 Co·

182 5196 228 5251 sit.
254 5195 325 5250 ilinc
344 5193 511 5266 praepositus
530 5191 558 5247 S.
586 5188 663 5246 Petri
676 5204 741 5242 com
757 5191 818 5242 toto
839 5188 915 5244 clero
929 5189 1025 5244 trevi·
1080 5187 1225 5243 looienses
1239 5187 1469 5256 el'l'rerirenses,
1497 5187 1576 5259 qood
1603 5187 1729 5243 civitates
1744 5187 1805 5241 istor
1823 5185 1853 5241 in
1872 5186 1936 5245 fide

181 5285 259 5340 reusi
273 5283 309 5339 ad
323 5285 454 5338 eamdem
479 5280 579 5335 scribit
603 5286 661 5349 (ep.
689 5275 734 5346 49)
747 5295 756 5343 3
769 5275 815 5330 cni
830 5274 858 5332 S.
875 5273 1025 5344 llildegar-
1080 5275 1184 5332 deinde
1199 5275 1257 5331 sint
1278 5276 1384 5332 lutura
1401 5276 1492 5349 magis
1509 5276 1654 5340 florentes,
1675 5276 1750 5331 sicut
1775 5290 1873 5330 revera
1901 5278 1936 5334 in

181 5374 226 5430 dis
238 5372 348 5445 prolixe
367 5370 524 5443 respondit,
547 5367 637 5423 multa
657 5363 800 5419 monendo
830 5368 861 5418 et
878 5363 1027 5435 increpan·
1081 5364 1224 5422 llireheim
1238 5365 1345 5421 lactum
1358 5381 1416 5420 non
1432 5372 1482 5422 est.
1505 5367 1610 5421 Contra
1638 5364 1756 5421 additor
1780 5365 1837 5420 alia
1850 5383 1934 5437 prte-

180 5464 227 5521 do.
238 5465 391 5535 Postquam
407 5458 612 5532 negligentiam
626 5460 773 5528 pastorum
794 5458 823 5509 et
836 5454 1025 5526 prelatorum
1079 5450 1176 5520 dictio,
1191 5451 1236 5507 his
1251 5451 1345 5508 verbis
1368 5467 1525 5524 expressa:
1551 5475 1565 5503 ι(
1585 5454 1620 5507 lit
1643 5452 1747 5510 itemm
1776 5469 1830 5526 ego
1852 5470 1929 5525 pan-
