3984 6034
128 172 194 225 less
867 165 896 219 S.
918 161 1154 218 littnlldafltils
1809 169 1886 222 1236

123 302 181 357 culi
190 300 303 374 liguum
312 301 375 371 ejus
382 300 506 356 libenter
514 299 679 354 comeduut.
692 298 747 355 Sed
760 299 783 353 si
797 299 869 354 illud
876 312 970 352 come·
986 297 1012 351 A
1025 301 1054 352 et
1077 296 1117 352 sic
1135 314 1186 369 par
1208 299 1337 372 singulos
1352 315 1441 356 annos
1465 300 1568 364 iacies:
1583 306 1612 357 et
1640 318 1706 357 curu
1733 303 1895 375 quispiam

124 390 207 456 dunt,
233 389 290 445 cito
311 389 451 444 desistunt
475 394 505 442 et
529 387 667 442 deliciunt
682 388 731 457 (l).
757 387 812 442 Sed
827 390 924 441 tamen
939 385 975 449 de
1030 383 1116 439 bomo
1130 383 1160 439 iu
1182 386 1231 441 illo
1256 401 1330 441 auno
1353 387 1542 456 freyszchlich,
1566 388 1644 460 quod
1666 394 1710 445 est
1730 391 1839 460 παρα,
1855 390 1893 443 iu

125 477 221 532 fructu
244 477 309 547 ejus
323 475 457 549 quaedam
473 481 602 530 tortuosa
617 475 754 546 [virtuosa
768 475 823 545 ed]
840 473 976 529 dnimalia
1030 488 1149 543 corpore
1171 489 1223 528 suo
1250 473 1393 542 babuerit,
1416 481 1484 530 trruc
1500 475 1535 531 de
1557 493 1615 531 nna
1635 475 1794 532 inscisione
1815 478 1894 532 ista·
1973 502 1976 511 =

125 571 283 636 pascuntur
310 571 339 621 et
364 563 484 636 pinguia
507 563 592 628 liunt,
608 563 686 617 velut
712 563 791 633 porci
820 569 898 617 suut.
932 562 975 617 Ad
1030 576 1095 615 rum
1123 562 1272 618 bustarum
1300 561 1445 618 modicum
1475 562 1589 618 abscide
1617 571 1647 619 et
1674 564 1705 618 iu
1729 565 1892 619 vasculum

126 653 369 709 medicamentum
383 657 479 706 autem
493 668 546 705 uec
561 652 671 719 lignum
685 651 973 705 rreclructusvulent.
1030 664 1115 720 poue,
1130 655 1158 705 et
1172 651 1207 705 de
1229 667 1299 720 pura
1323 657 1398 720 siqua
1422 652 1616 720 aprtnpbornes
1631 653 1775 707 modicum
1799 654 1894 707 desu-

259 741 324 796 Car.
344 741 432 794 xxvi.
452 769 487 779 —
508 741 547 793 lla
566 740 639 793 Facu
659 742 696 806 (2)
714 738 775 809 illl,
789 737 842 810 36).
1030 753 1082 808 per
1096 744 1140 791 ter
1152 739 1252 806 laude,
1268 745 1298 794 et
1314 742 1373 793 bae
1398 740 1484 794 verba
1502 740 1608 794 totiens
1623 739 1668 795 dic
1685 758 1691 794 :
1710 761 1721 789 v
1739 743 1797 797 Par
1825 742 1894 811 pri-
1985 761 1986 766 ¹

163 830 201 894 (3)
237 830 328 895 Fusus
357 827 387 881 in
415 835 492 881 recto
536 832 763 895 torrrperameuto
790 833 819 880 et
856 826 976 896 [equalis
1029 841 1107 880 mam
1124 826 1329 895 ostensionem,
1346 828 1494 898 quaDeus
1514 827 1545 882 in
1570 829 1693 882 iordane
1716 829 1893 899 baptizatus
1983 863 1984 910 ρ

127 917 229 971 caloris
245 923 275 970 et
293 915 461 986 frigiditatis
489 919 576 968 estet
591 920 745 984 utrumqne
768 915 849 968 inea
866 914 974 968 borium
1030 919 1074 968 est
1096 916 1147 982 (6),
1171 931 1224 986 par
1248 931 1389 970 venenum
1412 915 1477 980 hoc,
1506 915 1615 987 absque
1640 922 1731 971 morte
1751 917 1892 972 bominis

129 1010 181 1058 est.
198 1000 591 1073 Etdiscipliuamsignilical.
613 1001 726 1054 Etcum
751 1001 892 1071 lolialagi
914 1001 975 1070 jam
1030 1003 1063 1056 N.
1091 1002 1173 1056 euler
1210 1005 1247 1058 ab
1273 1020 1307 1056 eo
1343 1018 1459 1058 omnem
1488 1005 1567 1058 illam
1595 1005 1760 1060 illusionem
1789 1007 1890 1075 pestis

129 1090 283 1161 procedere
301 1090 453 1160 incipiunt,
481 1089 531 1143 sed
555 1105 621 1143 cum
642 1088 772 1143 nundum
801 1090 976 1160 adplenum
1030 1090 1126 1160 huius,
1143 1090 1214 1146 sicul
1229 1098 1258 1144 et
1271 1093 1353 1146 lesus
1365 1107 1438 1162 pura
1454 1093 1510 1146 vita
1525 1091 1625 1158 tuin»
1637 1098 1666 1148 et
1680 1093 1886 1165 aquamistam

130 1185 280 1250 apparent,
303 1178 373 1231 vade
398 1176 434 1231 ad
454 1177 547 1247 ipsam
569 1177 712 1242 arborem,
733 1185 763 1231 et
785 1178 977 1247 ramumejus
1031 1192 1082 1247 per
1108 1183 1166 1231 tres
1191 1177 1252 1232 dies
1273 1178 1309 1233 da
1344 1178 1386 1232 illi
1406 1177 1507 1248 jejuno
1529 1177 1565 1232 ad
1593 1178 1763 1246 bibendum,
1792 1187 1827 1234 et
1857 1181 1886 1232 in

129 1268 246 1321 sinistra
272 1283 359 1320 manu
383 1266 579 1335 apprehende,
595 1273 624 1318 et
648 1266 807 1319 scultellam
828 1266 858 1318 iu
879 1267 977 1320 dextra
1031 1281 1205 1336 nimquoque
1230 1267 1277 1320 die
1308 1282 1367 1337 quo
1394 1281 1456 1321 eurr.
1482 1267 1565 1333 bibit,
1585 1267 1634 1321 illa
1653 1269 1755 1322 eodem
1784 1270 1888 1331 modo,

129 1363 206 1421 tone,
236 1360 266 1408 et
287 1355 331 1407 dic
356 1370 363 1407 ς
394 1374 409 1403 «
435 1353 526 1407 Tuam
554 1353 730 1406 viriditatem
759 1353 825 1408 ideo
861 1354 976 1408 abscido
1033 1359 1063 1405 ut
1080 1352 1247 1423 praedictum
1263 1359 1315 1413 est,
1341 1354 1464 1425 parabis,
1488 1355 1721 1421 atafreisclslieb
1739 1355 1887 1410 liberabi-

129 1444 207 1514 quod
223 1458 322 1494 omnes
340 1442 476 1495 humores
492 1442 618 1494 bominis
634 1442 684 1510 qui
704 1442 734 1494 in
755 1442 879 1495 alienam
902 1443 976 1494 viam
1032 1446 1089 1507 tur,
1111 1441 1166 1496 nisi
1192 1443 1265 1496 Deus
1285 1442 1446 1513 probibeat.
1465 1443 1498 1497 Et
1520 1443 1544 1496 si
1568 1445 1633 1514 quis
1658 1444 1694 1498 de
1718 1443 1796 1499 loliis
1810 1443 1888 1513 lagi,

129 1537 158 1584 et
194 1529 330 1601 injustam
359 1531 441 1598 peleos
467 1529 541 1584 lellis
572 1536 722 1583 vertuntur
746 1531 894 1596 emendes,
926 1545 978 1599 per
999 1545 1186 1625 Rcomnena
1209 1536 1238 1584 et
1262 1531 1388 1584 recentia
1404 1536 1479 1596 sunt,
1505 1545 1566 1584 mua
1592 1537 1673 1602 perat
1694 1536 1724 1586 et
1743 1535 1887 1595 comedit,
1985 1511 1986 1570 i

130 1619 229 1671 vivens
253 1617 386 1684 Verbum,
412 1616 488 1688 quod
506 1617 656 1672 bominem
678 1617 786 1688 absque
806 1617 977 1671 contritione
1033 1633 1099 1672 eum
1123 1633 1183 1672 uon
1209 1617 1304 1684 laedit3
1327 1617 1369 1672 vel
1393 1617 1418 1672 ai
1432 1618 1497 1690 quis
1511 1618 1635 1673 lructnm
1659 1620 1721 1690 ejus
1743 1620 1887 1683 comedit,
1985 1675 1986 1702 1

129 1705 191 1776 eius
211 1705 297 1770 lecit;
329 1726 343 1754 a
368 1713 397 1760 et
422 1720 511 1760 mauu
536 1705 652 1759 sinistra
671 1721 784 1759 ramum
808 1715 884 1769 tane,
907 1705 977 1759 dum
1033 1704 1069 1759 ab
1084 1706 1133 1759 illo
1147 1720 1205 1759 nou
1221 1705 1344 1770 laeditur,
1361 1705 1411 1759 sed
1425 1705 1541 1776 pinguis
1555 1705 1623 1760 inde
1638 1705 1771 1760 allicitur.

131 1793 229 1848 omnia
245 1794 330 1848 verba
351 1795 411 1848 bec
426 1792 507 1860 dicis,
524 1799 553 1847 at
568 1798 636 1848 tuuc
656 1809 722 1848 oum
746 1794 776 1847 in
800 1794 876 1848 lerro
900 1794 977 1863 quod
1149 1794 1215 1848 Car.
1235 1794 1339 1848 XXVll.
1359 1823 1394 1834 ·-
1415 1796 1455 1848 lla
1472 1798 1544 1848 Aaou
1564 1793 1602 1865 (7)
1624 1791 1681 1866 [lll,
1703 1793 1761 1866 37).

130 1881 218 1936 calibs
241 1886 285 1936 est
308 1881 432 1945 abscide,
462 1887 626 1936 strumum
652 1882 738 1936 istum
766 1882 795 1936 id
818 1888 863 1936 est
888 1897 978 1952 usque
1068 1883 1140 1936 Ascli
1155 1881 1305 1954 [Fraxinus
1319 1881 1375 1953 ed]
1391 1881 1482 1951 magis
1494 1881 1586 1936 calida
1605 1889 1648 1936 est
1660 1897 1747 1953 quam
1760 1881 1887 1954 frigida,
1985 1921 1986 1948 ,

130 1967 199 2024 auui
224 1968 362 2023 circulum
377 1985 468 2036 sarva,
485 1975 514 2024 et
528 1969 568 2023 sic
583 1969 626 2022 lac
642 1985 692 2038 per
711 1969 841 2036 singulos
866 1983 977 2033 aunos;
1034 1975 1063 2024 at
1074 1970 1227 2024 consilium
1238 1970 1333 2040 signat
1343 1973 1390 2038 (8).
1404 1971 1435 2024 Et
1442 1969 1620 2041 siquiapiam
1630 1978 1681 2025 aut
1690 1970 1719 2024 in
1729 1970 1819 2025 latare
1829 1977 1889 2025 aut

130 2062 159 2112 et
183 2056 208 2110 si
231 2056 376 2128 quispiam
404 2059 492 2111 bomo
516 2057 547 2110 in
566 2057 617 2111 illo
635 2072 711 2110 anuo
733 2056 855 2123 ecbuclst
881 2055 977 2121 babet,
1033 2057 1063 2111 in
1084 2059 1181 2129 aliquo
1201 2058 1259 2112 alio
1284 2057 1413 2113 membro
1430 2073 1481 2112 suo
1500 2075 1518 2111 a
1540 2061 1615 2126 picit
1638 2059 1784 2130 fatigatur,
1802 2061 1889 2112 velut
1985 2049 1986 2054 '

130 2160 164 2197 ex
180 2143 284 2198 eodem
299 2159 379 2197 ramo
393 2158 482 2213 parva
500 2142 592 2196 lrusta
604 2142 727 2208 abscide,
749 2146 778 2197 et
801 2160 836 2196 ea
863 2143 893 2197 in
913 2160 978 2196 vas·
1033 2143 1129 2200 omnia
1151 2144 1281 2200 membra
1306 2147 1368 2218 ejus
1393 2146 1481 2200 fracte
1504 2153 1534 2200 et
1555 2151 1696 2200 zustoszen
1722 2145 1792 2212 sint,
1813 2145 1889 2200 lolia
1985 2157 1986 2166 ¹

133 2231 329 2300 culumpoue,
348 2245 381 2284 ac
401 2245 489 2300 super
511 2247 545 2284 ea
570 2229 715 2284 modicum
740 2229 800 2283 viui
828 2236 873 2284 ter
890 2231 978 2285 funde
1032 2231 1106 2288 Asel
1130 2233 1159 2288 iu
1189 2250 1264 2305 aqua
1283 2251 1386 2306 coque,
1413 2239 1443 2288 et
1470 2233 1618 2288 infirmum
1649 2233 1759 2288 nudum
1791 2238 1822 2288 et
1851 2234 1887 2288 in
1985 2241 1986 2256 ¹

131 2324 159 2373 et
183 2318 288 2373 totiens
308 2317 370 2372 baec
397 2319 485 2372 verba
511 2317 566 2383 dic,
586 2324 614 2372 et
638 2317 736 2371 viuum
763 2334 850 2390 snper
877 2319 978 2373 eadem
1032 2322 1190 2377 linteamen
1214 2337 1298 2394 pone,
1328 2328 1357 2376 et
1388 2337 1464 2392 aque
1502 2321 1551 2376 illa
1588 2321 1687 2388 effusa,
1716 2337 1781 2376 eum
1813 2322 1887 2394 ipsis

74 2405 79 2412 ’
131 2409 221 2461 frusta
233 2406 341 2461 lundis.
358 2427 372 2456 ι(
388 2407 578 2462 Persauctsm
591 2406 802 2477 samurensis)
818 2412 923 2462 sanctie
937 2408 980 2462 in·
1033 2409 1263 2464 loliisitucoctis
1284 2417 1313 2464 et
1331 2409 1431 2464 calidis
1457 2409 1622 2479 ubicunque
1640 2405 1838 2482 circumpone,
1854 2416 1888 2464 et
1985 2449 1986 2456 ,

132 2494 320 2564 carnationis,
349 2511 407 2566 qua
442 2496 518 2549 beris
558 2497 645 2550 bomo
669 2495 770 2560 lactus,
799 2496 917 2551 abtrahe
943 2496 979 2551 ab
1034 2498 1177 2568 precipue
1193 2501 1222 2551 in
1245 2497 1307 2552 loco
1322 2497 1382 2561 illo,
1408 2497 1457 2551 ubi
1483 2496 1561 2552 dolet
1575 2503 1604 2552 at
1621 2497 1676 2552 boc
1693 2513 1769 2568 sepe
1783 2499 1829 2552 lac
1854 2503 1887 2552 et
1985 2557 1986 2584 ξ

131 2582 318 2639 bomiueisto
338 2584 372 2638 N.
391 2584 521 2638 dolorem
542 2584 673 2650 erescit,
700 2605 715 2633 »
738 2589 766 2638 et
788 2590 857 2638 tunc
880 2585 978 2639 viuum
1035 2585 1138 2640 melius
1164 2585 1284 2640 babebit
1307 2586 1356 2656 (9).
1392 2585 1471 2650 erod
1499 2586 1524 2638 si
1550 2585 1638 2639 etiam
1662 2587 1819 2640 cerviseam
1846 2587 1886 2641 de

130 2670 203 2726 illud
225 2686 291 2726 cum
313 2671 434 2726 hastulis
455 2671 523 2737 illis,
552 2688 624 2743 quas
651 2672 797 2726 abscidisti
816 2673 847 2727 in
873 2673 980 2744 patella
1034 2687 1123 2726 avene
1153 2684 1254 2742 parare
1274 2671 1401 2726 volueris
1422 2671 1529 2742 absque
1555 2673 1672 2742 ioppen,
1700 2673 1749 2726 sed
1767 2678 1885 2727 tantum

132 2761 177 2812 vel
198 2759 229 2813 in
247 2759 395 2814 crucibulo
420 2759 536 2827 calelac,
560 2766 589 2814 et
608 2760 651 2814 illi
670 2760 772 2830 jejuno
800 2761 841 2814 ite
855 2761 977 2815 calidum
1033 2776 1099 2816 cum
1113 2776 1195 2828 prusa
1217 2766 1247 2814 et
1273 2761 1407 2831 plurimis
1428 2760 1551 2815 loliisde
1567 2760 1760 2815 Asclsadditis
1775 2777 1882 2832 coque,

131 2847 168 2901 ad
189 2846 348 2902 bibendum
376 2862 429 2918 per
453 2852 512 2902 tres
534 2847 595 2902 dies
620 2848 667 2912 da,
694 2855 723 2902 at
745 2849 902 2916 curabitur,
923 2849 978 2903 uisi
998 2853 1060 2910 Get
1077 2850 1202 2903 cervisea
1228 2848 1282 2902 ista
1303 2847 1480 2902 stomachum
1500 2847 1624 2903 bibentis
1643 2855 1758 2920 purgat,
1779 2855 1809 2903 et
1830 2865 1884 2920 pe·
1985 2923 1986 2926 Ἴ

132 2937 206 2991 usus
229 2937 311 2991 nolit.
333 2935 389 2992 Sed
411 2942 440 2991 et
465 2935 576 3007 siquis
600 2937 700 2990 ridden
713 2937 808 2999 babet,
829 2938 926 3008 accipe
941 2938 977 2992 ds
1032 2943 1093 2991 ctus
1118 2935 1181 3004 ejus
1208 2935 1268 2989 leve
1296 2941 1323 2990 et
1348 2951 1434 2990 suave
1456 2935 1533 2991 lacit.
1551 2935 1596 3006 [Et
1617 2937 1641 2990 si
1660 2951 1752 3007 capre
1781 2937 1882 3007 aliquo
1985 2937 1986 2970 l

131 3025 226 3079 iructu
245 3024 314 3095 lagi,
339 3041 405 3079 cum
432 3024 560 3094 primum
579 3025 710 3095 procedit
724 3032 752 3077 et
771 3041 838 3080 aum
852 3027 882 3079 iu
905 3042 977 3096 pura
1032 3025 1117 3079 modu
1142 3024 1336 3090 infirmantur,
1361 3024 1430 3078 lolia
1454 3023 1558 3079 fraxini
1578 3025 1619 3080 eis
1643 3041 1719 3095 ssepe
1743 3025 1777 3080 ad
1800 3040 1881 3080 cum·
1985 3029 1986 3034 ’

132 3128 217 3183 aqua,
232 3113 341 3168 scilicet
352 3112 560 3182 spriapborrrcu,
581 3114 734 3167 commisce
747 3130 754 3180 ;
769 3119 797 3168 at
811 3115 873 3169 boec
891 3115 978 3169 verba
1031 3111 1175 3166 edendum
1190 3110 1303 3174 dentur,
1320 3118 1349 3166 et
1363 3111 1549 3166 curabuntur.
1563 3112 1639 3166 ΑΜ.
1655 3113 1710 3183 cd]

132 3201 177 3254 dic
197 3216 205 3254 :
223 3222 237 3252 a
261 3203 314 3255 Per
330 3205 457 3254 sanctam
476 3202 647 3256 scincturam
672 3210 779 3256 sanctes
799 3203 976 3257 incarnatio·
1136 3200 1202 3254 Car.
1222 3199 1336 3254 XXVlll.
1355 3229 1391 3240 -
1410 3200 1451 3254 De
1469 3203 1541 3255 ders
1560 3198 1768 3272 (10)[1u,³8].

131 3287 336 3358 uisqualieus
354 3286 616 3356 bomolactusest,
639 3296 668 3342 tu
693 3289 784 3355 riddo,
806 3290 975 3359 voslebres,
1065 3288 1144 3357 depo
1170 3287 1331 3358 [Tremulus
1355 3288 1411 3358 eri]
1440 3287 1533 3342 calida
1562 3292 1613 3356 cst,
1643 3293 1672 3343 et
1698 3288 1881 3344 nimietatem
1985 3281 1986 3304 ¹

131 3375 220 3429 defice
235 3382 265 3429 et
277 3375 390 3430 deliciis
404 3374 435 3429 in
451 3375 557 3445 frigora
572 3383 602 3430 et
619 3375 650 3430 in
669 3376 763 3431 calore
789 3383 838 3432 tuo
866 3378 898 3431 iu
921 3379 977 3432 bo·
1030 3373 1292 3446 designaremus
1312 3389 1378 3428 eum
1403 3373 1883 3446 aliquisinlausiucuulsjacens
1985 3403 1986 3410 ρ

131 3463 209 3517 mine
223 3463 279 3517 isto
294 3463 348 3530 li.;
365 3484 379 3511 rr
395 3467 424 3517 et
439 3470 508 3518 tuuc
531 3480 637 3535 aquam
660 3465 740 3518 illum
762 3465 856 3520 duilli
871 3466 909 3521 ad
936 3468 977 3523 bi·
1032 3461 1198 3518 multotiens
1209 3461 1286 3516 iuter
1300 3468 1394 3516 cutem
1410 3467 1438 3517 at
1453 3478 1570 3517 carneus
1582 3463 1883 3535 sauguineperlnudi·

131 3549 274 3618 bendum,
289 3567 342 3622 per
362 3551 490 3624 quinque
513 3553 574 3606 dies
597 3553 803 3624 comparabis,
828 3554 901 3608 etsi
926 3561 978 3610 aut
1030 3556 1078 3605 tur
1093 3556 1121 3605 et
1136 3550 1314 3617 vulneratur,
1330 3550 1370 3604 ita
1383 3550 1542 3620 qrrodiude
1567 3552 1648 3606 selda
1669 3551 1758 3617 dolet,
1781 3552 1883 3622 accipe
1985 3569 1986 3614 ,

131 3638 316 3696 cottidianam
346 3647 397 3694 aut
424 3648 597 3712 quartanam
626 3641 769 3708 babuerit,
796 3642 832 3697 ab
854 3642 895 3697 eis
919 3644 976 3699 cito
1031 3654 1105 3693 nova
1119 3644 1149 3693 et
1162 3638 1287 3693 recentia
1307 3637 1376 3694 lolia
1391 3641 1495 3708 Aspen,
1513 3644 1542 3694 et
1560 3655 1594 3693 ea
1617 3654 1704 3710 super
1718 3638 1881 3710 simplicem
1985 3691 1986 3694 ,

131 3725 312 3794 liberabitur,
322 3733 374 3782 aut
385 3734 460 3784 licus
474 3745 540 3783 aum
555 3728 678 3784 liberare
693 3746 751 3785 non
766 3734 834 3787 vult.
1030 3743 1159 3798 pannum
1178 3727 1289 3780 lineum
1306 3742 1392 3797 poue,
1416 3737 1445 3780 et
1463 3727 1503 3781 sic
1517 3729 1641 3781 eundem
1655 3727 1795 3782 infantem
1807 3728 1880 3798 ipsis

167 3817 223 3872 Sed
250 3823 279 3871 et
305 3817 430 3872 radicem
457 3817 515 3886 lagi
542 3817 626 3883 adde,
660 3833 726 3872 cum
755 3835 843 3891 super
868 3824 976 3876 terram
1030 3815 1105 3870 loliis
1120 3824 1149 3869 et
1165 3814 1259 3869 eidam
1281 3830 1377 3886 panno
1393 3814 1515 3882 involve,
1532 3831 1564 3870 ac
1584 3831 1650 3869 eum
1674 3814 1710 3870 ad
1731 3815 1880 3870 dormicu-
1985 3809 1986 3814 ’

130 3909 261 3975 apparet,
285 3909 315 3959 et
341 3905 518 3974 superiorem
546 3905 683 3960 corticem
710 3907 840 3977 ejusdam
874 3909 976 3964 radicis
1030 3903 1099 3958 dum
1121 3903 1240 3970 colloca,
1266 3906 1293 3956 et
1309 3903 1435 3956 vestibus
1458 3908 1534 3972 tage,
1559 3907 1592 3958 ut
1614 3901 1749 3958 sudorem
1764 3905 1879 3958 emittat

130 3993 221 4057 aufer,
245 3998 275 4046 et
300 3991 341 4045 ihi
366 3990 402 4046 de
427 4007 462 4046 ea
486 3993 600 4047 abscide
619 3998 760 4063 quantum
782 4010 841 4049 una
861 3995 975 4050 incisio.
1030 3997 1059 4046 et
1083 3990 1172 4045 virtus
1196 3989 1332 4046 loliorum
1354 3989 1475 4045 istorum
1497 3990 1631 4058 extrahit,
1661 3996 1691 4046 et
1716 3991 1875 4046 sanabitur.
1985 4001 1986 4008 ’

129 4094 166 4133 ue
180 4080 408 4149 caperepotaris,
423 4084 453 4133 et
463 4079 508 4134 dic
524 4095 531 4134 :
548 4101 562 4129 «
576 4082 630 4135 Per
642 4080 766 4150 primam
781 4083 972 4138 ostensionem
1029 4079 1082 4134 Sed
1109 4085 1138 4133 et
1159 4078 1262 4151 siquis
1286 4078 1459 4148 sirpiculipit
1475 4085 1528 4146 est,
1544 4084 1595 4134 aut
1616 4079 1640 4132 si
1656 4078 1720 4151 quis
1736 4078 1875 4151 lrigidum

128 4180 186 4237 qua
216 4167 289 4220 beas
316 4167 463 4221 bominem
490 4166 561 4221 vidit
580 4167 611 4221 iu
637 4167 733 4222 radice
768 4170 894 4226 llambre
921 4171 972 4243 (5),
994 4138 1209 4222 ⁰st0machum
1231 4165 1329 4235 behel,
1353 4167 1488 4222 corticem
1515 4167 1643 4238 ejusdem
1667 4167 1786 4234 arboris,
1808 4184 1874 4222 cum

128 4254 229 4324 frange
243 4252 334 4307 undas
349 4253 451 4308 veneni
468 4253 595 4310 bominis
613 4255 721 4327 ubsque
741 4263 831 4312 morta
845 4259 943 4328 illius3
958 4282 973 4310 »
1029 4254 1127 4309 viridis
1142 4259 1184 4308 est
1199 4253 1328 4325 accipiet,
1344 4261 1372 4308 et
1386 4255 1499 4325 liguum
1517 4254 1580 4324 ejus
1594 4255 1717 4310 exterius
1731 4271 1823 4327 usqne
1837 4257 1874 4310 ad

128 4347 157 4396 et
175 4341 282 4396 iterum
304 4347 445 4413 quantum
468 4359 569 4414 capere
586 4348 667 4414 potes
682 4345 808 4400 monada
836 4346 973 4402 incisione
1028 4340 1149 4396 interius
1162 4356 1212 4395 cor
1227 4341 1300 4411 ejus,
1317 4346 1345 4396 et
1366 4357 1422 4397 nou
1444 4342 1539 4413 ipsum
1555 4343 1633 4413 quod
1647 4342 1753 4398 dicitur
1766 4358 1818 4397 cor
1831 4359 1874 4398 ar-

127 4429 251 4498 sbscids,
281 4435 310 4485 et
334 4431 434 4486 eadem
461 4432 547 4486 rerba
569 4432 635 4500 dic;
655 4437 684 4487 et
705 4432 793 4489 simili
815 4435 900 4489 modo
915 4440 971 4490 ter.
1027 4429 1114 4489 boris,
1139 4433 1167 4483 et
1181 4428 1212 4482 iu
1235 4427 1347 4484 minute
1368 4430 1457 4485 lrvtsta
1483 4429 1618 4497 inscidat,
1634 4435 1663 4484 et
1683 4430 1715 4484 iu
1732 4446 1809 4502 aqua
1823 4449 1874 4486 eo-

125 4517 195 4574 tiam
225 4518 393 4575 incisionem
422 4519 454 4574 iu
477 4521 578 4575 eadem
603 4520 709 4585 radice,
733 4526 763 4576 et
784 4521 849 4577 ideo
871 4527 916 4578 ter
936 4525 972 4580 de
1026 4521 1106 4589 qual,
1123 4517 1371 4572 ellunceamdem
1387 4533 1491 4590 uquam
1506 4535 1572 4573 cum
1588 4518 1659 4589 ipsis
1681 4519 1874 4590 lignisiudo-

125 4607 226 4661 eadem
261 4606 371 4662 radices
399 4607 536 4674 abscides,
563 4624 600 4665 ue
627 4608 681 4664 tibi
706 4625 759 4680 per
775 4626 884 4666 anuum
903 4612 971 4668 dali—
1025 4605 1097 4659 liuffl
1121 4603 1233 4668 sundal,
1249 4610 1279 4658 el
1295 4604 1325 4658 5¹¹
1341 4605 1382 4659 01³
1407 4606 1532 4673 balmis
1549 4613 1576 4661 ⁰¹
1598 4607 1652 4661 ¹²⁰0
1671 4623 1748 4677 ³³90
1772 4607 1869 4673 Mill·

125 4693 191 4758 ciat,
219 4699 249 4749 et
270 4699 340 4749 tunc
363 4695 426 4751 brec
452 4696 542 4751 lrusta
569 4712 620 4768 per
634 4697 775 4752 circulum
795 4700 864 4754 anui
878 4715 968 4770 serva,
1025 4699 1054 4747 et
1070 4693 1147 4760 picit
1162 4691 1197 4746 ab
1213 4707 1247 4746 eo
1262 4693 1390 4761 cessabit,
1405 4701 1435 4749 et
1458 4695 1545 4749 etiam
1572 4694 1692 4766 lrigidus
1706 4697 1874 4750 stomachus

62 4879 75 4902 e
157 4849 181 4921 (l
211 4850 266 4907 Sed
284 4852 806 4924 lumeamodic.--deflciuntom.ed.
1023 4858 1149 4913 dientem
1165 4857 1194 4911 in
1209 4873 1240 4910 os
1255 4862 1284 4910 et
1300 4855 1329 4910 in
1353 4873 1435 4911 nares
1449 4857 1522 4912 asini
1537 4858 1658 4913 transire
1682 4857 1871 4930 permittat.»
1985 4897 1986 4902 κ

157 4923 184 4989 (2
210 4923 233 4976 F
269 4992 273 5001 ¹
312 4924 454 5004 silucnris.
1058 4929 1098 4996 (l)
1118 4927 1171 4982 Sic.
1184 4926 1357 4982 Sassuram?
1373 4927 1550 4985 cincturam?

157 4991 184 5062 (3
224 4991 245 5046 E
267 4997 311 5056 rt,
335 4993 511 5074 brevissime,
537 5014 551 5075 a
586 4995 679 5077 Pagus
698 4996 728 5050 in
749 5003 835 5078 ‘recto
858 5003 967 5068 tempe·
1068 4998 1094 5070 5)
1113 4999 1183 5053 Gen.
1202 5013 1280 5064 xviri,
1298 5001 1322 5053 l.

121 5068 251 5144 ramento
265 5062 366 5118 calorrs
389 5070 441 5118 est.
469 5067 502 5120 Et
528 5083 552 5119 ss
564 5082 635 5136 ¹cittis
649 5066 685 5121 de
707 5067 782 5122 loliis
809 5068 879 5140 lagi,
899 5085 965 5124 eom
1068 5071 1200 5136 bibleus.
1218 5085 1238 5132 1,
1256 5071 1279 5122 l.

120 5140 245 5211 recentia
264 5140 341 5199 sunt,
365 5135 545 5216 pulmentum
568 5143 657 5204 parat,
688 5142 717 5192 at
732 5138 874 5203 comedat,
892 5145 921 5194 et
941 5142 966 5194 si
1056 5139 1093 5206 (7)
1114 5139 1254 5194 Fraxinus
1264 5140 1404 5193 eccelsior.

120 5203 369 5285 etraqueulructu
395 5221 456 5285 epus
473 5207 606 5269 comedit,
628 5223 696 5262 aum
724 5225 782 5262 non
806 5210 894 5270 ledit,
915 5210 964 5266 sed
1056 5211 1093 5275 ‘8i
1113 5210 1473 5276 erumpendum.

117 5288 241 5397 pvppmpl
260 5275 327 5328 suda
341 5275 483 5355 'efficitur
497 5277 538 5357 'Si
562 5283 657 5359 erstem
691 5278 789 5360 asinus
814 5279 845 5333 iu
870 5280 964 5350 capite
1054 5279 1094 5351 (9)
1114 5282 1151 5382 Et
1162 5279 1209 5334 boc
1224 5279 1332 5334 buloebit
1347 5296 1405 5334 om.
1418 5281 1463 5335 ed.

117 5349 225 5466 ,iris
243 5359 434 5485 2333)ἕὲἳέ
447 5347 965 5491 issi?,tiltsldllistesf
1053 5349 1111 5492 illl
1129 5352 1247 5475 istil?
1260 5352 1385 5488 silla
1400 5437 1458 5476 0111.
1473 5421 1519 5476 a.
