3984 6034
199 251 250 305 303
941 251 968 306 S.
990 245 1229 306 allemannis
1892 243 1949 304 eol

198 386 365 452 Jerusalem,
381 385 560 440 sicutlilium
579 384 776 456 interspinas,
796 385 1039 442 bonosetsuevis
1057 386 1221 455 abueram,
1251 386 1389 441 eximium
1417 383 1530 458 corpori
1557 403 1622 441 mee
1650 383 1792 442 inherere
1822 387 1950 459 leugue-

199 475 271 530 odor
285 471 390 530 Christi
405 474 550 542 redoletis,
568 475 642 529 sicet
663 473 805 529 luminare
824 475 888 530 omli
904 475 980 530 inter
999 478 1044 528 te-
1098 491 1169 543 rem,
1185 491 1242 548 quo
1267 475 1396 530 neudum
1415 480 1552 542 cessante,
1575 475 1621 530 die
1637 479 1783 549 noctuque
1797 491 1857 531 nen
1878 492 1947 530 mo-

197 564 300 618 nebras
318 562 407 633 hujus
432 563 528 618 seculi
551 563 616 616 ritae
631 566 660 617 et
680 561 839 617 sanctitatis
861 561 1045 634 compositio·
1098 565 1160 629 dice
1189 569 1336 637 torqueor,
1363 564 1509 636 velutique
1535 566 1664 620 humana
1677 565 1817 637 fragilitas
1841 564 1948 619 divinae

196 665 264 706 nem
286 650 442 721 refulgetis,
467 650 550 706 uehis
571 649 769 721 peccatoribus
792 649 853 722 spei
871 649 1043 705 consolatio·
1098 650 1215 707 ultionis
1239 655 1281 706 est
1309 668 1393 717 ceca,
1421 651 1445 706 si
1474 652 1510 707 oh
1538 652 1754 707 benefactorum
1785 651 1947 707 increscen-

197 755 265 796 nem
281 739 503 811 ingeritis,dom
519 744 619 794 vestre
640 743 779 794 maternae
798 738 968 794 visitationis
981 753 1045 809 gre·
1097 739 1167 794 tiam
1195 739 1226 794 in
1253 738 1387 794 morbum
1415 754 1466 793 seu
1494 739 1685 794 tentationem
1712 738 1863 794 inciderim
1884 753 1948 792 nou

198 828 271 882 tium
286 829 370 883 toties
385 827 469 883 nohis
490 826 678 898 praetenditis.
705 826 782 881 Licet
800 827 877 881 enim
896 843 948 881 uos
971 842 1043 880 con·
1097 827 1173 892 ueri,
1192 831 1220 882 ct
1238 826 1331 898 gratie
1349 825 1399 880 liei
1420 842 1483 881 snm
1504 826 1532 881 id
1557 827 1634 898 quod
1657 842 1732 894 som,
1749 825 1818 897 quia
1831 826 1948 897 pondus

198 920 290 971 sortes
311 915 458 971 Publiceni
477 915 555 971 illins
580 913 736 986 evangelici
760 914 858 969 oculos
881 921 993 971 nostros
1008 914 1042 969 ad
1096 915 1178 985 parvi
1207 914 1312 970 laboris
1338 919 1397 969 tarn
1425 914 1455 968 in
1485 914 1591 985 vigiliis
1617 914 1746 986 quamiu
1762 912 1948 969 cretionibus

197 1002 589 1059 coelemleaerenensimus
610 1001 700 1072 digni,
719 1002 901 1058 temendum
923 1017 975 1074 per
994 1017 1043 1056 er·
1096 1001 1284 1075 prodiversis
1304 1001 1389 1057 rebus
1416 1001 1607 1072 omnipotenti
1643 1003 1700 1056 Deo
1721 1001 1857 1058 exhibere
1886 1013 1948 1054 nen

196 1104 304 1161 ganum
320 1090 380 1145 oris
404 1089 488 1145 vestri
506 1106 606 1144 aecem
621 1088 699 1145 illins
717 1090 768 1161 qui
786 1089 816 1144 iu
839 1089 919 1144 vobis
933 1089 1044 1145 habitat
1096 1115 1185 1154 nesso,
1202 1098 1300 1155 pinam
1315 1099 1457 1166 laborum,
1486 1099 1510 1152 si
1530 1098 1605 1160 licea,
1628 1097 1817 1164 sanctissima,
1842 1100 1874 1150 ut
1899 1110 1947 1150 fg.

195 1179 296 1234 audire
315 1193 471 1245 meremor,
488 1177 603 1233 Domini
630 1178 745 1238 Christi,
766 1177 832 1232 lecti
853 1193 951 1232 semus
969 1177 1044 1232 sicut
1096 1187 1214 1242 mand„
1239 1187 1371 1258 imploro,
1395 1187 1431 1242 Ει
1457 1193 1484 1242 10
1519 1193 1641 1242 matram
1670 1185 1796 1242 filiarum
1828 1191 1947 1240 tuarum

195 1268 345 1322 ⁰⁰ss⁵⁰lssii
363 1267 487 1323 Proinde
501 1267 613 1322 Chri⁸l⁰
628 1265 764 1333 D⁰mi¹1⁰s
778 1265 827 1337 ‘1¹¹i
842 1282 895 1320 ¹¹⁰⁸
907 1264 1042 1336 issdid¹¹⁰³
1096 1276 1209 1347 pietatis
1229 1275 1333 1331 auxilio
1357 1275 1437 1344 haus,
1455 1275 1485 1330 iu
1503 1275 1616 1330 Domini
1632 1274 1695 1346 opis
1717 1273 1946 1346 postulationem

194 1371 248 1426 per
267 1372 316 1411 vos
336 1356 477 1410 consolari
504 1355 650 1426 dignetur,
674 1355 823 1410 humiliter
842 1355 948 1426 gratias
971 1353 1042 1409 rest·
1095 1362 1304 1418 interuuutiem
1327 1379 1387 1417 esse
1411 1363 1560 1435 deprecor,
1588 1361 1702 1434 pietatis
1727 1365 1783 1416 tuae
1806 1359 1948 1415 auxilium

194 1445 559 1516 rentesgenuanecumua,
576 1443 915 1516 vosquoquauominam
936 1450 1040 1498 erma·
1095 1457 1173 1522 pato,
1201 1451 1332 1521 precibus
1362 1451 1418 1506 tuis
1445 1467 1543 1507 meum
1571 1449 1634 1505 erui
1661 1451 1831 1521 languorem
1860 1463 1946 1516 rogo.

193 1538 268 1588 bem
286 1537 415 1593 nestram
441 1533 545 1587 humili
567 1547 651 1604 prece
673 1532 872 1602 deposcimus:
899 1536 1041 1603 quomens
1095 1539 1221 1596 Multum
1234 1539 1312 1595 enim
1325 1538 1401 1595 „alet
1414 1536 1655 1611 deprecatiojmti
1669 1537 1787 1593 medua
1807 1538 1883 1610 (βαρ,
1903 1539 1945 1608 v),

193 1622 219 1675 ei
235 1621 285 1692 qui
298 1636 348 1676 ros
367 1622 396 1675 iu
412 1621 576 1676 cubiculum
592 1619 794 1692 mysteriorum
819 1634 937 1674 suorum
953 1620 1042 1673 iutro·
1095 1629 1153 1700 Ego
1169 1644 1235 1683 varo
1260 1631 1393 1699 peccator
1416 1643 1476 1682 non
1497 1627 1625 1683 modicus
1642 1627 1672 1681 jn
1693 1626 1859 1682 infirmitat„
1876 1642 1945 1680 ουρ.

194 1710 285 1779 duxit,
304 1727 404 1782 preces
423 1726 475 1782 pro
490 1709 573 1764 nobis
588 1708 785 1780 peccatoribus
799 1708 959 1778 dignemini
978 1707 1042 1763 lun·
1060 1684 1080 1738 B
1096 1717 1173 1789 poris
1188 1716 1349 1788 animmque
1378 1715 1535 1788 periculosa
1550 1715 1684 1784 obrutus,
1700 1715 1841 1787 explicam
1852 1717 1948 1770 multa

192 1801 270 1870 dere,
294 1817 351 1873 qne
377 1805 537 1856 vestrorum
561 1797 731 1852 meritorum
752 1797 970 1864 intercessione,
989 1813 1041 1852 nos
1096 1818 1221 1876 nequeo.
1242 1803 1352 1874 Scripta
1376 1803 1447 1858 mihi
1473 1803 1591 1858 visenda
1614 1819 1711 1874 quaeso
1734 1803 1820 1871 mitti,
1838 1803 1861 1856 si
1885 1819 1948 1874 qua

192 1896 252 1946 eta
265 1889 386 1961 peccatis
402 1894 430 1942 et
444 1888 480 1942 ab
497 1887 630 1943 hostibus
650 1886 808 1940 clementer
831 1885 966 1956 dignetur
987 1885 1041 1940 eri·
1096 1897 1163 1948 sunt
1183 1893 1213 1946 in
1240 1891 1345 1946 diriuis
1369 1891 1481 1963 agenda
1499 1891 1643 1961 mysteriis
1656 1890 1791 1962 delegari.
1809 1892 1885 1960 Vale,
1904 1891 1946 1946 mi

191 1993 273 2048 pere,
293 1982 323 2031 et
344 1977 379 2031 de
404 1991 567 2030 erumnose
598 1974 684 2045 hujus
709 1973 806 2028 seculi
829 1973 978 2045 neutragio
1005 1973 1041 2028 ad
1095 1980 1220 2048 domina,
1238 1985 1332 2051 etpro
1348 1979 1550 2050 meSponsum
1567 1983 1649 2034 tuum
1667 1995 1762 2034 exora.

193 2071 308 2120 aeternae
332 2062 518 2121 beatitudiuis
541 2067 570 2116 et
597 2061 755 2116 securitatis
778 2067 894 2131 portum
922 2078 1042 2116 onero-
1283 2068 1489 2124 RESPONSUM
1509 2067 1750 2124 HlLDEGAltDlS.

191 2153 300 2208 hiscum
326 2152 492 2223 perducere.
505 2151 663 2206 Proveniat
686 2167 734 2203 ros
749 2149 887 2204 Dominus
902 2150 933 2204 in
952 2150 1039 2206 hene·
1253 2157 1399 2212 Hortatur
1414 2158 1446 2210 ut
1471 2157 1510 2211 od
1526 2157 1617 2212 Deam
1638 2159 1780 2214 recurret.

192 2241 366 2298 dictionibus
388 2239 557 2305 dulcedinis,
580 2243 609 2293 et
625 2243 756 2293 orantem
777 2255 829 2310 pro
855 2238 1039 2294 uobiscxau·
1130 2245 1183 2311 Qui
1210 2249 1263 2312 est,
1291 2245 1382 2300 dicit:
1412 2245 1471 2300 ilex
1497 2243 1574 2300 videt
1603 2245 1707 2301 scalam
1738 2261 1802 2318 que
1826 2244 1946 2301 obtene-

191 2331 252 2387 diat
266 2333 349 2386 Pater
372 2330 462 2384 toties
478 2327 693 2383 consolationis.
716 2327 884 2381 Sanctarum
906 2343 971 2398 quo
992 2343 1040 2380 vo·
1092 2332 1175 2388 brata
1192 2337 1233 2388 est
1248 2333 1278 2387 in
1293 2333 1489 2388 vicissitudine
1503 2335 1685 2405 pestilentie.
1702 2335 1736 2390 Et
1754 2335 1793 2389 sol
1820 2335 1941 2400 effulsit,

190 2421 299 2475 hiscum
326 2423 355 2473 ct
378 2419 432 2475 sub
458 2422 552 2473 restro
574 2415 740 2487 magisterio
763 2415 887 2470 fideliter
910 2415 1040 2470 serviunt
1093 2427 1122 2476 et
1135 2421 1403 2477 obtenebrationem
1422 2422 1498 2476 illam
1514 2422 1604 2478 scidit.
1622 2423 1654 2478 Et
1669 2423 1721 2478 hoc
1742 2423 1803 2494 regi
1823 2423 1945 2494 placuit,

193 2507 315 2562 Domino
337 2511 434 2560 eostre
456 2509 523 2561 lesu
547 2504 659 2558 Christo
688 2506 859 2558 conventum
890 2504 1040 2559 humiliter
1093 2514 1123 2565 at
1146 2509 1217 2564 dixit
1241 2526 1249 2564 :
1277 2511 1341 2564 llaec
1378 2509 1487 2582 figitiva
1516 2510 1589 2565 scala
1616 2509 1645 2565 in
1674 2511 1842 2583 fatigatione
1877 2518 1942 2580 est,

190 2611 307 2667 perros
323 2594 481 2650 salutemus
498 2599 641 2648 eteorum
667 2591 846 2647 orationibus
871 2591 1040 2662 suppliciter
1093 2599 1162 2670 quia
1174 2598 1318 2654 interdum
1334 2599 1368 2654 ad
1394 2599 1482 2653 ardua
1499 2598 1620 2663 scandit,
1645 2602 1673 2653 et
1696 2599 1839 2654 interdum
1861 2601 1944 2654 obte-

190 2699 242 2738 uos
261 2681 506 2748 commendamus,
528 2685 558 2735 et
580 2679 718 2750 rescripta
741 2683 835 2733 restra
856 2678 1039 2734 emnideve-
1093 2685 1241 2741 nehretur.
1272 2684 1346 2739 Talis
1373 2690 1415 2739 est
1444 2692 1635 2752 menstua,e
1657 2685 1796 2753 homo,in
1823 2685 1869 2740 die
1889 2687 1943 2741 sci·

190 2771 268 2827 donc
283 2770 489 2825 desideramus.
1093 2773 1251 2827 scitationis
1265 2772 1355 2827 enimi
1368 2772 1421 2842 tui,
1439 2773 1567 2829 ascendis
1582 2773 1613 2828 in
1629 2773 1687 2828 lato
1708 2773 1813 2845 gaudie
1828 2775 1862 2830 ad
1880 2793 1940 2846 me,

379 2856 589 2914 RESPONSUM
609 2856 848 2912 ltttneotflhls.
1093 2861 1240 2916 etiterum
1262 2861 1290 2915 in
1311 2861 1411 2916 nociva
1425 2863 1587 2932 pestilentia
1607 2863 1676 2917 celis
1695 2863 1842 2920 cedentem
1859 2882 1940 2921 mor·

207 2949 354 3004 Hortatur
368 2950 399 3002 nt
410 2945 444 3003 ie
458 2947 519 3003 loco
532 2961 586 3002 sno
599 2948 654 3000 stet
668 2948 696 3000 et
717 2944 899 3017 vegetiorem
905 2944 1018 3017 sapiet.
1056 2967 1077 3020 g
1091 2951 1171 3011 bum.
1188 2949 1270 3022 qrrasi
1295 2965 1353 3005 uon
1380 2949 1559 3022 exquirenda
1587 2950 1622 3004 sit
1645 2965 1730 3005 causa
1751 2951 1861 3006 salutis.
1885 2954 1942 3008 lm-

226 3039 290 3091 llaec
304 3035 374 3090 dicit
395 3036 444 3089 illo
467 3033 518 3106 qui
539 3033 650 3088 bouem
672 3038 701 3089 et
720 3048 837 3088 suarem
858 3034 1037 3090 intellectum
1090 3037 1227 3110 possibile
1256 3043 1298 3093 est
1325 3039 1401 3111 quod
1429 3038 1502 3093 cinis
1531 3039 1685 3094 immobilis
1710 3039 1756 3094 sit.
1783 3040 1883 3111 Aspice
1903 3043 1940 3098 ad

190 3124 317 3179 infundit
341 3117 507 3178 hominibus
531 3139 538 3176 :
571 3121 763 3176 suavissimus
792 3121 864 3176 odor
895 3122 1036 3176 denorum
1090 3131 1322 3198 me‚etsemper
1340 3127 1453 3198 require
1469 3130 1650 3199 unguentum
1668 3127 1817 3181 medicina
1841 3127 1871 3182 in
1891 3129 1941 3182 die

189 3212 313 3284 Spiritus
335 3211 425 3266 sancti
449 3209 530 3265 adest
550 3208 685 3264 tldolibus
706 3208 892 3276 hominibus,
917 3208 982 3264 ideo
1006 3209 1036 3264 in
1091 3215 1164 3269 etin
1183 3214 1308 3282 turbine,
1329 3219 1357 3269 et
1383 3215 1411 3268 in
1433 3219 1574 3270 eternum
1600 3213 1686 3268 vires.
1716 3213 1820 3268 Puram
1840 3215 1937 3286 legem

190 3315 362 3372 quocunque
393 3299 455 3354 loco
482 3297 671 3352 sanctimonie
686 3300 738 3367 est,
764 3296 803 3352 ibi
829 3301 924 3368 petest
947 3296 1036 3353 homo
1090 3303 1201 3369 cele‚et
1215 3302 1391 3357 dubietatem
1406 3300 1484 3372 iege,
1501 3314 1530 3356 et
1545 3303 1619 3356 Deus
1636 3301 1756 3358 salvabit
1770 3307 1808 3358 te.
1870 3335 1875 3342 ·

190 3387 346 3443 restaurari
373 3385 410 3442 ed
435 3385 523 3466 ritem
545 3387 576 3439 in
601 3384 742 3456 nautrago
759 3385 891 3440 mundo:
916 3386 1036 3456 ende,e
1350 3407 1518 3464 Eppgpogg
1538 3407 1671 3464 nggflp

189 3476 279 3547 probe
292 3474 374 3529 miles
388 3471 503 3540 Christi,
519 3473 707 3526 salvationem
722 3473 826 3526 animae
837 3477 894 3528 tuas
909 3473 1035 3545 require,
1205 3513 1232 3551 ,L
1253 3512 1365 3551 ,mm
1384 3513 1412 3550 ,N
1430 3511 1545 3550 ,mmo
1564 3512 1598 3551 A„
1618 3511 1819 3552 mmmmm

188 3565 258 3620 dum
273 3565 337 3620 leus
352 3563 432 3617 vires
450 3561 580 3617 animem
603 3565 687 3615 tunm
708 3560 834 3616 infundit
853 3562 1035 3635 suevi2iulu-
1089 3587 1160 3641 Orat
1184 3591 1217 3642 ,a
1243 3585 1471 3657 ,imorem
1492 3585 1594 3667 P⁰⁸⁸i²=
1608 3585 1715 3642 mum
1737 3585 1938 3642 gummi,

188 3655 280 3724 sione,
295 3653 363 3724 quia
386 3649 547 3706 dubietates
572 3664 644 3721 quas
664 3649 788 3704 statuisti
809 3650 840 3705 in
861 3651 960 3705 animo
983 3655 1034 3706 tuo
1474 3659 1550 3711 salet.

188 3745 420 3812 uoneperantnr
442 3740 473 3794 in
496 3744 524 3794 to
543 3739 737 3793 mennatem.
761 3739 835 3811 Ergo
855 3740 885 3793 iu
905 3739 1033 3796 locetuo
1124 3744 1257 3799 Dominae
1272 3745 1304 3798 H.
1322 3759 1493 3815 sponsarum
1517 3743 1620 3800 Christi
1640 3757 1706 3814 quse
1729 3743 1840 3799 suntin
1868 3743 1936 3800 Pin-

186 3837 240 3900 sta,
261 3831 302 3885 ibi
320 3845 422 3885 amans
455 3828 581 3900 primum
603 3828 714 3895 datum,
741 3827 817 3898 qued
842 3826 892 3882 tibi
912 3827 1035 3900 desuper
1088 3832 1156 3904 gnie
1171 3831 1329 3887 venerabili
1353 3833 1509 3904 magistrae,
1536 3833 1567 3887 ll.
1584 3831 1613 3886 iu
1639 3832 1774 3903 Wadege,
1797 3835 1938 3903 prelatus

185 3920 286 3976 detem
313 3922 367 3985 est,
396 3932 461 3971 cum
488 3915 586 3970 anima
611 3919 662 3969 tua
687 3913 719 3969 in
742 3914 913 3970 rectitudine
931 3915 1033 3970 iterata
1087 3921 1218 3992 quemvis
1247 3921 1395 3992 indignus,
1425 3921 1585 3976 orationem
1610 3937 1675 3976 cnm
1703 3921 1865 3977 effectuosa
1894 3923 1937 3978 di·

185 4013 237 4075 est,
265 4005 403 4078 qnoniam
424 4003 539 4059 utilitati
567 4003 673 4058 anime
696 4008 754 4057 tuae
771 4019 831 4057 non
852 4003 986 4059 convenit
1003 4009 1033 4059 ut
1086 4009 1216 4064 lectionis
1230 4007 1377 4080 obsequio.

184 4095 273 4151 aliam
295 4093 522 4150 vicissitudinem
541 4107 664 4164 queres,
690 4091 740 4146 sed
763 4091 831 4162 lnge
851 4092 1031 4162 rogationem
1122 4095 1251 4152 Charitas
1282 4096 1343 4151 sine
1360 4095 1461 4151 allecta
1481 4093 1586 4166 frigido
1609 4094 1672 4166 igni
1691 4095 1838 4152 simillime
1857 4096 1937 4152 ride·

185 4184 269 4251 hunc,
295 4197 332 4238 ne
350 4197 433 4238 meus
451 4187 502 4235 toa
520 4178 549 4233 ie
573 4185 698 4235 tremere
717 4180 919 4235 contundetur.
950 4181 1032 4237 Nunc
1085 4189 1144 4242 tur.
1165 4185 1234 4241 Nam
1257 4185 1330 4240 sicut
1352 4183 1428 4256 iguis
1442 4185 1503 4240 siue
1523 4183 1634 4252 temore
1649 4184 1756 4240 terrum
1779 4185 1854 4242 terro
1867 4201 1937 4242 con·

183 4274 249 4330 tetis
264 4276 325 4328 esto
350 4275 383 4326 nt
406 4270 515 4326 amicus
536 4269 588 4324 liei
611 4269 673 4336 llas,
690 4273 718 4324 et
741 4284 801 4324 nen
823 4269 890 4340 luge
909 4270 1030 4326 cedmo-
1049 4263 1228 4344 ”glutinare
1256 4288 1315 4327 non
1347 4273 1432 4340 salet,
1461 4272 1553 4327 itaet
1583 4271 1707 4326 charitas
1733 4272 1795 4327 sine
1827 4273 1934 4330 attactu

184 4363 248 4418 nias
269 4360 329 4428 eei,
343 4365 372 4415 et
386 4360 460 4414 oeus
478 4356 600 4412 salvabit
614 4361 651 4412 to·
1084 4376 1234 4433 uunquam
1250 4359 1363 4415 efacere
1373 4362 1468 4430 potest
1482 4363 1513 4413 ut
1527 4357 1706 4413 credentium
1723 4357 1759 4413 sit
1772 4374 1821 4414 cor
1835 4375 1931 4417 unum

450 4461 617 4518 gpps'pogg
644 4461 763 4517 mxu,
1084 4453 1113 4504 et
1138 4448 1234 4503 anima
1258 4463 1316 4502 une
1344 4446 1372 4502 iu
1402 4447 1534 4502 Domine.
1566 4445 1694 4502 Charites
1718 4461 1785 4502 rere
1812 4449 1934 4521 ipsaest

183 4574 212 4613 n.
245 4569 448 4611 messanensis
486 4565 646 4606 nenasrreu
679 4565 836 4606 raevrsoius
867 4568 902 4606 au
934 4568 1029 4608 nune·
1082 4537 1247 4592 ⁸ff00211052·
1278 4537 1345 4590 ΗΜ
1378 4536 1504 4590 tflimffl
1534 4534 1681 4589 “thallim
1707 4535 1765 4589 ⁰0⁰
1791 4535 1868 4602 facil,
1899 4541 1934 4592 ui

545 4655 662 4694 omn,
1081 4638 1157 4678 unns
1182 4638 1247 4678 cum
1272 4639 1307 4678 eo
1335 4622 1457 4694 Spiritus
1484 4621 1632 4677 efficiatur.
1664 4623 1728 4678 liae
1746 4625 1824 4678 velut
1845 4625 1932 4679 uuill-

181 4733 268 4793 tlrcoi
283 4748 401 4806 praem
415 4727 587 4801 infimitate
605 4731 688 4801 optet
706 4729 813 4784 rescire
833 4745 874 4784 an
894 4727 1028 4786 latorum
1081 4726 1146 4766 cum
1168 4711 1266 4782 gluten
1288 4716 1397 4766 mentes
1417 4709 1546 4764 fidelium
1561 4710 1715 4778 connectit,
1735 4715 1766 4765 ut
1791 4712 1828 4765 sit
1842 4712 1932 4767 unlus

457 4799 527 4868 finis
539 4800 578 4854 sit
590 4799 748 4872 morimur.
1080 4800 1235 4855 voluntatis
1264 4799 1293 4854 in
1320 4799 1387 4866 ileo,
1420 4798 1542 4869 lecitque
1568 4797 1693 4869 gaudere
1712 4813 1776 4854 cum
1803 4799 1931 4870 gaudeu-

215 4896 384 4950 tlrcoeceeer
413 4888 619 4961 Pinguensium
651 4903 784 4959 gemme,
818 4887 924 4943 Christi
951 4903 1026 4943 rere
1079 4887 1167 4954 tibus,
1196 4891 1223 4942 et
1249 4886 1318 4941 llere
1344 4901 1410 4941 oum
1438 4884 1582 4940 lleutibus.
1604 4885 1670 4941 llac
1688 4889 1775 4953 certe,
1805 4887 1929 4943 homino

179 4997 301 5054 sponsae,
327 4977 451 5051 regelari
477 4992 592 5050 quoqne
615 4977 772 5048 discipline
796 4977 967 5044 iutormatae,
989 4979 1023 5033 ll.
1079 4975 1229 5047 largiente,
1255 4973 1484 5030 recordationem
1514 4973 1672 5029 sanctitatis
1692 4973 1838 5030 vestraein
1861 4991 1927 5030 sne·

178 5071 208 5126 iu
237 5069 389 5142 Augustini
419 5067 528 5139 ltegula
554 5065 692 5122 llamelen
717 5065 855 5136 indiguus
883 5065 1023 5136 previsor,
1078 5064 1166 5119 ritate
1189 5065 1279 5118 sancti
1304 5061 1410 5117 amoris
1431 5062 1589 5132 jucundam
1612 5061 1684 5117 mihi
1707 5062 1783 5118 tacit.
1809 5064 1871 5134 lpse
1895 5065 1927 5120 iu

176 5159 285 5214 devota
300 5158 466 5230 precisnon
482 5154 694 5211 abstinentiam.
1078 5150 1270 5206 celebratione
1296 5149 1386 5205 divini
1414 5149 1501 5204 ottlcii
1529 5151 1699 5206 memoriam
1728 5152 1815 5206 vestri
1843 5153 1926 5209 cordi

214 5246 346 5319 Longari
369 5243 509 5316 temporis
529 5243 681 5299 intervallo
705 5240 843 5312 spiritalis
864 5241 1021 5310 charitatis,
1076 5255 1142 5296 meo
1169 5254 1283 5310 semper
1310 5239 1479 5294 insusurrat.
1508 5237 1571 5309 lpse
1594 5239 1682 5294 etiam
1701 5238 1808 5294 crebris
1832 5242 1926 5312 suspi-

176 5335 295 5390 demum
323 5331 451 5405 corporis
480 5331 538 5386 mei
562 5328 734 5401 egritudine
762 5327 871 5396 crebra,
898 5344 1023 5400 prasen-
1076 5329 1137 5398 riis,
1153 5327 1289 5384 effectum
1308 5341 1405 5382 meum
1421 5326 1492 5382 mihi
1522 5331 1648 5398 exoptat.
1668 5328 1701 5383 et
1715 5327 1807 5383 multo
1822 5329 1925 5400 ntique

175 5422 246 5477 tiam
273 5425 354 5476 tuam
389 5419 495 5490 sepius
527 5417 669 5489 adoptari.
705 5415 814 5470 Novisti
844 5415 933 5483 enim,
962 5415 1022 5472 tllia
1075 5423 1205 5488 tempore
1229 5415 1387 5472 desiderari
1415 5415 1487 5471 tacis
1515 5415 1667 5470 adfaciem
1691 5431 1740 5472 ves
1763 5417 1871 5484 ridere,
1895 5427 1924 5476 et

101 5559 116 5586 ,
175 5509 291 5578 Christi,
307 5510 376 5566 dom
390 5508 441 5564 tibi
455 5508 640 5578 presentiam
665 5519 760 5562 meam
774 5504 921 5576 quondam
941 5504 1022 5560 exhi·
1076 5519 1126 5560 ore
1149 5505 1231 5560 edos
1252 5503 1342 5575 loqui,
1364 5504 1443 5561 etad
1464 5503 1688 5560 familiaritatem
1712 5509 1835 5562 rosham
1859 5521 1922 5578 per·
