3984 6034
141 237 192 294 tus
868 233 896 288 S.
918 229 1153 290 llttuhsstubts
1838 234 1886 290 llil

139 367 227 422 etiam
254 367 348 422 lucida
377 364 469 434 stella,
496 363 595 420 luceru
630 363 662 419 iu
697 363 822 418 tenebris
856 363 985 418 noctium
1005 362 1138 432 Atimus,
1153 379 1255 418 manus
1275 368 1386 418 nostrus
1409 361 1441 418 iu
1465 366 1573 418 vestras
1591 364 1705 432 dumus,
1719 366 1806 421 tidem
1829 366 1886 421 lldc

139 469 293 526 pravorum
315 452 483 521 homiuum;
507 455 535 506 et
561 451 644 507 velox
673 466 773 508 cervus
801 467 919 507 currens
951 451 986 506 ad
1040 451 1255 523 conjungimus,
1271 457 1365 507 totum
1380 467 1433 506 uos
1452 450 1790 509 vobiscommcudamus.
1806 456 1884 509 Pras-

139 543 248 599 loutem
277 556 359 614 aqum
392 541 472 596 vivre.
499 539 632 612 Respice,
667 540 736 612 quia
769 539 825 596 hoe
856 543 986 612 tempore
1041 544 1120 595 terea
1139 539 1247 595 librum
1274 557 1361 613 quem
1391 540 1454 612 ipss
1485 538 1583 595 divino
1609 540 1718 612 Spiritu
1746 540 1887 613 inspirata

140 629 226 687 multi
248 636 380 701 pastores
398 633 464 684 sunt
486 627 563 697 cuci,
587 627 682 684 cleudi
703 631 731 682 et
753 633 882 699 raptores
901 643 987 698 pseu-
1042 628 1203 702 scripsistis,
1231 635 1345 686 remote
1371 628 1450 686 omni
1471 627 1629 698 occasione,
1650 629 1718 702 quis
1736 647 1789 686 uec
1810 631 1887 686 volu·

139 718 195 776 uiae
220 717 333 784 mortis,
368 715 537 771 suffocantes
561 715 703 786 justitiam
738 715 800 772 Ilei.
828 715 883 772 Sed
914 717 987 772 usus
1044 731 1107 772 mus
1130 731 1184 772 uec
1201 732 1353 788 possumus
1374 732 1536 786 eocarere,
1563 716 1620 772 sive
1644 717 1804 789 imparatus
1828 718 1886 773 sive

141 805 232 863 sciens
259 805 366 874 omnia,
394 806 448 861 scit
474 805 524 861 ubi
547 804 697 877 pastoralis
725 819 794 860 cura
827 804 906 859 utilis
933 810 984 861 est.
1041 819 1110 873 non,
1124 819 1179 876 per
1191 804 1376 878 praesentium
1395 804 1563 877 portitorem
1585 804 1669 861 nobis
1692 804 1886 861 transmittere

141 895 209 951 ldeo
226 892 319 950 lldclis
333 894 421 949 homo
442 908 501 947 uou
523 893 679 949 circumeat
697 908 830 966 quaerens
843 892 986 964 praeletio
1041 907 1100 949 uon
1120 893 1274 963 dubitetis;
1297 893 1347 950 ubl
1371 896 1461 950 Deum
1485 894 1816 963 tentarenolumus,scd
1836 892 1884 949 ubi

139 999 218 1039 nem.
232 982 315 1049 Quod
328 983 352 1037 si
364 979 518 1054 quesierit,
538 980 569 1038 ln
592 981 723 1055 inquieta
744 985 842 1037 ruente
864 997 915 1036 sua
935 996 987 1053 po·
1041 980 1185 1037 mirabilis
1198 984 1260 1055 ejus
1275 982 1588 1042 vidersdcsidcrsmus.

140 1075 272 1128 testatem
297 1071 389 1143 mugis
408 1072 555 1142 voluptate
575 1074 726 1143 appetens,
751 1085 838 1143 quarn
859 1071 987 1126 volunts·
1228 1072 1435 1132 responsu!
1458 1070 1699 1130 lllLDEGAltlllS.

141 1166 199 1217 tem
214 1161 266 1217 llei
279 1159 442 1233 inspiciens,
458 1160 544 1232 lupus
557 1175 645 1232 rapax
668 1160 697 1216 iu
719 1175 843 1231 persona
863 1174 914 1214 sua
931 1163 986 1229 cst,
1041 1159 1169 1232 Mystico
1180 1165 1210 1218 et
1217 1159 1776 1233 utmnqucobseuretogss'tur;clcriorc
1789 1160 1885 1213 tumen

140 1255 169 1307 et
184 1250 280 1306 suisne
301 1249 390 1322 ipsius
411 1265 560 1322 uunquam
579 1248 684 1322 quaerit
704 1247 853 1321 spiritulia,
878 1247 925 1304 sad
946 1246 985 1303 ihi
1285 1250 1321 1306 de
1333 1249 1406 1306 libro
1421 1265 1474 1306 suo
1486 1247 1642 1322 mbiuugit.

140 1339 270 1396 Simonis
284 1345 336 1396 est.
355 1339 436 1396 Unde
450 1338 522 1395 etin
541 1337 644 1412 spiritu
666 1337 727 1394 tibi¹
742 1337 831 1394 dico:
855 1338 877 1394 0
899 1351 988 1409 quam
1077 1324 1197 1395 luveru'
1210 1337 1320 1394 visione
1342 1340 1404 1395 haec
1425 1336 1496 1409 vidi,
1515 1336 1581 1393 cudi
1602 1351 1697 1408 ergo:
1723 1333 1882 1401 Quemnam

141 1444 280 1501 magnum
306 1428 477 1484 miraculum
503 1434 547 1483 est
578 1428 610 1483 in
640 1427 797 1484 salvatione
823 1426 985 1482 animarum
1041 1427 1189 1484 hominem
1214 1427 1243 1482 in
1265 1428 1339 1483 vulla
1361 1427 1509 1500 cujusdem
1540 1426 1639 1497 magui
1672 1423 1781 1480 mantis
1802 1422 1885 1477 video

138 1516 292 1574 homiuum
309 1517 436 1584 illorum,
451 1518 501 1588 qui
512 1516 543 1571 iu
558 1517 726 1588 prmlatione
740 1516 847 1588 absque
860 1515 988 1572 Simonis
1042 1521 1176 1585 stantem,
1191 1516 1241 1590 qui
1255 1517 1403 1589 optionem
1418 1514 1449 1572 in
1471 1519 1556 1587 gustu
1580 1513 1683 1568 enimse
1704 1528 1763 1567 sum
1786 1510 1882 1568 hebet.

140 1610 218 1676 sunt,
242 1622 313 1679 quos
334 1607 409 1662 lleus
435 1605 476 1661 ita
500 1605 625 1678 inspicit,
650 1604 726 1677 quod
755 1604 847 1677 gloria
872 1605 935 1676 ejus
955 1605 985 1660 iu
1042 1605 1077 1660 Et
1097 1603 1173 1660 idem
1197 1605 1286 1661 homo
1309 1604 1400 1660 mittit
1429 1603 1595 1676 opinionem
1622 1617 1710 1674 quam
1736 1600 1833 1666 habet,
1856 1598 1886 1655 in

140 1693 211 1766 ipsis
225 1710 284 1750 nou
297 1694 500 1762 obumbratum
516 1694 563 1750 sed
577 1693 645 1749 fucit
668 1694 697 1749 in
720 1692 790 1765 ipsis
813 1693 891 1748 velut
906 1691 986 1748 lortis
1005 1661 1027 1718 Β
1042 1691 1222 1748 altitudinem
1238 1691 1367 1763 ejusdem
1384 1689 1500 1759 montis,
1514 1705 1564 1744 aer
1574 1688 1665 1760 ipsius
1686 1687 1793 1742 montis
1807 1686 1886 1741 illam

140 1782 271 1851 hellutor,
289 1783 407 1854 quihoc
426 1781 531 1852 studet,
547 1797 584 1838 ue
606 1781 642 1836 ab
665 1781 725 1836 ullo
749 1784 908 1853 superetur,
936 1780 986 1836 sed
1040 1778 1167 1852 suscipit,
1192 1779 1234 1835 ltu
1255 1780 1331 1852 quod
1355 1779 1424 1835 iude
1458 1778 1578 1850 igneum
1613 1777 1738 1833 colorem
1773 1773 1886 1847 accipit,

140 1873 173 1924 ut
189 1869 307 1925 victoria
331 1868 424 1942 ipsius
447 1869 558 1925 stubilis
583 1867 628 1924 sit.
651 1869 732 1924 Nunc
755 1869 822 1924 sudl
847 1883 854 1923 ε
875 1867 922 1925 Sic
944 1869 986 1924 ls-
1041 1867 1115 1922 sicut
1138 1867 1234 1924 oleum
1259 1867 1336 1939 quod
1359 1867 1396 1923 ab
1415 1866 1483 1938 igne
1509 1865 1682 1922 accenditur.
1700 1863 1754 1920 Sed
1770 1863 1885 1918 munda

139 1962 218 2013 stum
233 1958 319 2013 estin
333 1957 394 2012 lllia
409 1972 472 2012 mea
498 1955 641 2022 hubardi,
668 1972 757 2028 quem
779 1956 869 2013 illlam
893 1971 986 2012 meum
1041 1971 1107 2012 sves
1122 1972 1186 2028 quus
1204 1957 1240 2012 ab
1261 1955 1419 2012 immundis
1442 1961 1579 2028 separutse
1604 1958 1682 2022 suut,
1706 1951 1834 2017 veniunt,
1858 1952 1888 2004 et

140 2045 276 2113 nomino,
299 2045 367 2118 quis
390 2045 476 2117 plana
499 2044 623 2100 charitas
637 2044 668 2099 iu
685 2044 782 2100 suisne
802 2046 934 2101 messuit
952 2045 987 2101 ad
1040 2061 1137 2101 aerem
1157 2044 1240 2103 illum
1263 2043 1294 2101 iu
1316 2045 1376 2100 alas
1400 2060 1466 2101 sues
1489 2042 1657 2114 suscipiunt,
1678 2046 1707 2097 et
1730 2039 1797 2097 iude
1815 2039 1887 2094 ccle-

139 2132 243 2206 ipsam,
269 2132 407 2205 quonium
439 2131 535 2188 vivens
566 2132 616 2188 lun
639 2131 669 2188 in
698 2131 854 2189 fortissime
877 2131 987 2190 visione
1041 2151 1087 2190 rsa
1101 2134 1131 2190 in
1143 2136 1238 2190 volatu
1259 2150 1311 2189 suo
1324 2132 1408 2189 liunt.
1430 2133 1511 2199 Quod
1531 2129 1726 2188 nobilissimus
1747 2132 1832 2184 Pater
1845 2126 1887 2182 vi·

141 2221 239 2278 docuit
252 2221 391 2294 meipsum
407 2237 514 2278 amare.
531 2221 623 2277 dudi:
641 2221 715 2278 heus
729 2237 792 2277 eam
809 2222 840 2277 in
857 2222 911 2277 hoc
927 2222 988 2277 zelo
1041 2223 1124 2291 dens,
1146 2223 1236 2279 dicit:
1254 2222 1333 2279 Unde
1356 2221 1481 2279 venitis?
1504 2221 1572 2288 Qua
1595 2219 1793 2292 respondent:
1818 2216 1886 2282 Oui-

140 2310 252 2376 hebuit,
277 2311 354 2383 quod
381 2311 514 2382 voluptas
541 2311 636 2366 smculi
662 2309 742 2366 illam
774 2310 909 2382 amplecti
930 2325 988 2366 uon
1041 2311 1108 2367 dam
1131 2311 1243 2367 alienus
1266 2311 1353 2367 homo
1373 2309 1403 2366 iu
1428 2310 1501 2365 ualle
1519 2307 1627 2364 montis
1648 2313 1736 2374 stuus,
1753 2303 1886 2360 suavissi-

141 2399 249 2472 potuit;
275 2399 323 2454 sed
347 2401 447 2454 eontra
477 2415 540 2454 eum
577 2399 729 2472 puguuvit,
766 2399 896 2471 quumvis
926 2388 988 2470 lps'a
1041 2415 1122 2455 muru
1137 2402 1256 2456 ventum
1274 2398 1303 2455 iu
1319 2396 1501 2455 altitudinem
1521 2395 1611 2468 ipsius
1625 2395 1660 2450 ed
1681 2409 1734 2448 uos
1748 2393 1836 2459 misit,
1858 2395 1887 2445 et

141 2487 220 2543 velut
235 2487 330 2542 tlosiu
345 2486 561 2558 pulchritudine
582 2491 611 2543 ct
634 2487 738 2543 decore
761 2487 790 2542 in
815 2485 989 2560 symphonia
1041 2487 1108 2542 iude
1130 2488 1242 2544 veloces
1263 2489 1344 2544 facts*⁴
1368 2501 1468 2542 sumus
1490 2484 1525 2540 ad
1549 2484 1704 2539 volendum
1725 2481 1760 2537 ed
1792 2486 1829 2536 te.
1854 2481 1887 2534 Et

140 2573 228 2648 hujus
262 2577 358 2631 surculi
388 2579 549 2649 appareret.
583 2575 637 2631 Sed
668 2577 737 2632 dum
760 2575 823 2648 ipsa
844 2576 937 2631 adbuc
957 2575 988 2630 in
1042 2574 1119 2632 idem
1134 2574 1341 2648 paterfamilias
1363 2575 1397 2631 ad
1421 2591 1469 2630 eas
1491 2571 1582 2629 dicit:
1607 2573 1664 2626 lste
1686 2571 1772 2626 homo
1788 2585 1887 2641 quem·

142 2680 263 2737 corpore
277 2665 395 2732 viveret,
408 2664 506 2719 audivi
522 2664 557 2721 de
572 2665 633 2736 ipsa
653 2663 684 2720 in
698 2680 764 2720 veru
785 2663 893 2720 visione
908 2663 964 2719 dici
979 2680 986 2718 :
1041 2661 1084 2718 vis
1097 2663 1209 2735 alonge
1219 2667 1305 2720 stetu
1322 2679 1368 2719 ure
1384 2667 1480 2719 tamen
1494 2667 1614 2735 propter
1626 2675 1742 2715 cursum
1766 2673 1824 2730 quo
1837 2673 1887 2712 vos

141 2751 338 2825 Orirginitas,
361 2751 391 2808 lu
413 2751 503 2825 regali
526 2753 654 2810 thalamo
676 2759 742 2810 stas.
770 2754 833 2826 lpse
855 2753 933 2809 enlm
958 2752 988 2809 iu
1043 2751 1079 2807 ad
1102 2767 1149 2806 me
1173 2751 1262 2821 misit,
1285 2753 1352 2807 volo
1387 2750 1467 2806 illum
1489 2765 1597 2807 amere.
1616 2748 1671 2814 Oui
1692 2753 1792 2804 autem
1814 2746 1887 2802 bene

141 2841 270 2915 virginea
283 2841 363 2914 virga
377 2840 407 2897 iu
423 2840 603 2898 sanctissimo
624 2841 724 2898 ordine
746 2843 912 2898 societatem
934 2842 988 2896 he·
1042 2841 1104 2896 vult
1116 2841 1245 2912 vigilare,
1265 2841 1344 2896 huuc
1355 2839 1531 2895 intellectum
1553 2837 1702 2910 percipiet.
1719 2838 1793 2892 lleus
1816 2835 1888 2891 mul-

140 2931 198 2994 bet,
220 2931 297 2987 uude
317 2931 384 2986 fitia
407 2929 475 2987 Sion
498 2931 633 3003 gaudent.
658 2929 714 2986 Sed
736 2935 833 2987 temen
854 2928 989 3003 antiquus
1008 2929 1128 3012 Ctoties
1143 2936 1261 3002 propter
1275 2929 1420 2986 orationes
1445 2933 1619 2997 sanctorum,
1642 2927 1679 2982 de
1700 2926 1777 2998 lupis
1800 2939 1889 2995 agnos

142 3036 260 3092 serpens
284 3019 375 3075 voluit
397 3035 462 3076 eam
486 3035 503 3074 a
525 3020 609 3076 beato
632 3018 743 3074 honore
767 3018 913 3075 retrabere
937 3035 990 3091 per
1044 3017 1120 3086 iacit,
1143 3016 1216 3073 sicut
1239 3016 1327 3073 ctiam
1351 3017 1386 3072 de
1411 3016 1609 3088 peccatoribus
1630 3015 1733 3086 justos.
1759 3013 1839 3070 Unde
1860 3018 1889 3068 et

143 3107 231 3164 sltem
264 3108 489 3179 generositatem
525 3106 734 3164 humanitatis.
768 3107 821 3164 Sed
859 3123 989 3164 summus
1044 3106 1093 3179 qui
1107 3105 1204 3161 omnia
1222 3104 1310 3175 novit,
1321 3104 1413 3162 dicit:
1435 3105 1506 3161 Vide
1526 3120 1562 3159 ue
1580 3105 1669 3160 Deum
1693 3102 1723 3158 in
1745 3101 1889 3174 speluncis

140 3194 228 3267 juder
244 3195 330 3251 traxit
342 3196 415 3251 hanc
428 3195 517 3251 llliam
539 3196 683 3251 maamad
706 3211 746 3263 se,
762 3195 930 3252 abscindens
954 3196 989 3251 de
1043 3195 1189 3251 latronum
1223 3210 1302 3249 umes
1322 3199 1352 3249 et
1372 3209 1408 3249 ne
1440 3194 1535 3265 ipsum
1557 3192 1587 3248 in
1610 3190 1782 3247 sanitatibus
1800 3189 1890 3245 nomi-

143 3282 195 3339 illa
218 3299 336 3338 omnem
360 3283 517 3340 humanam
544 3283 678 3357 glorium.
703 3284 782 3340 Unda
805 3284 900 3339 anima
926 3299 989 3340 mea
1043 3297 1105 3347 nes,
1127 3282 1167 3339 ita
1194 3283 1271 3357 quod
1301 3284 1392 3339 lleum
1411 3287 1523 3338 tentum
1545 3281 1575 3336 iu
1600 3280 1694 3337 verbis
1718 3279 1841 3346 invoces,
1862 3281 1890 3333 et

145 3386 281 3444 magnum
302 3370 437 3429 fiduciam
461 3373 547 3429 habet
579 3371 609 3428 in
636 3388 680 3442 ea,
710 3371 840 3446 quamvis
866 3373 991 3428 mundus
1045 3371 1145 3428 uouin
1162 3371 1307 3443 operibus.
1332 3371 1386 3438 Qui
1406 3371 1436 3426 in
1456 3371 1542 3427 verbo
1558 3370 1697 3442 loquitur,
1713 3367 1755 3423 illl
1774 3383 1891 3440 respon·

145 3461 295 3533 pulchram
319 3461 442 3517 formam
470 3466 499 3517 at
523 3461 706 3533 prudentiam
737 3459 837 3533 ipsius,
862 3461 930 3517 dum
960 3460 991 3516 in
1046 3459 1312 3532 dehosquiautem
1327 3458 1357 3514 iu
1374 3457 1668 3532 verbuloquitur,illi
1688 3456 1888 3511 alienussum.
1986 3492 1987 3497 κ

146 3562 264 3618 corpore
281 3547 397 3618 viveret,
414 3546 556 3620 diligeret.
573 3547 626 3604 Sed
643 3549 716 3604 Deus
731 3546 811 3602 illurn
834 3547 899 3620 plus
922 3547 993 3602 dilc-
1047 3550 1118 3605 Num
1139 3548 1351 3604 contumaciam
1376 3548 1470 3616 deleo,
1491 3552 1519 3602 et
1542 3545 1800 3602 contradictionem
1823 3544 1890 3598 illo-

145 3635 195 3690 xlt.
211 3634 317 3692 ldcirco
334 3634 429 3691 uoluit
450 3637 524 3691 Deus
545 3633 665 3690 amicum
688 3651 771 3690 suam
786 3634 855 3690 dare
876 3633 992 3690 inimico
1045 3653 1111 3693 rum
1141 3636 1191 3708 qui
1214 3653 1261 3692 me
1284 3640 1488 3705 contemnunt,
1518 3651 1571 3707 per
1595 3634 1797 3705 memetipsam
1827 3647 1891 3687 con-

144 3723 319 3792 amatori,id
336 3725 507 3780 astmuudu.
528 3725 608 3780 Nunc
629 3729 703 3792 lu,o
726 3725 821 3792 chere,
838 3724 938 3779 sedens
962 3723 992 3778 lu
1047 3726 1192 3794 terollae,
1208 3742 1250 3780 vra
1267 3725 1342 3780 melo
1357 3725 1523 3797 iniquorum
1539 3720 1736 3795 spernentium
1756 3737 1812 3777 me.
1831 3721 1891 3777 Hoc
1986 3774 1987 3791 ,

145 3812 206 3868 vice
220 3813 335 3883 Christi,
352 3813 456 3886 perfice
471 3813 648 3869 voluntetem
673 3811 776 3868 suimus
800 3811 905 3868 sororis
923 3818 990 3881 ture,
1046 3814 1124 3882 audi,
1141 3831 1158 3869 o
1177 3814 1274 3882 bomo,
1291 3815 1315 3868 sl
1338 3813 1434 3868 vivere
1452 3812 1507 3881 vis;
1524 3811 1653 3884 alloquin
1677 3810 1789 3883 gladius
1810 3825 1892 3865 meus

146 3902 284 3973 quonlam
299 3902 424 3973 postulat
443 3901 596 3957 necessitas
617 3900 798 3958 obedientia.
823 3901 855 3956 Et
878 3907 910 3956 ut
931 3901 993 3972 ipsa
1046 3901 1188 3975 percutiet
1209 3908 1247 3958 tc.
1269 3904 1350 3959 Nunc
1370 3906 1510 3970 autem,o
1531 3905 1628 3973 pastor
1648 3898 1748 3972 populi
1770 3897 1821 3968 tui,
1838 3913 1892 3970 ego
1986 3898 1987 3905 ’

146 4003 261 4061 semper
282 3988 404 4045 sollicita
424 3989 481 4045 tuit
504 4005 558 4062 pro
578 3994 616 4058 te,
644 3988 683 4044 itu
702 3993 731 4044 et
756 4005 834 4045 nunc
854 3994 915 4045 cato
939 4003 993 4061 pro
1048 3991 1224 4062 paupercula
1238 3989 1344 4062 scripte
1366 3987 1511 4043 veracium
1534 3987 1677 4043 visionum
1696 3987 1814 4042 istsrum
1840 3984 1891 4040 tibi

31 4117 38 4132 ,
147 4078 245 4135 anima
259 4077 361 4150 ipsius,
377 4083 405 4134 et
426 4077 471 4134 fac
492 4077 569 4134 bona
589 4094 677 4151 opera
692 4078 849 4135 secuudum
865 4077 992 4134 studium
1048 4077 1123 4143 misi,
1156 4077 1230 4132 sicut
1263 4076 1368 4150 petisti,
1397 4074 1470 4131 nibil
1499 4074 1618 4131 humani
1641 4073 1750 4146 ingenii
1778 4078 1808 4128 et
1829 4088 1893 4146 pro

146 4165 246 4239 ipsius.
265 4167 344 4222 Unde
359 4172 454 4239 ctego
477 4165 720 4238 ainciodolorem
742 4167 824 4224 illum
849 4167 883 4222 dc
908 4166 994 4222 corde
1048 4167 1118 4241 prise
1135 4165 1290 4222 voluntatis
1311 4180 1383 4221 mere.
1404 4164 1592 4235 continentis,
1618 4166 1665 4220 sed
1697 4179 1760 4236 quac
1790 4162 1891 4218 indeli-

147 4269 213 4310 meo
229 4269 316 4326 quem
327 4253 399 4310 mihi
413 4252 502 4310 iecisti
518 4253 549 4310 iu
571 4255 624 4310 her
647 4254 708 4311 illia
728 4271 800 4311 mea.
826 4258 900 4312 licus
924 4270 993 4311 con·
1012 4253 1127 4310 llcieus
1152 4254 1253 4309 lumen
1276 4251 1483 4326 compositione
1513 4269 1579 4322 sne,
1605 4260 1635 4309 et
1664 4251 1772 4308 eisdem
1800 4249 1893 4307 verbis

147 4344 230 4400 cedat
251 4342 304 4399 tibi
324 4359 377 4415 per
406 4341 542 4416 suffragiu
569 4348 734 4402 sauctorum
766 4359 861 4401 rorem
893 4343 991 4416 gratiae
1050 4340 1233 4398 manifestare
1245 4342 1347 4410 voluit,
1367 4341 1512 4414 quomodo
1534 4339 1587 4396 sibi
1608 4338 1725 4413 placuit,
1751 4352 1817 4393 cum
1840 4351 1893 4392 uec

147 4445 205 4488 sum
229 4436 258 4489 ct
279 4430 395 4488 beetam
421 4433 686 4489 remunerationem
709 4433 739 4489 iu
756 4433 854 4490 futuro
877 4434 991 4490 saeculo.
1049 4430 1144 4504 ipsum
1157 4431 1328 4503 quodsum
1346 4429 1397 4486 tibi
1412 4429 1515 4500 scribo,
1536 4427 1654 4502 ingenio
1671 4443 1747 4496 meo,
1763 4443 1816 4484 uec
1834 4425 1893 4481 ullo

457 4517 624 4574 urlsrohs
643 4519 686 4574 xl.
1048 4520 1178 4577 humano
1194 4519 1324 4591 arbitrio,
1346 4520 1396 4576 sed
1415 4535 1541 4593 superne
1564 4514 1728 4574 ostensione
1748 4515 1889 4588 composi-

148 4621 265 4662 srsonm
292 4621 467 4663 summamus
496 4621 695 4664 sucularrscorr
721 4625 755 4664 su
787 4621 992 4666 urnurcsuoru.
1048 4609 1170 4667 tumuit.

413 4694 529 4752 Librum
542 4695 635 4770 ipsius
648 4693 731 4768 petit.
1351 4698 1512 4754 EPlSTOLh
1536 4697 1593 4752 llll.

182 4787 331 4840 hunuanus
365 4785 398 4840 u.
423 4801 451 4858 g.
475 4784 653 4842 coloniensis
673 4785 912 4858 archiepiscopus,
933 4785 996 4842 lhn·
1049 4800 1202 4843 suasurum
1225 4800 1424 4841 sucurrrrscorr
1446 4799 1612 4840 ruvsvrrrsrs
1634 4798 1669 4837 so
1693 4795 1892 4849 avenacarmen.

148 4885 266 4929 uressnr
301 4873 424 4928 lucerne
466 4872 579 4930 ardenti
609 4874 640 4929 in
672 4874 759 4930 domo
799 4873 923 4944 Domini,
959 4875 994 4930 de
1049 4875 1159 4932 Sancta
1171 4872 1302 4948 precibus
1319 4888 1350 4930 se
1366 4871 1588 4929 commendaret
1602 4871 1665 4942 q'us
1679 4869 1794 4928 litteras
1812 4868 1893 4942 petit.

148 4967 247 5018 monte
279 4961 307 5019 S.
332 4963 459 5035 liuberti,
490 4962 520 5019 in
542 4962 721 5036 protectione
744 4962 795 5019 liei
826 4963 888 5020 coeli
919 4978 995 5019 com·
1084 4962 1250 5019 tuvavensls
1275 4962 1402 5018 Ecclesia
1436 4962 1488 5018 liei
1517 4959 1610 5035 gratia
1636 4960 1765 5016 minister
1795 4964 1824 5015 et
1854 4975 1896 5013 ar-

149 5049 267 5106 mareri.
1050 5050 1257 5125 chlepiscopus,
1278 5051 1347 5108 licet
1368 5050 1513 5123 indignus,
1537 5042 1719 5106 lluoacauors
1750 5048 1842 5104 sorori
1867 5053 1896 5103 et

182 5136 211 5193 Sl
224 5137 296 5194 bene
320 5137 429 5204 valetis,
452 5143 482 5194 et
503 5137 602 5195 omnia
623 5153 687 5212 quea
704 5137 778 5195 circa
791 5155 840 5195 ros
860 5143 938 5208 suut,
954 5137 996 5194 di·
1050 5141 1194 5212 magistrae
1215 5141 1250 5197 da
1271 5141 1300 5198 S.
1326 5140 1450 5197 Roberto
1472 5140 1503 5195 in
1527 5139 1636 5211 Pingis,
1661 5137 1803 5211 quidquid
1821 5138 1897 5192 valet

148 5224 284 5298 riguntur
298 5243 314 5282 u
328 5227 463 5297 Domino,
484 5228 708 5300 congaudemus.
733 5229 787 5286 Sed
810 5233 838 5285 ct
861 5244 913 5284 uos
936 5243 995 5284 ma·
1050 5227 1207 5302 peccatoris
1237 5227 1340 5299 oratio,
1366 5233 1481 5301 etpost
1507 5227 1594 5299 hujus
1623 5225 1717 5282 carnis
1740 5231 1895 5297 tropaeum,

148 5311 210 5370 ritis
232 5315 333 5372 vestris
353 5317 507 5374 valeamus.
524 5316 596 5383 Quis
619 5316 696 5373 enim
711 5317 753 5374 uti
770 5317 882 5390 jamdiu
901 5317 997 5390 dispo-
1050 5319 1086 5373 ad
1102 5318 1253 5389 amplexus
1275 5318 1398 5374 coelestis
1421 5315 1518 5389 sponsi
1543 5331 1609 5372 cum
1630 5312 1821 5387 prudentibus
1841 5314 1899 5369 vir·

149 5403 270 5472 suimus,
295 5404 330 5459 ud
355 5420 402 5460 vos
421 5404 540 5461 minime
562 5405 661 5462 venire
681 5405 838 5477 valeamus,
854 5405 885 5461 iu
908 5423 996 5479 qusu-
1050 5406 1165 5478 ginlbus
1199 5405 1320 5462 introire
1349 5405 1461 5478 (blattis.
1498 5404 1573 5474 xxv).
1609 5403 1668 5474 Ego
1699 5405 1834 5474 mccstor
1866 5400 1896 5455 iu

149 5496 212 5547 tum
228 5492 477 5564 inpraesentiarum
501 5510 665 5567 possumus,
691 5511 743 5552 nos
767 5495 847 5551 vobis
867 5496 996 5551 commit·
1050 5495 1124 5552 valle
1138 5496 1331 5567 lacrymarum
1349 5494 1471 5566 positus,
1490 5491 1589 5549 multis
1612 5491 1709 5547 sucull
1730 5489 1897 5547 turbinibus
