3984 6034
888 179 916 235 S.
937 178 1172 240 uttuucouots
1848 193 1902 250 204

412 314 578 372 EPISTOLA
596 315 735 372 lllllllllll.
1015 321 1037 374 Α
1054 337 1110 391 qua
1135 322 1208 376 Deus
1228 321 1375 377 constituit
1398 322 1628 393 plantationem,
1657 341 1721 398 qum
1746 327 1777 382 in
1793 332 1901 387 excelso

294 420 405 461 assuris
423 422 446 461 s.
467 421 585 460 orsrsoor
603 422 638 460 so
658 418 858 462 sinuessanus.
1054 409 1263 480 resplendetur,
1287 417 1318 465 ut
1338 415 1443 466 statuta
1465 413 1599 467 columna
1618 413 1794 484 tulgtoriosa
1816 435 1847 473 ss
1871 421 1899 474 in

154 509 275 567 pappi
287 511 476 583 ,5qust
497 510 629 567 pfflpogo
645 512 1000 568 pemsmpaermgm.
1053 499 1265 569 preparatione
1285 499 1346 568 Dei,
1365 501 1405 566 Et,
1427 500 1580 555 oaltitudo
1595 503 1711 570 montis,
1735 520 1799 576 qum
1823 523 1901 562 nun-

187 581 241 649 rit,
266 581 325 654 ipsi
349 581 475 655 operiet.
504 581 638 637 Precibus
664 583 728 654 ejus
753 583 838 640 enirc
864 600 896 638 ee
920 598 998 639 com·
1054 601 1141 656 qrrarn
1163 586 1348 658 dissipaberis
1380 589 1409 642 in
1442 587 1615 644 discretione
1640 591 1698 646 Dei.
1725 593 1764 646 Tu
1799 597 1897 648 tamen

187 653 314 708 maai·
1054 679 1147 729 stasa
1171 675 1255 747 louge
1278 681 1310 731 ut
1334 677 1428 742 cssul;
1444 676 1563 730 sednon
1586 681 1629 733 est
1651 678 1681 732 in
1695 686 1837 749 potestate
1853 699 1899 736 ar-

188 761 265 816 Cuuo
280 760 368 816 abbas
382 760 416 816 dc
437 765 534 815 monte
557 761 585 816 S.
609 759 748 829 bisibodi,
765 760 830 815 licet
851 761 998 832 indignus,
1053 761 1124 816 mati
1138 763 1187 834 qni
1203 768 1230 817 te
1250 763 1353 835 rapiat.
1378 763 1433 819 Sed
1453 768 1525 827 et‚u
1547 765 1651 836 praesul
1673 783 1746 820 verre
1767 768 1900 836 civitatis,

154 851 323 906 Hieremiam
344 849 470 904 dominre
494 853 523 902 et
550 848 636 902 matri
662 863 721 902 sue.
745 847 934 903 dilectissime
964 849 999 903 de
1054 849 1104 921 qui
1118 850 1269 922 intemplo
1284 852 1430 923 angularis
1444 853 1547 922 lapidis
1562 854 1720 909 ascendens
1739 855 1769 910 in
1784 858 1899 926 coslum,

151 939 244 994 llonta
260 938 289 992 S.
306 937 542 1008 lloberti,gratia
558 936 762 992 Deitantillrm
780 937 858 1008 quod
874 941 927 992 est.
1053 937 1178 994 interra
1206 945 1367 1010 prostratus
1398 941 1477 996 luisti
1497 947 1617 1012 propter
1641 937 1749 1011 Deum}
1760 950 1794 1000 ut
1817 962 1900 1017 pere-

187 1026 260 1092 Quia
273 1025 359 1080 variis
377 1025 524 1080 hincinde
548 1024 724 1096 prepeditus
745 1025 996 1096 occupationibus,
1053 1025 1189 1094 grinosa
1221 1028 1330 1083 semine
1368 1029 1479 1097 mundi,
1519 1029 1688 1085 desiderasti
1722 1034 1802 1088 exsul
1837 1035 1900 1090 lieri

152 1114 334 1186 paratiquod
353 1120 468 1185 tompus
490 1113 640 1184 supersedi
661 1113 794 1180 invisere,
815 1115 1000 1170 salutarevos
1053 1122 1170 1187 propter
1183 1132 1312 1172 amorem
1327 1117 1482 1174 Christi.0
1504 1134 1588 1173 mons
1608 1119 1712 1175 clausas
1732 1122 1846 1190 mentis,
1868 1127 1901 1178 tu

152 1208 181 1258 et
204 1201 325 1274 alloqui,
351 1206 468 1274 accepta
496 1207 565 1257 tunc
598 1202 814 1272 opportunitate
845 1202 997 1274 temporis,
1054 1203 1166 1259 assidue
1196 1205 1347 1275 pulchram
1367 1205 1469 1260 faciem
1490 1206 1629 1277 aperuisti
1653 1207 1683 1262 iu
1713 1212 1829 1281 speculo
1852 1227 1901 1266 co·

153 1308 187 1347 eo
202 1308 250 1347 me
274 1291 411 1347 attentius
435 1290 614 1346 orationibus
632 1291 736 1346 restris
758 1292 918 1358 committo,
939 1307 998 1364 quo
1053 1292 1171 1348 lumboe.
1198 1295 1238 1347 Tu
1264 1293 1295 1348 in
1323 1293 1460 1348 absconso
1490 1293 1598 1350 latuisti
1624 1295 1784 1351 inebriatus
1812 1300 1900 1354 odore

151 1397 209 1448 rue,
224 1382 297 1452 proh
313 1379 408 1434 dolor!
425 1378 580 1434 inveterari
596 1379 692 1449 potius
716 1379 746 1432 in
770 1384 925 1450 augmento
949 1379 997 1435 de·
1052 1379 1156 1436 florum
1170 1398 1222 1452 per
1237 1383 1378 1436 cancellos
1397 1385 1561 1438 sanctorum
1584 1385 1711 1439 emicans
1734 1387 1802 1441 lieo.
1824 1388 1901 1443 Ocu-

151 1468 222 1535 licti,
243 1484 331 1540 quam
350 1467 382 1522 in
396 1466 494 1539 aliqua
516 1466 646 1537 proiectu
668 1466 789 1536 justitiae
811 1482 995 1537 recognosco.
1051 1469 1112 1524 lum
1141 1469 1171 1523 in
1199 1470 1326 1524 clavibus
1355 1472 1433 1536 coeli,
1461 1471 1537 1542 quod
1570 1478 1689 1544 propter
1720 1475 1900 1545 perspicuam

152 1556 206 1612 Sed
230 1557 298 1627 quia
320 1556 454 1610 sauctitas
477 1560 570 1609 restrs
596 1555 625 1609 in
647 1571 680 1609 cc
701 1556 753 1627 qui
775 1571 827 1609 nec
848 1556 922 1612 fallit
946 1571 999 1611 nec
1051 1557 1140 1612 vitam
1156 1558 1296 1613 mundum
1312 1559 1476 1622 vendidisti.
1493 1560 1547 1614 hoc
1564 1567 1718 1628 certamen,
1736 1563 1810 1617 alme
1830 1580 1899 1618 con·
1967 1609 1968 1614 ,

151 1644 270 1712 fallitur,
294 1644 421 1715 plurima
453 1649 561 1698 secreta
588 1643 690 1714 spiritu
713 1644 799 1707 videt,
821 1645 955 1714 peto,¹ut
974 1645 999 1699 si
1054 1647 1154 1713 leesor,
1176 1663 1290 1718 semper
1318 1648 1426 1702 habens
1453 1648 1483 1702 iu
1520 1649 1649 1704 Domino.
1685 1649 1716 1705 ln
1744 1656 1793 1706 tua
1822 1652 1900 1707 enim

151 1749 209 1804 qua
229 1733 265 1788 de
284 1738 406 1805 patrono
427 1737 525 1788 nostro
556 1731 641 1786 beato
668 1731 800 1786 Disibodo
823 1733 898 1786 Deus
919 1732 1000 1788 vobis
1054 1740 1160 1802 mente,
1187 1735 1250 1790 lons
1274 1735 1353 1790 vivus
1374 1736 1532 1790 clarissima
1552 1737 1613 1792 luce
1635 1738 1803 1808 purissimos
1822 1740 1901 1794 rivos
1967 1789 1968 1798 ,

151 1823 329 1886 revelaverit,
345 1822 417 1877 mihi
439 1823 585 1892 aperiatis,
607 1827 750 1893 quatenus
774 1837 839 1876 curn
864 1822 999 1878 fratribus
1054 1823 1152 1878 eduxit
1171 1823 1312 1894 perviam
1336 1823 1444 1879 salutis.
1467 1825 1509 1879 Tu
1531 1841 1636 1897 magna
1658 1826 1745 1881 turris
1769 1833 1834 1883 ante
1855 1829 1901 1882 ul-

151 1913 222 1966 meis
257 1913 299 1966 illi
332 1928 365 1966 ex
390 1912 443 1966 hoo
470 1911 668 1965 devotissimas
686 1910 785 1965 laudes
808 1911 916 1966 referre
939 1927 999 1966 uon
1053 1917 1114 1968 tare
1135 1911 1241 1966 summi
1256 1913 1362 1978 Dei,et
1376 1913 1462 1984 hujus
1483 1913 1570 1968 turris
1591 1915 1700 1969 cultum
1723 1916 1900 1972 obumbrasti

150 2001 292 2055 differam.
313 1999 367 2055 Sed
392 2001 461 2072 quia
483 1999 703 2069 negligentiam,
729 2014 794 2069 quse
818 2000 848 2052 in
874 2015 920 2054 me
944 2005 997 2066 est,
1053 2017 1104 2073 per
1126 2001 1237 2056 sumum
1262 2007 1435 2056 aromatum.
1460 2003 1481 2058 0
1507 2002 1650 2068 bisibode,
1670 2005 1700 2059 in
1716 2009 1767 2059 tuo
1789 2006 1899 2060 lumine

150 2091 317 2144 nuttameae
342 2088 537 2160 possibilitatis
553 2103 642 2142 manu
665 2087 700 2141 de
718 2103 765 2142 me
782 2091 915 2142 excutere
930 2104 999 2159 pos·
1052 2106 1105 2161 per
1135 2090 1266 2160 exempla
1295 2090 1361 2160 puri
1393 2091 1455 2144 soni
1485 2092 1614 2146 membra
1646 2092 1776 2148 mirificre
1807 2094 1900 2148 laudis

150 2193 224 2246 sum,
246 2177 414 2248 suffragium
435 2182 492 2232 tam
519 2182 643 2231 vestrum
668 2193 756 2248 quam
781 2182 947 2232 ceterarum
963 2177 997 2232 fi·
1052 2176 1199 2233 aedificasti
1213 2177 1367 2234 induabus
1384 2179 1511 2249 partibus
1525 2195 1576 2250 per
1594 2179 1686 2234 fllium
1703 2181 1840 2236 hominis.
1867 2183 1900 2238 ln

149 2267 252 2323 lierum
274 2265 325 2320 Dei
350 2265 496 2320 vobiscum
522 2265 764 2326 conversantium,
783 2266 885 2320 devoto
911 2267 997 2322 corde
1052 2267 1109 2321 alto
1124 2271 1190 2333 stas,
1208 2283 1263 2320 nou
1279 2267 1450 2321 erubescens
1469 2271 1532 2321 ante
1549 2268 1636 2342 Devpm
1659 2269 1767 2338 virum,
1790 2274 1818 2323 et
1832 2285 1899 2340 pro·

149 2353 335 2424 requiro:et
358 2369 414 2409 nou
440 2352 534 2408 solum
560 2352 708 2424 parvitatis
736 2368 807 2407 meae
831 2369 995 2424 personum,
1051 2356 1124 2426 tegis
1138 2354 1221 2411 viridi
1237 2370 1303 2409 rore
1323 2356 1472 2409 laudantes
1488 2356 1578 2410 Deum
1601 2357 1653 2410 ista
1677 2373 1765 2411 voce:
1791 2357 1899 2412 Odul-
1967 2367 1968 2378 ¹

148 2458 249 2498 verum
264 2442 352 2497 etiarn
366 2441 535 2497 commissos
559 2439 631 2495 mihi
654 2441 757 2495 fratres
776 2447 805 2495 et
827 2443 921 2496 locum
945 2458 996 2496 no·
1051 2442 1091 2498 cis
1114 2443 1181 2510 vita,
1205 2461 1222 2496 ο
1246 2444 1327 2499 beata
1352 2443 1572 2513 perseverantia,
1599 2459 1662 2514 que
1687 2445 1717 2498 in
1739 2445 1791 2499 boc
1814 2446 1898 2501 beato

148 2534 239 2586 strum
275 2530 454 2586 cretionibus
488 2530 619 2584 omnium
655 2535 781 2584 vestrum
813 2529 994 2596 commendo,
1052 2531 1184 2586 [tisibodo
1200 2531 1357 2602 gloriosum
1375 2532 1472 2585 tumen
1488 2547 1602 2602 semper
1622 2523 1769 2587 ae'didcasli
1792 2535 1821 2589 in
1842 2551 1898 2590 coe-

148 2619 222 2674 sicut
241 2619 327 2673 etiam
353 2630 418 2673 cum
441 2617 519 2689 apud
542 2633 591 2670 vos
612 2631 688 2685 sum,
709 2616 774 2671 viva
798 2633 865 2672 voce
890 2619 995 2688 sapius
1050 2619 1113 2674 lasti
1128 2620 1295 2674 Jerusalem.
1318 2619 1397 2673 Nunc
1412 2618 1448 2672 sit
1462 2619 1523 2673 taus
1541 2619 1597 2673 Deo
1617 2619 1646 2673 in
1663 2620 1755 2674 iorma
1769 2621 1898 2691 pulchrae

146 2707 341 2763 iaceresoleo.
1049 2711 1177 2763 tonsurae
1204 2706 1326 2761 viriliter
1352 2711 1500 2778 operante,
1532 2713 1561 2761 et
1580 2709 1697 2778 superni
1725 2709 1799 2764 cives
1829 2726 1899 2780 gau·

337 2814 542 2871 gggpfflugpg
559 2812 806 2870 fflgpggggffls,
1049 2797 1136 2851 deaut
1149 2794 1184 2850 de
1199 2795 1252 2858 his,
1271 2795 1320 2864 qui
1344 2811 1392 2848 eos
1413 2796 1468 2850 lroc
1487 2795 1571 2850 modo
1597 2795 1758 2853 imitantur.
1782 2798 1824 2852 Tu
1845 2813 1897 2854 au-

146 2904 213 2960 p032
234 2902 366 2974 magam
383 2902 544 2974 mmm
567 2903 603 2960 de
625 2903 656 2957 g,
683 2901 823 2967 pffibodo'
847 2903 994 2956 omem
1014 2887 1118 2960 Ctem,
1142 2899 1159 2936 ο
1183 2885 1276 2948 Pater,
1296 2882 1346 2955 qni
1376 2883 1438 2937 hec
1464 2899 1480 2937 a
1509 2899 1555 2938 me
1592 2886 1766 2956 pauperculo
1792 2886 1896 2958 petisti

181 2972 465 3045 liberereprebcudit
478 2973 514 3027 de
534 2973 626 3028 nimio
645 2973 678 3028 in
691 2972 818 3028 subditos
831 2971 994 3039 scoenicis,
1049 2973 1136 3027 talem
1149 2971 1217 3027 tein
1231 2976 1384 3042 conspectu
1398 2971 1513 3041 Deliae,
1536 2979 1567 3026 ut
1586 2988 1652 3027 cum
1669 2979 1783 3046 tempus
1797 2974 1828 3029 in
1843 2975 1897 3029 hoc

181 3044 435 3116 &immanem
448 3046 569 3099 'mmm
578 3041 720 3115 Wlffl-
1049 3061 1154 3116 saeculo
1175 3059 1226 3116 tihi
1256 3059 1401 3128 deiecerit,
1431 3064 1545 3131 tempus
1571 3065 1654 3116 tuum
1679 3062 1710 3116 in
1737 3061 1898 3118 eternitate

182 3152 305 3222 Oquam
327 3165 432 3220 magna
455 3149 578 3204 stultitia
602 3150 631 3204 in
652 3149 772 3204 homine
792 3149 843 3204 illo
865 3153 918 3216 est,
943 3149 994 3221 qui
1049 3149 1170 3205 feliciter
1192 3149 1392 3220 prolongetur,
1416 3148 1455 3202 ita
1476 3153 1508 3204 ut
1531 3149 1560 3203 in
1577 3147 1732 3205 salvatione
1750 3151 1896 3222 justorum

146 3241 273 3311 seipsum
285 3254 345 3294 non
360 3237 490 3310 corrigit,
506 3239 557 3294 sed
571 3239 677 3310 querit
691 3238 761 3309 quid
774 3237 805 3292 ln
819 3229 913 3292 alieni
929 3238 995 3304 §nu
1049 3253 1197 3309 appareas.

146 3329 193 3395 sit,
209 3334 238 3383 et
251 3327 373 3383 crimina
385 3327 436 3383 illa
448 3343 511 3400 quae
525 3327 556 3381 in
570 3343 604 3382 eo
625 3327 747 3394 invenit,
770 3342 828 3381 nou
850 3327 924 3382 celat
947 3343 994 3382 se·
1324 3325 1492 3382 uetsrota
1511 3325 1616 3382 xxxix.

145 3417 274 3472 cundum
290 3416 408 3472 modum
423 3416 453 3471 iu
468 3415 579 3487 impetu
603 3415 817 3471 decurrentium
840 3431 992 3486 aquarum.
1102 3430 1251 3470 umanaaru
1271 3430 1382 3469 sanaris
1401 3431 1423 3468 s.
1446 3430 1561 3469 nrsrsonr
1580 3431 1615 3470 so
1636 3431 1840 3472 arnnacsanra.
1967 3477 1968 3496 χ

146 3506 200 3572 Qut
229 3506 283 3561 hoc
312 3505 390 3573 lucit,
414 3503 511 3560 audiat
532 3520 701 3576 responsum
726 3503 802 3560 istud
829 3521 846 3559 a
870 3505 993 3561 buozo
1048 3501 1180 3574 Seipsum
1196 3505 1314 3558 accusat
1336 3505 1365 3557 el
1385 3501 1567 3574 corspuera'tur
1587 3501 1622 3558 de
1644 3504 1722 3558 mute
1745 3504 1897 3561 obseruata
1967 3509 1968 3520 ¹

145 3595 244 3662 homo,
265 3609 355 3666 quare
374 3593 483 3648 dormis
504 3593 533 3647 in
556 3592 651 3647 souitu
678 3598 789 3663 gustus,
812 3609 877 3664 quse
897 3609 993 3648 coram
1164 3590 1196 3645 io
1208 3606 1259 3646 suo
1268 3589 1444 3646 monasterio
1457 3590 1618 3663 disciplina
1635 3591 1774 3664 reputari.

145 3684 205 3738 Deo
228 3681 311 3754 quasi
333 3681 505 3754 symphonia
528 3682 654 3736 sonunt?
674 3682 708 3736 Et
729 3697 781 3735 our
803 3681 994 3753 petulantiam
1084 3679 1251 3735 Hsnosoanor
1268 3679 1380 3736 dilecte
1396 3680 1479 3734 matri
1497 3695 1568 3746 suoe,
1584 3696 1671 3752 supra
1691 3697 1806 3738 omnem
1826 3698 1894 3754 pre-

143 3770 266 3826 lascivioe
280 3786 339 3825 nou
354 3770 490 3842 abnegas,
505 3785 559 3842 per
577 3769 749 3825 scrutinium
772 3770 876 3825 domus
898 3769 993 3825 cordis
1047 3766 1201 3822 tiositatem
1225 3768 1440 3838 amplectende,
1464 3767 1496 3824 ll.
1521 3767 1599 3822 iltius
1627 3769 1689 3840 ejus
1710 3774 1739 3824 et
1763 3770 1896 3841 provisor

144 3859 209 3914 tui‘l
235 3858 291 3914 Sed
313 3858 344 3913 iu
376 3857 498 3913 maxillis
528 3857 600 3913 meis
634 3874 680 3912 me
710 3857 847 3929 percutis,
875 3857 992 3930 quando
1048 3854 1176 3910 ovilislt.
1197 3854 1336 3922 Disibodi,
1353 3856 1424 3912 treul
1450 3856 1686 3926 nonopere,sed
1709 3857 1826 3913 nornine
1850 3863 1893 3912 te·

144 3947 275 4003 membra
295 3963 359 4002 mea
384 3947 518 4018 repudias
550 3947 581 4002 in
601 3947 768 4001 vulneribus
792 3945 862 4013 suis,
886 3946 935 4001 uhi
957 3947 994 4002 ad
1047 3960 1112 4010 uus,
1127 3943 1267 4016 quidquid
1282 3943 1358 3999 bono
1372 3943 1524 4015 temporali
1537 3949 1581 4000 est
1594 3945 1706 4000 melius.
1967 3945 1968 3952 ’

144 4052 190 4091 me
210 4051 269 4091 uon
290 4035 403 4106 aspicis,
428 4040 572 4090 errantem
596 4034 630 4089 ud
655 4049 772 4105 gregem
796 4038 992 4106 reportantem
1082 4033 1154 4088 Cum
1176 4036 1255 4087 totus
1278 4032 1403 4087 mundus
1425 4033 1517 4087 ueraci
1541 4033 1684 4103 preconio
1709 4036 1812 4094 clamet
1842 4053 1896 4091 vos
1967 4105 1968 4108 Ἴ

145 4125 223 4195 (Luc.
237 4125 295 4195 xv).
313 4125 346 4178 Et
360 4123 424 4178 idco
442 4123 478 4178 de
499 4123 586 4178 dom'o
601 4122 694 4177 cordis
717 4123 760 4176 tui
778 4123 850 4177 milri
874 4138 992 4194 respon·
1048 4119 1274 4191 sanetiSpiritus
1289 4120 1409 4176 ditatam
1430 4137 1490 4177 esse
1513 4121 1617 4192 jubilo,
1632 4139 1685 4193 ego
1707 4123 1758 4195 qui
1782 4125 1896 4195 primus
1967 4127 1968 4152 ³

145 4212 237 4282 debis,
259 4211 345 4267 etde
373 4211 497 4279 civitate,
520 4226 607 4283 quam
626 4210 691 4279 leci,
715 4215 853 4283 utquam
880 4210 910 4266 iu
931 4227 994 4266 sau·
1013 4197 1034 4254 ὓ
1050 4209 1203 4265 debueram
1226 4224 1297 4280 esse,
1322 4214 1351 4263 et
1381 4209 1453 4264 alios
1482 4210 1517 4265 ad
1538 4210 1747 4266 beatitudinem
1772 4217 1896 4268 restrum
1967 4219 1968 4282 f

145 4301 232 4372 guine
249 4299 417 4372 aguiabtui.
435 4301 467 4354 ut
488 4314 578 4372 quare
599 4315 657 4355 nou
681 4300 764 4354 times
787 4299 921 4371 frangere
944 4300 995 4354 ho
1050 4298 1171 4352 invitare
1192 4298 1341 4370 hucusque
1366 4297 1452 4353 inerti
1473 4298 1560 4353 taedio
1584 4299 1686 4354 delitui
1710 4316 1718 4355 ε
1747 4302 1797 4357 ssd
1817 4317 1897 4358 nunc

145 4388 265 4458 minem,
280 4404 367 4460 quem
383 4404 442 4443 non
454 4389 579 4443 creasti?
592 4389 632 4442 Tu
647 4388 727 4444 cuim
742 4404 799 4442 uon
821 4388 994 4459 ungiacum
1050 4384 1165 4441 tandem
1187 4384 1290 4440 timore
1312 4390 1340 4440 et
1362 4384 1473 4457 pudore
1494 4391 1651 4458 correptus,
1675 4386 1703 4442 io
1729 4387 1823 4444 serbis
1845 4405 1897 4444 vos
1967 4403 1968 4408 ¹

144 4478 195 4545 ita,
213 4482 312 4533 utnec
331 4493 399 4532 eum
420 4493 512 4547 regas,
536 4492 589 4531 nec
607 4479 694 4530 colas.
720 4475 774 4531 Sed
792 4477 824 4530 iu
845 4476 994 4532 nimietate
1049 4474 1172 4528 salutare
1194 4472 1388 4528 necessarium
1412 4472 1491 4528 duxi.
1524 4475 1595 4529 Nam
1621 4475 1727 4547 quibus
1759 4477 1896 4548 prodesse
1967 4465 1968 4470 ¹

143 4567 226 4621 illum
248 4565 379 4637 corrigis.
409 4564 489 4620 lirino
513 4567 628 4636 tempus
649 4563 802 4619 deficiendi
825 4564 877 4619 tibi
902 4563 991 4620 adest.
1049 4561 1195 4627 deberem,
1209 4577 1332 4633 preesse
1347 4562 1439 4633 megia
1458 4563 1568 4630 studeo,
1584 4579 1719 4636 querens
1741 4581 1807 4637 quse
1831 4581 1897 4622 mea

145 4655 201 4711 Sed
220 4656 297 4712 usus
312 4653 363 4726 qui
384 4658 412 4708 tc
430 4653 546 4720 creavit,
567 4659 596 4708 te
615 4652 737 4724 perdere
759 4668 818 4707 non
840 4653 909 4707 vult.
929 4653 995 4708 uae
1049 4655 1125 4717 sunt,
1141 4665 1197 4704 non
1223 4665 1286 4721 que
1308 4651 1439 4706 aliorum.
1464 4652 1518 4706 Sed
1540 4657 1636 4708 tumen
1654 4654 1768 4724 pondus
1791 4654 1849 4710 diei
1864 4661 1895 4710 et

144 4760 213 4816 ergo
227 4744 367 4815 intellige.
383 4743 464 4807 Qirod
480 4747 587 4809 autem,
610 4743 737 4807 oPater,
753 4741 872 4812 petiisti,
889 4746 921 4795 nt
940 4741 994 4796 tihi
1048 4743 1135 4793 ustus
1156 4738 1187 4792 in
1209 4738 1290 4793 vinea
1314 4739 1429 4794 Domini
1450 4740 1610 4813 hucusque,
1633 4743 1766 4812 quamvis
1784 4743 1894 4814 tepide,
1967 4759 1968 4802 1

143 4834 307 4901 scriberem,
329 4832 352 4886 si
375 4831 472 4902 aliqua
492 4831 527 4886 de
546 4831 632 4886 beato
657 4830 807 4895 Disibodo,
833 4829 887 4885 sub
909 4830 992 4901 eujus
1047 4826 1170 4897 portavi,
1187 4827 1286 4882 etDeo
1310 4827 1475 4898 adJuvunte,
1499 4829 1590 4884 donec
1616 4831 1791 4903 quaudoque
1806 4831 1894 4887 dena·
1967 4857 1968 4862 1

143 4922 305 4993 patrocinio
318 4938 358 4985 es,
376 4920 501 4975 riderem
516 4926 545 4975 et
558 4920 763 4992 intelligerem.
788 4921 854 4976 lloec
873 4918 907 4973 dc
930 4919 993 4988 ipso
1048 4915 1124 4970 rium
1146 4914 1305 4986 percipiam
1328 4915 1446 4986 (Mottb.
1476 4920 1531 4988 xx),
1565 4933 1748 4990 perseverare
1770 4921 1892 4976 decrevi.
1967 4915 1968 4918 ’

143 5012 175 5066 in
202 5010 310 5066 visione
343 5008 468 5080 Spiritus
500 5008 599 5064 audivi
631 5008 660 5062 ist
688 5007 814 5062 intellexi
834 5007 992 5062 secuudum
1049 5006 1152 5060 Verum
1169 5019 1255 5070 nune,
1272 5011 1364 5059 muter
1378 5021 1451 5072 mea,
1470 5005 1499 5060 in
1517 5007 1672 5062 Dominicis
1685 5009 1794 5080 nuptiis
1811 5009 1895 5081 spiri·

144 5100 263 5156 modum
275 5100 352 5154 lruuc
368 5097 410 5154 :0
425 5097 532 5152 mirum
547 5097 749 5151 admirandum
764 5097 841 5168 quod
855 5096 992 5151 absconsa
1046 5091 1216 5147 telesinum
1240 5091 1360 5147 omuino
1383 5093 1497 5161 deiecit,
1521 5094 1589 5166 quia
1610 5096 1705 5151 ferror
1726 5098 1893 5153 monastice

143 5187 236 5242 torma
249 5188 389 5259 praecellit
403 5187 492 5242 ardua
504 5187 535 5240 in
548 5185 669 5240 honesta
683 5189 801 5252 statura,
824 5183 872 5239 nbi
896 5184 992 5239 virens
1046 5181 1194 5253 religionis
1207 5197 1282 5252 pene
1296 5181 1426 5254 deperiit,
1441 5183 1577 5254 quoniam
1593 5190 1686 5241 mater
1697 5187 1762 5241 lesu
1778 5187 1818 5242 ibi
1833 5203 1894 5243 nou

144 5275 267 5331 altitudo
292 5275 402 5348 prefert
417 5274 545 5347 mystica.
569 5273 657 5338 Unde,
680 5290 697 5327 u
722 5271 867 5340 Disibode,
892 5286 992 5343 surges
1047 5275 1098 5339 est,
1120 5285 1173 5324 nec
1193 5269 1255 5341 ipse
1278 5271 1369 5334 lesus,
1389 5287 1440 5326 nec
1462 5272 1595 5344 discipuli
1616 5273 1678 5345 ejus
1702 5275 1893 5344 advocantur;

143 5360 174 5418 in
194 5364 263 5429 sine,
283 5369 451 5419 succurente
472 5363 544 5418 flore
564 5362 696 5418 omnium
719 5375 865 5416 ramorum
890 5359 992 5414 mundi
1046 5362 1075 5413 et
1095 5359 1159 5414 ideo
1180 5359 1278 5414 omnia
1300 5360 1418 5415 adversa
1439 5365 1537 5417 contra
1564 5377 1617 5416 nos
1640 5367 1817 5433 grassantur.
1840 5365 1895 5420 lta·

143 5456 176 5510 ut
189 5452 316 5525 primum
339 5451 497 5507 surrexisti.
518 5453 561 5519 Et,
578 5450 740 5506 osiriditus
764 5448 849 5520 digiti
870 5447 932 5516 lici,
960 5447 990 5502 in
1045 5459 1102 5519 que
1123 5463 1183 5503 nou
1203 5451 1246 5503 est
1264 5461 1338 5519 opus
1361 5447 1448 5519 lunga
1467 5465 1518 5506 ros
1545 5450 1676 5522 protrahi
1706 5451 1892 5522 verbositate,
