3984 6034
107 223 162 278 385
748 227 895 285 settim.
915 259 949 270 -
963 227 1028 284 LlB.
1051 229 1073 296 Ι,
1094 224 1186 282 vtsto
1206 225 1225 280 l.
1811 227 1863 282 386

107 369 162 408 nec
191 353 421 421 delectationem,
456 369 507 410 nea
550 355 784 412 exercitationem
818 357 847 412 in
872 359 958 414 rebus
975 355 1119 428 Aeacipis
1144 356 1179 411 ad
1203 353 1463 412 manifestationem
1492 355 1723 412 absconditorum
1744 355 1862 424 directe,

108 440 166 495 illis
181 457 247 513 quie
262 443 297 497 ad
313 442 408 514 ipsum
425 443 581 514 pertinent,
597 444 665 516 quie
684 461 751 500 eum
767 445 801 499 de
820 443 959 516 pertinaci
1015 446 1106 500 scribe
1121 459 1185 516 quae
1200 443 1278 499 vides
1292 450 1322 499 at
1340 445 1432 500 audis.

108 531 232 585 audacia
251 531 387 593 abstraxi,
407 531 540 587 dolorem
566 533 729 598 habentem,
754 539 783 588 et
805 534 835 588 iu
851 534 961 589 labori·
1050 535 1105 589 Sed
1125 548 1190 604 ego,
1214 532 1344 604 quamvis
1365 533 1424 586 bac
1448 531 1573 587 viderem
1594 537 1623 588 et
1645 533 1788 600 audirem,
1815 539 1861 586 ta-

109 619 164 674 bus
183 619 241 674 sais
256 625 418 691 paventem.
440 621 504 690 lpse
519 621 596 676 enim
611 622 641 675 in
668 623 802 677 medullis
827 623 898 677 etin
912 639 959 676 va·
1014 638 1081 678 men
1101 629 1218 693 propter
1245 620 1420 676 dubietatem
1445 626 1473 674 et
1497 623 1601 674 matam
1632 620 1810 690 opinionem,
1833 625 1862 675 et

110 708 670 765 niscarnissueedoluit:constrictum
693 711 824 766 animum
849 716 960 765 etsen·
1012 716 1131 783 propter
1156 710 1349 764 diversitatem
1375 710 1527 763 verborum
1557 708 1716 772 bominum,
1750 708 1862 764 tamdiu

109 811 174 850 sum
209 795 328 856 babens.
361 802 448 868 atque
477 800 599 852 meritam
640 799 803 869 passionem
832 803 960 870 corporis
1012 815 1071 854 non
1097 799 1126 852 iu
1146 795 1312 868 pertinacia,
1335 796 1384 851 sed
1413 797 1444 850 in
1466 796 1636 852 humilitatis
1673 797 1768 851 allicio
1794 798 1861 852 scri-

109 884 260 952 snllerens,
276 885 316 938 ita
338 884 414 955 qnod
438 885 467 940 in
488 901 522 940 eo
538 887 618 940 nulla
646 888 784 940 securitas
810 886 958 953 habitavit,
1011 887 1231 953 bererecusavi,
1248 901 1397 958 quousque
1414 886 1443 940 iu
1468 886 1573 941 lectrum
1598 886 1789 956 egritudinis,
1812 886 1862 941 lla-

109 972 203 1035 sedin
221 972 358 1027 omnibus
377 973 469 1028 causis
483 974 542 1030 sais
564 991 594 1029 se
608 975 780 1046 culpabilem
795 975 958 1031 aestimarit.
1013 978 1088 1047 gallo
1104 977 1154 1031 llet
1169 975 1305 1047 depressa
1318 975 1461 1038 caderem.
1484 977 1524 1028 ita
1538 974 1616 1045 quod
1632 975 1747 1029 tandem
1764 976 1861 1030 multis

108 1062 181 1116 Nam
196 1061 295 1116 ruinas
308 1061 403 1117 cordis
424 1063 487 1133 ejus
501 1063 698 1135 circumsepsi,
712 1080 748 1118 ne
771 1080 853 1120 mens
868 1065 959 1136 ipsius
1013 1065 1231 1120 infirmitatibus
1253 1065 1426 1135 compulsa:
1450 1063 1616 1118 testimonio
1637 1065 1785 1134 cujusdam
1808 1079 1861 1119 ne·

108 1166 161 1220 per
179 1149 343 1222 superbiam
367 1157 418 1205 aut
441 1167 493 1222 per
516 1168 617 1208 vanam
636 1153 759 1224 gloriam
779 1153 957 1220 sceleraret,
1013 1153 1080 1208 bilis
1094 1159 1123 1208 st
1147 1155 1289 1208 bonorum
1321 1167 1434 1207 morum
1462 1152 1565 1224 puellm
1585 1155 1614 1207 et
1636 1151 1761 1207 bominis
1784 1153 1862 1207 illius

106 1239 158 1293 sed
184 1241 276 1310 magis
307 1240 338 1292 in
365 1240 499 1294 omnibus
525 1240 570 1295 bis
598 1242 733 1297 timorem
762 1247 793 1296 et
828 1243 959 1297 dolorem
1012 1257 1098 1313 quem
1113 1243 1221 1296 occulte
1238 1241 1282 1310 (ut
1300 1242 1452 1313 praelatum
1481 1248 1531 1308 est>
1549 1243 1722 1312 quaesieram
1737 1247 1766 1294 et
1783 1242 1860 1296 inve·

107 1344 197 1399 quam
221 1327 360 1398 gaudium
386 1334 435 1382 aut
458 1330 646 1400 petulantiam
669 1330 798 1386 sentiret.
824 1330 904 1386 Unde
926 1331 957 1385 in
1012 1345 1123 1398 nerem,
1144 1331 1295 1385 manased
1320 1330 1503 1385 scribendum
1524 1330 1659 1402 apposui.
1686 1329 1768 1394 Quod
1791 1332 1860 1385 dum

106 1430 205 1469 amore
229 1431 294 1469 meo
321 1419 462 1469 scrutatus
484 1421 528 1470 est
551 1415 580 1471 in
601 1417 700 1470 animo
723 1433 786 1486 suo,
813 1419 958 1473 ubiillam
1012 1417 1145 1486 lacerem,
1174 1419 1261 1472 altam
1293 1417 1517 1489 profunditatem
1561 1417 1744 1489 expositionis
1774 1419 1861 1472 libro·

106 1502 251 1558 insaniret
272 1504 322 1574 qui
348 1504 422 1558 viam
451 1504 551 1559 salutis
578 1511 717 1560 curreret.
751 1507 781 1562 tlt
801 1507 958 1578 qtremdem
1012 1524 1088 1571 rem,
1120 1512 1150 1561 nt
1179 1507 1306 1579 praedixi,
1329 1508 1463 1570 sentiens,
1487 1507 1654 1577 viribusque
1676 1508 1798 1578 receptis
1825 1507 1861 1562 de

106 1593 217 1649 invenit
233 1599 262 1648 et
275 1609 341 1647 erim
353 1593 469 1660 amavit,
486 1609 644 1664 agnoscens
663 1595 741 1666 qarod
758 1595 850 1650 tidelis
871 1597 958 1650 borno
1013 1597 1185 1668 egritudine
1213 1611 1259 1650 me
1281 1597 1415 1666 erigens:
1436 1597 1481 1649 uis
1502 1612 1576 1667 opus
1595 1594 1669 1650 istud
1694 1596 1793 1651 decem
1808 1611 1860 1650 en·

106 1690 180 1737 esset
196 1687 226 1738 et
253 1681 356 1736 similis
382 1681 437 1737 sibi
462 1684 493 1736 in
517 1682 615 1754 aliqua
643 1690 724 1753 parte
750 1684 855 1739 laboris
878 1685 956 1740 illius
978 1655 1243 1740 Bpisconsnrnnns
1267 1683 1412 1740 adfinem
1442 1684 1575 1754 perduxi.
1600 1684 1630 1738 ln
1646 1682 1747 1738 diebus
1764 1690 1860 1738 autem

106 1773 157 1841 qrri
180 1772 216 1824 ad
241 1786 287 1824 me
307 1770 411 1837 tendit,
433 1775 592 1842 tenensque
618 1787 684 1825 erim
708 1773 794 1827 simul
818 1789 883 1827 carm
906 1773 957 1827 illo
1012 1774 1124 1828 llenrici
1151 1772 1310 1844 lloguntini
1331 1771 1538 1843 arciriepiscopi
1556 1777 1585 1825 at
1612 1771 1735 1827 Gonredi
1757 1771 1859 1826 Roma·

106 1861 136 1913 in
160 1858 297 1914 omnibns
318 1859 363 1913 liis
384 1873 437 1929 per
457 1875 614 1930 supernum
641 1861 767 1917 studium
798 1863 955 1928 contendit,
1011 1877 1114 1917 norum
1144 1862 1221 1932 regis
1253 1867 1282 1916 et
1313 1861 1439 1916 Cunenis
1469 1860 1578 1915 abbatis
1600 1861 1629 1914 in
1661 1865 1758 1915 moute
1782 1861 1860 1915 Beati

104 1954 137 2003 nt
161 1948 298 2002 absconsa
329 1946 467 2002 miracula
493 1964 558 2002 mea
586 1951 790 2004 revelarentur.
818 1950 853 2004 Et
879 1950 955 2004 idem
1013 1950 1140 2005 llisibodi
1162 1951 1316 2020 pontilicis,
1340 1951 1393 2005 sub
1415 1965 1492 2022 pepe
1511 1949 1649 2019 Eugenio,
1673 1949 1717 2004 bre
1732 1947 1859 2002 visiones

105 2035 192 2090 bomo
207 2051 296 2106 super
312 2036 500 2108 semetipsum
516 2053 545 2092 se
562 2053 618 2092 non
633 2038 746 2105 extulit,
760 2039 808 2092 sed
825 2037 860 2093 ad
874 2037 956 2094 ittum
1011 2047 1038 2095 et
1050 2041 1135 2095 verba
1150 2039 1224 2094 iacta
1246 2043 1323 2094 sunt.
1345 2039 1378 2093 Et
1392 2037 1451 2093 dixi
1466 2043 1494 2093 et
1513 2038 1614 2110 scripsi
1635 2037 1706 2104 brea,
1733 2051 1791 2091 nou
1815 2053 1859 2090 sc·

105 2127 135 2179 in
160 2123 358 2180 ascensionem
380 2125 552 2181 humilitatis
576 2131 605 2181 et
629 2127 660 2182 in
685 2125 847 2182 intentione
873 2128 956 2182 bonae
1011 2129 1137 2184 oriudum
1157 2127 1388 2183 adinventionem
1404 2127 1498 2182 cordis
1521 2127 1577 2182 mei
1592 2131 1641 2181 aut
1663 2126 1749 2180 allius
1768 2125 1860 2180 bomi-

103 2214 262 2268 volnntatis
282 2229 370 2285 qaam
393 2215 514 2280 invenit,
537 2231 567 2269 se
589 2215 620 2270 in
636 2215 734 2271 multis
755 2216 886 2287 suspiriis
908 2217 955 2272 in·
1012 2218 1067 2284 nis,
1091 2217 1139 2272 sed
1164 2223 1196 2271 ut
1217 2233 1249 2270 ea
1268 2217 1296 2270 in
1314 2216 1475 2270 coelestibus
1497 2214 1564 2278 vidi,
1592 2214 1686 2270 audivi
1702 2218 1730 2269 et
1744 2212 1860 2284 percepi

104 2302 233 2356 cliuavit.
253 2303 422 2374 Tuergo,o
441 2304 606 2375 bomo,qni
629 2305 691 2358 brec
712 2320 770 2360 non
792 2305 822 2358 in
842 2305 955 2376 inquis·
1011 2312 1186 2378 persecrete
1215 2305 1349 2376 mysteria
1369 2305 1429 2358 Dei.
1463 2305 1496 2358 Et
1518 2302 1621 2357 iterum
1643 2301 1739 2357 audivi
1759 2315 1859 2355 rocem

103 2391 206 2445 tudine
241 2391 427 2461 deceptionis,
459 2393 526 2446 sed.
542 2393 570 2447 in
606 2392 730 2462 puritate
763 2393 956 2465 simplicitatis
1011 2395 1132 2449 decoelo
1153 2393 1223 2447 uribi
1245 2392 1410 2448 dicentem:
1442 2392 1539 2447 Clema
1560 2406 1629 2462 ergo
1651 2395 1680 2444 ct
1698 2390 1788 2445 scribe
1806 2388 1857 2443 sic.

822 2723 952 2797 visto
980 2723 1146 2797 PRIMA.

100 2933 312 2990 Sossianus.
329 2964 363 2974 —
384 2933 425 2989 De
441 2931 612 3006 fortitudine
632 2933 661 2988 et
678 2931 838 2988 stabilitate
855 2929 1026 2987 aternitatis
1043 2933 1126 3003 requi
1145 2929 1208 2986 Dei.
1222 2933 1262 2986 lte
1282 2931 1384 2986 timore
1406 2929 1529 2986 Doroina'.
1551 2929 1637 2987 lleiis
1653 2932 1703 3004 qai
1717 2946 1858 3014 pauperes¹

136 3003 245 3084 spiritu
257 3003 434 3086 santoaod
452 3003 572 3059 virtutes
585 3020 604 3058 a
625 3007 682 3085 ,neo
699 3004 855 3070 venientes,
865 3003 1007 3085 'timentes
1025 3003 1114 3057 ileum
1133 3003 1160 3058 el
1174 3017 1316 3076 pauperes
1324 3001 1431 3074 spirita
1440 3001 1611 3058 cusrodiant.
1624 3001 1702 3069 Quod
1716 3007 1859 3074 aquaram

141 3077 196 3130 Des
209 3075 347 3130 absconde
357 3091 415 3130 aare
427 3073 649 3147 posesntstadeo
662 3079 780 3132 actuum
790 3076 950 3131 Murenam.
961 3075 1100 3130 Salomon
1113 3071 1255 3129 meacm
1267 3089 1310 3130 re.

138 3349 201 3405 Vidi
230 3349 312 3423 quasi
340 3353 472 3405 montem
499 3365 648 3422 magnum,
675 3349 800 3405 terreum
828 3350 954 3405 colorem
972 3343 1060 3406 cnei
1080 3355 1157 3418 sunt,
1187 3350 1294 3422 quibus
1314 3349 1478 3406 clausuram
1506 3349 1705 3422 mysteriorum
1731 3364 1856 3406 resera:

102 3439 270 3507 habentem,
286 3441 315 3492 et
330 3438 526 3509 separipsum
543 3439 699 3509 quemdam
727 3443 814 3494 tantm
835 3439 953 3495 clarita·
1010 3453 1098 3510 quam
1121 3439 1177 3511 ipsi
1199 3438 1295 3494 timidi
1323 3439 1352 3493 in
1376 3439 1544 3495 abscondito
1571 3455 1642 3511 egro
1673 3440 1736 3496 sine
1761 3441 1856 3495 fructu

102 3528 140 3580 tis
163 3526 322 3592 sedentem,
351 3529 383 3581 ut
405 3523 521 3580 claritas
541 3523 739 3596 ipsiusrisum
754 3525 955 3581 menmbebe·
1009 3527 1113 3582 celant.
1129 3528 1203 3600 Ergo
1230 3527 1261 3582 in
1286 3526 1397 3583 tentem
1419 3528 1601 3583 abundantiae
1623 3531 1663 3584 ita
1684 3529 1814 3596 dilatare,
1831 3533 1859 3584 et

102 3620 187 3682 taret,
204 3629 292 3685 aquo
311 3629 346 3668 ex
362 3618 484 3685 unaque
498 3620 578 3686 parte
593 3613 650 3678 sui,
666 3613 740 3668 lenis
762 3614 864 3670 ambra
878 3614 956 3668 velut
1010 3616 1049 3670 ita
1064 3616 1094 3669 in
1110 3615 1229 3686 mystica
1241 3615 1406 3671 eruditione
1425 3615 1522 3682 elllue,
1546 3622 1578 3671 ut
1592 3616 1635 3671 illi
1655 3617 1691 3672 ab
1717 3617 1858 3672 effusione

102 3704 149 3758 ale
175 3703 257 3758 mirae
288 3701 448 3758 latitudinis
470 3708 498 3756 at
525 3702 718 3774 longitudinis
743 3703 955 3774 porrigebatur.
1010 3704 1187 3776 irrigationis
1208 3710 1268 3759 ture
1290 3705 1501 3773 concutientur,
1528 3704 1579 3776 qui
1602 3710 1628 3760 te
1643 3711 1762 3777 propter
1785 3721 1860 3776 prra-

105 3794 140 3848 Et
158 3797 226 3847 ante
241 3791 524 3864 ipsamedradicem
539 3791 667 3861 ejusdem
698 3792 804 3846 montis
822 3793 957 3863 quaedam
1009 3793 1216 3848 caricationem
1231 3793 1297 3847 Evae
1317 3793 1419 3847 volunt
1439 3792 1685 3864 contemptibilem
1701 3809 1771 3848 esse.
1787 3795 1859 3848 Nam

105 3882 205 3952 imago
230 3882 357 3952 undique
384 3881 470 3953 plene
499 3880 588 3934 ocutis
612 3880 715 3949 stabat,
743 3879 824 3950 cujus
846 3879 957 3935 nnllam
1010 3885 1042 3935 tu
1061 3895 1183 3936 acumen
1207 3880 1294 3952 hujus
1320 3879 1526 3952 profunditatis
1548 3881 1584 3935 ab
1612 3881 1728 3937 bomine
1743 3897 1801 3936 non
1815 3897 1860 3936 ca·

105 3970 266 4025 humanam
281 3969 406 4024 sormam
418 3985 479 4040 prae
493 3969 642 4024 oculorum
655 3969 842 4024 multitudine
854 3968 959 4023 discer·
1010 3969 1066 4041 pis,
1077 3968 1125 4023 sed
1140 3986 1156 4022 a
1171 3983 1296 4042 superno
1312 3974 1341 4024 et
1360 3969 1511 4023 tremendo
1529 3967 1626 4039 judice
1641 3969 1711 4024 illud
1736 3969 1860 4043 desuper

103 4074 178 4113 nere
201 4057 342 4123 celabam,
374 4064 404 4113 et
426 4063 493 4113 ante
514 4058 609 4124 istam,
633 4057 730 4128 imago
756 4057 812 4112 alia
836 4056 956 4129 puerilis
1012 4058 1128 4129 accipis,
1151 4057 1199 4113 ubi
1221 4058 1358 4129 preclara
1385 4057 1449 4112 luae
1468 4057 1530 4112 baec
1558 4057 1695 4112 serenitas
1712 4057 1788 4114 iuter
1814 4059 1858 4113 ln·

103 4147 211 4214 aetatis,
226 4147 333 4218 pallida
355 4151 444 4214 veste,
465 4146 514 4201 sed
529 4146 603 4201 albis
622 4145 822 4201 calceamentis
843 4145 955 4214 indata,
1012 4152 1110 4202 centes
1131 4147 1243 4202 fortiter
1269 4146 1384 4202 lucebit.
1407 4145 1500 4217 Surge
1522 4161 1602 4218 ergo,
1627 4147 1720 4201 clame
1741 4151 1770 4202 et
1788 4146 1857 4203 dic:

101 4251 195 4307 super
217 4235 299 4305 auius
318 4241 404 4306 ceput
430 4240 512 4290 tanta
539 4233 653 4290 claritas
672 4234 708 4289 de
736 4250 771 4289 ao
799 4234 850 4306 qai
869 4249 957 4306 super
1010 4235 1142 4308 quaetibi
1158 4234 1432 4291 fortissimavirtate
1453 4233 1858 4291 diviuiauxiliimaniiestan·

101 4331 233 4379 monwm
266 4323 362 4395 ipsum
384 4323 503 4379 sedebat
526 4322 684 4390 descendit,
709 4327 741 4378 ut
768 4320 869 4378 faciem
894 4325 956 4393 ejus
1008 4332 1067 4392 tur,
1085 4325 1223 4397 quoniam
1242 4325 1292 4380 ille
1307 4323 1356 4397 qui
1383 4322 1461 4378 omni
1483 4329 1624 4379 creaturae
1645 4341 1704 4379 sure
1726 4328 1859 4396 potenter

98 4412 210 4468 intueri
224 4429 284 4467 uon
304 4412 440 4480 valerem,
464 4413 515 4468 sed
531 4412 684 4468 abeodem
706 4411 756 4484 qni
777 4427 956 4483 supermae·
1009 4418 1038 4468 et
1062 4413 1187 4484 benigne
1205 4413 1338 4485 imperat,
1366 4412 1462 4484 ipsum
1486 4413 1621 4468 umentes
1644 4419 1674 4468 et
1698 4413 1755 4484 ipsi
1778 4413 1859 4470 suevi

98 4509 161 4558 tem
183 4501 266 4557 illum
298 4501 433 4558 sedabat:
459 4503 559 4556 multra
581 4501 709 4557 virentes
734 4500 866 4556 scintille
890 4516 956 4571 pro-
1010 4502 1163 4558 dilactione
1185 4503 1215 4557 in
1243 4503 1346 4573 spiritu
1371 4500 1542 4558 humilitatis
1566 4503 1749 4570 famulantes,
1775 4502 1859 4558 clari·

99 4592 216 4657 dibant,
241 4607 306 4662 qnae
326 4591 441 4646 easdem
464 4590 605 4661 imagines
629 4605 734 4662 magns
748 4590 887 4644 saevitate
901 4587 955 4643 cir·
1010 4597 1068 4647 tate
1096 4607 1230 4664 supernas
1256 4590 1454 4646 illustrationis
1474 4590 1630 4662 perfundit,
1653 4594 1681 4646 et
1704 4591 1739 4646 ad
1753 4590 1859 4663 gaudia

100 4678 318 4736 cumvolabant.
345 4680 376 4734 ln
402 4678 466 4750 ipso
485 4683 582 4733 autem
601 4683 699 4734 monte
718 4679 799 4750 quasi
821 4676 954 4750 plurimae
973 4653 997 4708 ⁰
1010 4683 1126 4735 aeternae
1155 4678 1272 4733 visionis
1294 4677 1325 4733 in
1354 4679 1398 4734 ria
1415 4678 1535 4751 J'ustitirc
1554 4684 1770 4751 perseverantes
1791 4695 1858 4752 per·

100 4768 261 4825 fenestellae
281 4768 483 4836 cernebantur,
506 4767 661 4839 inquibus
681 4769 758 4822 velut
784 4767 878 4840 capite
906 4767 957 4821 ho·
1011 4768 1098 4825 ducit.

100 4859 230 4922 minam,
255 4856 390 4929 quedam
409 4856 518 4928 pallida
531 4861 562 4912 et
577 4855 711 4928 quaedam
725 4855 790 4911 alba
813 4871 957 4928 apparue-
1045 4857 1125 4914 Unde
1141 4857 1239 4924 etiam,
1259 4862 1293 4912 ut
1306 4855 1396 4924 videa,
1419 4856 1568 4912 mamista
1584 4871 1705 4928 magnus
1730 4857 1857 4914 lemnum

99 4953 182 5004 rant.
198 4948 231 5002 Et
246 4947 376 5019 eccequi
399 4961 487 5019 super
506 4952 635 5001 montem
652 4946 779 5013 sedebat,
799 4946 956 5002 lortisuma
1009 4947 1137 5002 colorem
1167 4946 1286 5013 babens,
1313 4945 1444 5017 designat
1472 4945 1672 5002 tortitudinem
1694 4950 1723 5002 et
1746 4948 1857 5004 stabili·

98 5037 398 5109 etpenetrantissima
418 5052 487 5092 roae
506 5035 657 5103 clamabat,
682 5036 781 5091 diceas
797 5035 843 5091 :0
866 5035 955 5091 bomo
1008 5042 1097 5094 tatem
1121 5035 1287 5091 aeternitatis
1319 5035 1401 5106 regni
1425 5035 1491 5103 ltsi;
1517 5053 1582 5108 qnae
1620 5037 1701 5092 nullo
1730 5037 1857 5108 impulsa

99 5125 323 5198 tragilispulris
339 5125 375 5182 de
398 5126 517 5197 pulvere
540 5132 636 5194 terrae,
651 5129 682 5179 et
699 5123 772 5178 cinis
792 5123 828 5180 de
847 5123 954 5192 cinere,
1009 5125 1131 5181 labentis
1154 5123 1354 5180 mutabilitatis
1375 5127 1471 5195 potest
1498 5123 1695 5194 exterminari,
1719 5128 1748 5179 et
1772 5141 1859 5197 seper

97 5217 195 5272 clama
218 5219 247 5269 et
262 5213 309 5268 dic
333 5214 369 5269 de
403 5214 525 5269 introitu
554 5213 730 5284 incorrupte
759 5211 953 5268 salvationis:
1009 5215 1105 5286 ipsum
1126 5213 1245 5286 qnidam
1273 5216 1360 5268 taetre
1384 5211 1521 5268 claritatis
1551 5212 1664 5280 sedens,
1687 5216 1721 5267 nt
1743 5211 1858 5269 claritas

98 5309 248 5378 quatenos
257 5301 279 5358 ii
301 5302 472 5358 erudiantur
487 5301 539 5374 qai
560 5300 716 5357 medullam
740 5299 953 5372 §sripturarum
1009 5302 1099 5374 ipsius
1120 5303 1212 5358 risum
1248 5305 1332 5357 tunm
1364 5301 1530 5358 hebetaret:
1556 5301 1679 5357 ostendit
1714 5301 1744 5356 in
1767 5315 1857 5373 regno

99 5393 245 5460 videntes,
270 5407 334 5448 eam
364 5407 419 5446 nec
448 5391 555 5459 dicere,
585 5407 639 5446 nec
665 5389 822 5462 praedicare
842 5391 952 5459 volrrnt,
1008 5390 1315 5464 beatitudiuis,ipsum
1330 5389 1381 5463 qui
1397 5390 1553 5460 intulgore
1571 5387 1762 5445 indeficientis
1784 5406 1859 5446 sera-

98 5482 174 5555 quia
196 5479 288 5553 tepidi
310 5483 340 5535 et
363 5478 482 5535 bebetes'
502 5480 539 5535 ad
564 5478 789 5535 conservandam
812 5478 954 5549 justitiam
1009 5477 1106 5534 nitatis
1119 5479 1172 5534 toti
1186 5479 1249 5534 orbi
1273 5483 1414 5536 terrerum
1440 5478 1587 5550 imperans
1609 5493 1734 5551 superna
1753 5479 1857 5536 divini-
