3984 6034
47 225 129 281 1085
782 223 860 280 VITA
881 223 899 281 S
930 221 1082 281 nutent!
1742 225 1806 283 loun

43 363 116 429 tur,
135 363 263 416 castrum
289 359 370 416 valde
387 357 534 416 munitum
553 356 665 428 hebuit,
692 361 722 414 et
745 373 796 430 per
815 361 906 414 totam
925 357 1069 413 thebent
1091 357 1191 430 (³¹l····
1227 357 1258 412 lu
1285 358 1369 430 plana
1391 357 1717 416 etenimbenedictioue
1743 360 1806 417 lru·

44 449 239 520 provinciam
255 448 344 516 illam,
356 449 417 504 lere
435 463 526 520 usqne
545 447 581 504 ad
605 447 783 518 nogentum
812 447 907 504 civita·
961 451 1067 504 ctuosae
1080 454 1175 515 terrae,
1191 445 1299 502 scilicet
1316 447 1533 514 benevolentiae,
1558 449 1631 504 bears
1645 447 1730 503 Jacob
1753 464 1806 503 an·

44 540 129 604 tem,
160 537 295 594 ducatum
323 536 425 594 tenuit.
455 538 584 608 Cumque
618 534 719 591 beatus
740 534 907 591 inlansllo·
963 535 1255 603 taquamnascaretur
1277 535 1424 608 diligebat,
1452 541 1480 590 et
1503 537 1533 592 iu
1561 537 1660 592 eadem
1687 537 1807 609 inspira-

46 624 159 680 bertos
176 625 263 680 trium
296 641 439 680 annocum
467 624 726 695 esset,paterejus
746 623 777 678 in
795 623 908 694 magnis
962 618 1040 675 none
1055 620 1172 678 beatum
1188 625 1344 679 llobertum
1356 623 1385 679 iu
1401 625 1520 679 infantia
1545 624 1636 696 ipsius
1673 624 1805 680 visitarit.

48 713 169 784 pretiis
183 717 284 768 contre
312 711 487 770 christianos
505 711 657 778 dimicans,
673 710 782 768 oceane
810 727 908 768 coram
964 708 1180 782 uersumque
1203 711 1344 784 previdit,
1367 712 1445 784 quod
1459 711 1602 767 sensibilis
1616 716 1692 766 terra
1722 713 1807 782 nujus

49 803 121 858 Deo
136 807 166 856 et
189 800 354 856 bominibus
375 801 498 869 interiit,
512 806 549 856 et·
563 800 592 854 B.
616 800 718 856 Bertba
736 816 808 855 uxor
834 799 909 872 ipius
961 797 1201 867 pneriadllaum
1225 803 1360 856 anhelare
1392 801 1586 868 desideraret;
1606 801 1715 872 etquia
1743 803 1806 866 boc,

43 890 149 944 vidua
162 889 311 944 remansit.
646 963 650 968 ι
962 886 1006 941 lec
1018 887 1110 943 adhuc
1124 905 1240 962 sugens,
1258 891 1287 945 in
1311 889 1441 944 moribus
1456 890 1515 944 suis
1534 888 1708 959 (ostendere)
1734 889 1806 944 iuci-

94 980 122 1031 3.
139 978 207 1042 Quae
223 993 288 1032 see
310 976 422 1032 viuculo
446 976 543 1032 mariti
561 980 591 1032 et
605 993 622 1032 a
637 977 830 1032 sollicitudine
852 995 909 1034 sce-
962 976 1072 1046 piabat3
1091 981 1256 1050 omnesqui
1280 995 1345 1034 eom
1364 979 1506 1042 videbant,
1522 979 1616 1050 ipsum
1636 979 1716 1034 raldo
1742 979 1807 1033 dili·

47 1067 117 1121 culi
133 1068 257 1120 solutam
274 1066 382 1132 videns,
399 1065 552 1136 praelatum
566 1072 692 1120 castrum
715 1065 851 1132 desernit,
880 1068 910 1118 et
961 1065 1088 1138 gebaut;
1116 1067 1254 1138 quoniam
1281 1068 1444 1139 ubicunqne
1472 1067 1674 1124 benevolentia
1703 1067 1732 1122 in
1757 1069 1808 1122 ho-

48 1154 443 1216 adalinmlocum,scilicet
462 1153 834 1224 supeanbameilunrtiu
851 1169 909 1226 qino
963 1153 1101 1220 rnincast,
1119 1156 1295 1211 edamorcnr
1320 1155 1395 1210 illius
1423 1155 1564 1210 desideria
1587 1156 1736 1211 hominum
1764 1171 1807 1209 nc-

48 1259 140 1298 nunc
154 1241 285 1314 reliquiae
296 1241 388 1312 ipsius
401 1247 431 1296 at
444 1241 520 1296 beati
535 1241 653 1298 ltoberti
667 1241 861 1312 requiescunt)
876 1258 907 1296 se
962 1243 1134 1312 ceudnutur,
1151 1246 1229 1309 velut
1241 1259 1287 1298 ros
1311 1261 1397 1316 super
1423 1237 1546 1314 granum
1572 1245 1606 1300 ad
1632 1244 1806 1300 viriditatem

49 1330 314 1401 contentibiles
335 1329 486 1386 ecclesiam
508 1329 670 1385 aedificarit.
698 1329 908 1386 Pretiositatem
962 1331 1138 1388 illiuscudit.
1164 1334 1259 1404 ltaque
1291 1336 1345 1402 (32)
1361 1349 1510 1404 cumpner
1531 1333 1671 1390 bobertus
1698 1337 1807 1404 septem

49 1435 177 1491 quoquo
189 1427 219 1472 et
233 1418 392 1474 claritatem
402 1418 640 1473 vestimentorum
653 1417 767 1489 abjecit,
783 1434 837 1473 nee
862 1420 908 1472 ul·
963 1435 1105 1475 annorum
1118 1427 1203 1490 esset,
1226 1422 1335 1477 litteras
1354 1422 1462 1477 discere
1487 1422 1677 1489 desiderabat,
1704 1422 1808 1494 quibus

50 1510 152 1563 terius
164 1506 336 1579 dignitatem
354 1507 470 1578 generis
490 1506 535 1562 soi
562 1506 766 1563 etdivitiarum
791 1523 909 1564 suarum
963 1523 1028 1563 eum
1054 1516 1145 1565 nrater
1166 1526 1219 1565 sua
1245 1510 1352 1565 instrui
1367 1509 1507 1579 laniabat3
1533 1511 1581 1565 scd
1604 1515 1701 1566 tamen
1729 1509 1809 1564 cleri-

50 1596 196 1663 attendit;
211 1598 262 1652 sad
284 1597 334 1652 rili
368 1597 470 1652 raedtu
495 1601 523 1652 et
545 1612 645 1667 grosso
668 1598 745 1652 velut
767 1613 847 1653 sacco
862 1596 907 1652 in·
962 1613 1029 1652 cum
1044 1599 1240 1664 eseauolcbat,
1261 1599 1310 1653 sed
1326 1599 1356 1653 in
1371 1599 1434 1655 loco
1451 1597 1539 1670 patris
1554 1598 1599 1654 sui
1614 1599 1715 1653 ducem
1739 1613 1808 1669 pro-

50 1687 142 1752 duta,
156 1687 313 1757 acciugnlo
337 1685 441 1754 cincta,
458 1684 592 1756 deinceps
615 1683 648 1740 in
668 1683 844 1740 continentia
867 1686 907 1740 vi·
926 1655 948 1712 B
964 1685 1064 1742 cinciae
1086 1702 1145 1741 suae
1169 1703 1201 1742 ec
1229 1687 1409 1743 defensorem
1437 1685 1627 1743 Ecclesiarom
1656 1701 1722 1742 enm
1747 1701 1808 1741 esse

51 1774 190 1842 deitatis,
215 1778 248 1830 ut
269 1774 319 1830 din
346 1777 506 1845 optaverat,
544 1775 604 1828 beo
627 1774 731 1829 devota
754 1773 906 1829 muniebat.
961 1773 1142 1844 disponebat.
1154 1774 1217 1844 lpse
1239 1779 1334 1830 auum
1351 1775 1443 1847 gratia
1468 1774 1591 1845 Spiritus
1619 1775 1709 1830 sancti
1723 1773 1807 1830 miso·

52 1865 166 1919 Multos
193 1877 308 1935 quoqne
332 1862 475 1934 perlectos
498 1865 528 1918 et
553 1861 626 1918 alios
645 1861 785 1934 quosdam
816 1861 909 1918 bonos
962 1860 1051 1916 ricors
1066 1877 1152 1933 super
1160 1877 1301 1933 pauperes
1313 1867 1384 1930 erat,
1401 1863 1477 1936 quod
1489 1862 1682 1920 minlstarium
1697 1877 1729 1918 ac
1757 1877 1806 1917 en·

52 1950 508 2022 homineeedseoollogil,scin
523 1951 660 2023 praedicto
686 1952 749 2007 loco
773 1966 908 2024 perman·
962 1950 1096 2005 slentetio
1116 1950 1325 2006 benevolentiae
1352 1957 1405 2018 cst,
1422 1951 1666 2024 quemadmodum
1701 1951 1809 2006 viscera

52 2040 116 2107 sit,
146 2040 243 2112 ibique
264 2039 370 2111 vigiliis
384 2044 414 2094 et
435 2038 557 2110 jejuniis
578 2054 608 2094 se
622 2055 781 2103 macerans,
805 2039 910 2094 oratio·
961 2038 1238 2094 hominiserrieutes
1254 2055 1321 2094 eum
1339 2041 1496 2096 continent.
1514 2041 1585 2096 Nam
1600 2043 1629 2095 et
1648 2039 1805 2096 secundnm

53 2129 148 2184 nibus
164 2129 251 2184 eliam
270 2133 300 2182 et
320 2127 513 2198 eleemosynis
530 2127 729 2198 becquotidie
743 2128 909 2184 ministrans
962 2142 1057 2183 mores
1073 2143 1240 2199 puerorum,
1254 2128 1419 2201 ubicunque
1435 2144 1576 2200 parrperes
1607 2131 1744 2200 puerulos
1769 2127 1809 2182 in·

53 2218 156 2273 lilium
174 2233 259 2272 suurn
289 2216 367 2272 bono
388 2217 520 2287 exemplo
542 2216 574 2271 in
597 2217 747 2272 sanctitate
766 2218 907 2284 mareins,
963 2213 1049 2278 venit,
1062 2230 1111 2269 eos
1122 2214 1207 2270 matri
1226 2231 1285 2270 suae
1305 2216 1420 2279 obtulit.
1432 2216 1549 2270 dicens:
1580 2235 1594 2265 «
1619 2215 1715 2282 Mater,
1742 2229 1807 2269 acce

53 2305 199 2377 quoniam
209 2304 338 2373 timebat,
355 2304 434 2376 quod
447 2320 499 2376 per
509 2310 644 2376 cognatos
663 2310 694 2359 et
711 2306 816 2360 amicos
841 2321 909 2360 suos
962 2302 1015 2357 lilii
1027 2301 1079 2360 tui.
1099 2323 1113 2352 n
1134 2302 1216 2368 Quod
1239 2304 1347 2358 lectuna
1366 2301 1561 2374 illa-benigna
1584 2302 1754 2374 scracipieus,
1781 2302 1808 2357 ei

54 2396 96 2450 ad
113 2395 289 2466 voluptatem
312 2392 411 2448 wenti
432 2398 612 2460 moveretnr3
635 2398 672 2459 ct,
688 2409 725 2448 ne
744 2395 798 2448 hoc
816 2395 907 2462 lieret,
962 2391 1128 2462 respondit:
1148 2411 1163 2440 e
1188 2390 1240 2446 l'rli
1265 2390 1315 2457 mi,
1337 2393 1438 2446 trahes
1466 2392 1507 2446 tui
1530 2395 1637 2446 sunt.»
1666 2391 1807 2456 Quicum

54 2485 268 2554 dieuoctuque
283 2482 367 2538 illum
389 2483 447 2537 lieo
472 2481 702 2538 commendabat.
731 2481 784 2537 Sed
812 2487 909 2537 temen
962 2483 1159 2550 competenter
1173 2484 1203 2534 ct
1216 2479 1336 2534 honeste
1352 2479 1521 2547 nutriretur,
1533 2485 1617 2535 aetate
1641 2483 1669 2534 et
1690 2479 1807 2550 snpien-

56 2572 316 2644 plurimityrauni,
332 2577 392 2626 um
401 2569 548 2627 Christum
566 2571 693 2624 colentes
707 2585 794 2642 quam
824 2569 910 2625 idolis
963 2567 1109 2623 tiacoraun
1127 2566 1404 2622 Decethomiuibus
1418 2568 1581 2640 proficiens,
1600 2567 1637 2623 ad
1649 2567 1806 2639 juvenilem

56 2661 228 2729 servientes,
240 2676 305 2716 eam
319 2659 437 2715 iuterim
460 2659 644 2726 infestabant,
669 2665 698 2713 ct
710 2666 768 2714 tam
792 2661 909 2730 elegan—
962 2661 1086 2722 etatem,
1102 2657 1133 2711 iu
1148 2656 1253 2710 sanctis
1268 2655 1397 2712 moribus
1416 2673 1450 2712 ac
1477 2655 1630 2712 virtutibus
1660 2657 1805 2722 educatus,

59 2751 134 2806 tiam
151 2749 266 2820 generis
285 2749 454 2821 etcorporis
472 2747 563 2820 ipsios
583 2749 799 2820 amplectentes,
821 2765 910 2820 qinom
963 2743 1109 2818 pervenit;
1137 2749 1242 2800 unctus
1261 2745 1324 2800 oleo
1354 2745 1521 2814 conutitutis,
1553 2749 1585 2802 nt
1608 2744 1707 2810 David,
1744 2748 1808 2800 oleo

60 2839 173 2895 divitiis
187 2849 216 2892 et
234 2836 351 2910 praediis
376 2836 439 2909 ejus
462 2836 620 2904 inhiantes,
638 2853 701 2892 eam
728 2835 781 2892 sibi
810 2838 907 2892 matri·
962 2832 1070 2888 laetitiae
1096 2849 1155 2904 prce
1178 2833 1360 2889 consortibus
1382 2834 1440 2889 suis
1463 2836 1548 2904 (Paul.
1574 2849 1686 2904 xxxxiv,
1701 2833 1737 2901 8),
1762 2837 1807 2887 at·

59 2927 164 2984 monio
179 2927 317 2999 conjungi
336 2926 518 2982 affectabant.
536 2927 599 2996 lpse
628 2941 695 2980 vcro
726 2941 827 2982 omnes
851 2944 908 2982 uno
927 2939 1020 3000 cque
1035 2922 1155 2993 gloriam
1166 2921 1365 2979 munemundi
1380 2927 1440 2978 toto
1455 2923 1520 2978 nisu
1536 2922 1641 2979 mentis
1656 2937 1715 2978 sue
1729 2937 1807 2994 spre-

60 3016 161 3071 animo
174 3021 205 3070 at
218 3032 276 3070 uua
285 3016 431 3070 voluntate
450 3034 468 3068 a
485 3030 516 3070 se
530 3014 697 3086 repellebat,
716 3020 745 3070 et
773 3015 909 3071 solihan
964 3012 1011 3081 vit,
1035 3011 1167 3084 quamuis
1194 3027 1257 3068 eam
1295 3011 1482 3084 corporaliter
1509 3028 1606 3068 coram
1636 3011 1809 3081 {hominihus

61 3105 178 3176 placere
189 3103 332 3169 studebat,
347 3107 376 3157 et
386 3103 480 3156 fllium
503 3118 590 3158 suum
605 3103 698 3174 magis
721 3103 757 3159 ad
784 3105 908 3174 gloriam
964 3102 1069 3156 habere
1085 3101 1238 3156 videretur.
1265 3101 1297 3156 ln
1316 3100 1400 3156 bouis
1414 3117 1540 3172 nouique
1559 3101 1688 3156 moribus
1711 3105 1808 3155 sarecto

63 3191 262 3264 Deiquamad
278 3191 530 3246 honoremsseculi
548 3192 669 3246 educare
692 3193 848 3248 laborabat.
876 3196 910 3250 tu
963 3190 1084 3258 vivebat,
1114 3194 1143 3244 ot
1161 3189 1310 3245 ecclesiam
1332 3189 1387 3262 piis
1414 3188 1592 3245 orationibus
1614 3189 1728 3245 assidue
1755 3189 1809 3242 lre·

61 3298 122 3354 quo
133 3280 430 3334 dumbouasrirtutcs
447 3278 524 3334 bona
550 3296 601 3349 epe
624 3281 749 3336 coelestis
770 3281 835 3336 ritca
861 3299 909 3338 ca·
963 3279 1131 3353 qtcentahat,
1142 3285 1171 3335 et
1185 3295 1251 3352 qnae
1266 3279 1295 3334 in
1310 3279 1399 3336 sacris
1418 3277 1807 3348 voluminibnsldocebatur‚

61 3384 181 3440 surgere
195 3368 314 3432 videret,
335 3366 523 3438 animumque
551 3367 629 3421 itlius
647 3368 740 3440 magis
753 3369 789 3425 ad
803 3375 911 3425 aeterna
963 3369 1047 3423 bonae
1058 3367 1206 3423 memoriae
1216 3367 1264 3438 pio
1278 3367 1374 3425 studio
1383 3367 1615 3423 commendabat.

63 3473 151 3530 qnam
168 3455 204 3511 ad
225 3454 333 3510 caduca
356 3453 487 3510 innixum
517 3455 693 3523 attenderet;
715 3455 750 3512 de
776 3457 910 3527 plurimis
1000 3459 1026 3510 5.
1044 3456 1172 3526 Cumque
1200 3456 1237 3511 ed
1258 3455 1460 3512 duodecimum
1493 3455 1585 3512 etatis
1614 3471 1674 3510 sne
1701 3469 1809 3510 aunum

63 3544 148 3601 donis
162 3543 252 3600 sancti
278 3541 402 3614 Spiritus
424 3542 576 3615 gaudebat,
606 3559 671 3615 qnae
687 3544 719 3598 iu
747 3544 810 3616 ipso
829 3545 910 3599 vido·
964 3543 1318 3616 peruenisset,matereua
1335 3544 1372 3599 ud
1406 3543 1501 3616 ipsum
1528 3543 1648 3600 diuite«
1677 3543 1731 3600 Fili
1757 3542 1808 3607 mi,

63 3634 123 3689 bat.
964 3632 1103 3704 quantiam
1112 3631 1251 3703 plurimes
1260 3632 1409 3687 facultates
1423 3636 1451 3686 ot
1461 3632 1573 3688 divitias
1587 3631 1728 3687 habemns
1742 3631 1808 3699 (33),

101 3724 127 3777 4.
142 3720 283 3786 Quoniam
293 3721 370 3777 idem
383 3719 486 3776 beatus
500 3719 653 3787 ltobertns,
683 3735 750 3778 cum
765 3720 861 3777 iulans
881 3727 911 3778 at
963 3721 1110 3776 oraculum
1133 3720 1162 3777 in
1188 3719 1329 3776 honorem
1357 3719 1419 3787 ltci,
1438 3725 1467 3774 et
1493 3721 1615 3776 salutm
1641 3719 1806 3774 animarum

65 3811 109 3864 lac
122 3826 227 3880 sugens
239 3813 323 3875 esset,
348 3824 443 3863 mores
466 3807 585 3864 malitiae
612 3808 741 3878 intentis,
769 3810 910 3881 plorando
964 3815 1130 3866 nostrarum
1157 3809 1332 3866 iaciemus.»
1358 3807 1410 3863 llui
1430 3808 1479 3862 ille
1501 3806 1702 3878 respoudlt:‹
1736 3808 1808 3872 Non,

66 3915 117 3953 een
132 3897 289 3966 irascendo,
303 3913 363 3952 non
383 3896 487 3952 babuit
502 3912 509 3951 :
525 3901 555 3951 et
577 3913 594 3952 a
620 3897 692 3952 lacte
707 3897 866 3954 abstractus
879 3899 910 3955 in
965 3904 1058 3953 mater
1073 3914 1147 3965 maa,
1163 3898 1212 3953 sed
1228 3897 1400 3969 priusquod
1416 3895 1601 3967 Evangelium
1615 3895 1701 3952 habet
1715 3895 1808 3949 inten-

66 3987 189 4058 pueritia
205 4003 268 4052 sos,
283 3987 314 4042 iu
329 3984 459 4041 moribus
472 3985 543 4048 suis,
573 3985 652 4041 velut
670 3985 758 4041 homo
771 3987 822 4059 qui
841 3987 926 4042 diii··
964 3987 1067 4043 damus
1080 3988 1155 4058 (3·'r);
1170 3993 1199 4042 et
1213 3987 1354 4058 propbeta
1368 3985 1436 4042 dicit
1451 4001 1460 4041 t
1486 3987 1592 4054 Frange
1609 3985 1740 4040 esurienti
1758 3999 1809 4053 po·

66 4074 230 4146 geutissima
265 4073 426 4128 intentione
455 4073 491 4128 ad
529 4073 620 4128 Deum
652 4073 809 4141 anhelaret,
836 4075 908 4130 luit:
964 4083 1152 4143 commanet
1172 4093 1265 4144 apertos·
1288 4089 1424 4144 nugasque
1449 4073 1534 4130 induo
1548 4076 1578 4129 in
1596 4073 1704 4128 muro
1734 4079 1810 4127 tuom

66 4168 241 4234 quapropter
250 4167 333 4235 pater
346 4177 491 4216 sunseom
502 4161 569 4216 odio
593 4163 711 4226 babens,
727 4162 822 4233 ipsum
843 4165 911 4217 stol·
965 4167 1029 4237 (leo.
1051 4181 1125 4230 narrt,
1141 4165 1177 4234 7).
1193 4165 1226 4219 nt
1252 4165 1358 4219 iterum
1375 4178 1381 4218 :
1397 4167 1464 4220 Cam
1481 4162 1583 4218 uideris
1597 4162 1712 4228 nudum,
1734 4163 1810 4230 operi

66 4261 127 4306 turn
139 4257 168 4306 et
186 4252 298 4307 latuum
312 4249 377 4306 lieri
391 4248 537 4304 multoties
557 4249 761 4319 affirmaverat,
785 4250 854 4305 duur
866 4250 907 4305 vi·
925 4241 949 4295 Ι)
963 4270 1034 4320 curn,
1046 4259 1070 4308 et
1083 4268 1192 4308 corraeos
1214 4257 1289 4307 tuom
1301 4267 1334 4306 ne
1347 4251 1502 4320 despeucris
1515 4249 1620 4319 (etto).
1637 4247 1720 4314 Quod
1745 4262 1809 4302 ma·

67 4340 225 4396 robatscd
248 4339 299 4411 qui
319 4339 410 4394 Deum
439 4339 516 4394 bona
534 4343 564 4393 et
585 4345 662 4392 recta
689 4338 747 4392 lide
767 4339 909 4409 colebant,
966 4347 1010 4398 ter
1029 4340 1262 4413 ipsiusaudiene,
1288 4338 1535 4412 quamplurimum
1559 4336 1713 4408 gaudebat,
1741 4337 1810 4408 quia

67 4443 187 4502 puerum
203 4429 279 4484 bunc
296 4427 327 4482 in
337 4425 461 4498 pueritia
478 4441 531 4480 sua
565 4431 624 4482 tam
648 4426 821 4483 benevolum
848 4427 910 4483 exi·

68 4523 187 4574 stentem
203 4527 363 4582 cernentes,
374 4515 455 4570 valde
477 4515 622 4578 amabant.
638 4520 667 4573 et
691 4515 808 4572 boatum
836 4517 910 4572 lutu-

69 4623 142 4675 rum,
154 4605 345 4678 quamvisper
359 4603 564 4675 ignorantiam,
578 4603 716 4660 veraciter
742 4609 840 4660 tanuen
865 4605 908 4661 di-

69 4696 179 4750 cebant.
206 4693 329 4764 Spiritus
352 4698 468 4748 sauctus
492 4691 583 4759 eninr,
605 4691 657 4764 qui
676 4692 764 4748 Jacob
790 4694 910 4764 patriar·

69 4784 149 4838 cham
172 4782 203 4836 iu
228 4786 308 4836 utero
330 4781 431 4836 matris
453 4795 512 4834 sune
539 4780 632 4852 gratie
654 4796 706 4834 sua
733 4781 909 4852 perfuderat,

69 4873 205 4926 inlautcm
228 4870 315 4924 istum
331 4867 418 4924 etiam
447 4868 612 4940 inspirarit3
638 4869 707 4940 quie
722 4870 798 4924 Deus
819 4870 910 4925 mba-

69 4961 131 5016 cnla
143 4974 195 5015 sue
206 4957 311 5028 saepius
333 4957 364 5012 in
388 4955 425 5012 iis
438 4956 526 5012 ctiam
539 4956 616 5022 lacit,
630 4958 682 5028 osni
708 4973 768 5028 prce
789 4959 910 5014 mollitia

70 5063 245 5104 venarnmac
264 5046 456 5102 medullarum
476 5045 591 5116 plenam
605 5044 755 5102 scientiam
776 5049 909 5104 noudum

102 5207 157 5275 tot)
173 5205 222 5261 llic
242 5202 383 5274 digressio
400 5203 486 5282 longa
509 5201 627 5270 inserta,
654 5207 790 5272 tauquam
814 5204 910 5260 nanus

69 5276 231 5358 necessaria,
248 5292 264 5330 a
281 5275 379 5330 Busaeo
394 5288 500 5328 omissa
514 5277 558 5326 cst
572 5277 600 5327 ct
618 5271 770 5328 achelio
790 5275 907 5330 Germa-

68 5348 243 5488 nssgteldllltiuc
256 5413 402 5488 incipiunt
420 5430 488 5470 mss.
502 5413 675 5486 compendia
689 5415 908 5487 Ultrajectinum

69 5495 95 5545 et
109 5489 213 5545 Rubcae
229 5489 323 5543 Vallis.

965 4430 1042 4486 lilius
1059 4431 1120 4501 ejus
1144 4435 1201 4484 tam
1222 4445 1324 4486 sanum
1355 4425 1505 4482 consilium
1528 4426 1584 4498 ipsi
1596 4426 1721 4480 dederat.
1738 4423 1809 4478 Nam

964 4519 1171 4592 perspiritum
1188 4523 1318 4572 sanctum
1339 4517 1415 4572 bona
1442 4521 1471 4572 et
1498 4521 1596 4570 sancta
1626 4513 1768 4570 desideria
1779 4513 1809 4567 iu

964 4607 1062 4664 auimo
1077 4605 1156 4662 illine
1166 4605 1290 4678 iuvenis,
1305 4605 1559 4672 sicntbolsamum,
1592 4601 1734 4658 sudabant
1749 4617 1757 4656 ε
1783 4605 1811 4655 et

964 4696 1108 4769 quomodo
1124 4695 1186 4750 haec
1207 4711 1272 4767 qnae
1287 4695 1397 4750 locutus
1426 4692 1591 4749 lueratlieri
1613 4695 1737 4768 possent,
1764 4707 1809 4744 ee-

964 4801 1030 4840 cum
1048 4785 1166 4839 silenter
1198 4783 1348 4851 tractabat,
1374 4786 1402 4836 et
1429 4782 1469 4836 sic
1496 4779 1705 4836 obdormiebat.
1733 4778 1810 4834 Undo

964 4889 1016 4946 per
1030 4872 1255 4928 admunitionem
1278 4871 1401 4942 Spiritus
1427 4869 1517 4926 sancti
1535 4869 1690 4942 quemdam
1712 4882 1811 4922 senem
1854 4929 1857 4938 Ι

963 4962 994 5017 in
1007 4959 1115 5018 somnis
1129 4960 1210 5023 vidit,
1227 4959 1277 5032 qui
1296 4959 1445 5031 pulchram
1469 4958 1570 5012 luciam
1585 4956 1703 5023 babens,
1720 4970 1809 5026 quos-

964 5051 1030 5108 doun
1041 5049 1178 5122 puerulos
1189 5048 1220 5104 in
1242 5047 1364 5120 limpida
1378 5065 1453 5120 aaron
1467 5047 1543 5114 lavit,
1560 5060 1638 5118 ,quos
1663 5049 1763 5115 posteo
1781 5047 1810 5100 in

984 5203 1221 5285 ³(3³)0roculum
1245 5220 1297 5278 pro
1313 5202 1439 5258 oratorio
1454 5201 1539 5268 sumi,
1560 5199 1665 5274 saepius
1695 5200 1811 5257 aduolu-

964 5291 1069 5330 armna.

1000 5347 1056 5415 (bl)
1067 5347 1106 5399 ltu
1123 5361 1189 5400 mas.
1203 5349 1230 5398 et
1247 5361 1398 5415 perperam
1415 5345 1492 5414 apud
1520 5345 1653 5401 Busarnm
1669 5348 1698 5398 et
1716 5342 1811 5398 Serru-

964 5417 1040 5471 rinm
1056 5417 1186 5488 legitur:
1209 5437 1222 5464 a
1254 5415 1324 5472 lticit
1349 5417 1426 5472 euim
1447 5416 1625 5484 Christus;»
1648 5418 1691 5470 est
1714 5419 1809 5470 auteur

965 5487 1101 5543 hiclocus
1111 5486 1193 5542 Isaiae
1203 5501 1281 5542 narrt.
