3984 6034
151 282 218 338 rtet
896 280 924 334 s.
947 268 1183 337 nilominus
1831 277 1897 332 tres
1974 337 1975 340 ,

286 415 351 470 Cae.
364 415 439 470 llcll.
456 443 491 453 -
505 411 546 467 lle
557 415 661 467 hasar.
678 411 716 484 (l)
733 409 782 481 ΠΙ,
798 409 854 472 dil.
1013 415 1034 464 A
1049 409 1226 465 contrariom
1248 408 1374 464 calorem
1394 407 1492 477 hahet,
1517 413 1547 464 et
1574 409 1610 464 de
1624 425 1709 464 succo
1735 425 1768 464 ae
1792 408 1900 464 sudore

182 503 271 560 Alasit
288 503 390 574 [Enete
402 502 458 575 ed]
476 500 575 558 celidoe
590 506 620 556 et
637 499 717 556 siccae
731 505 843 556 uaturae
869 502 898 554 et
912 497 997 554 utiles
1051 505 1133 555 terroe
1144 500 1256 568 crescit,
1272 505 1301 556 et
1315 499 1394 556 utilis
1412 497 1576 569 [etioutilisl
1593 503 1646 556 est.
1657 499 1730 556 llam
1740 499 1819 556 radix
1835 501 1900 571 eius
1974 545 1975 578 ,

146 591 223 648 vires
236 592 267 647 in
281 609 311 648 se
325 592 423 648 habet.
440 593 836 663 uipereorumsnnum‚tam
850 587 996 660 aridaque
1050 589 1086 644 ad
1101 589 1212 645 nullam
1227 587 1380 644 utilitatem
1401 589 1486 655 valet,
1503 593 1532 643 et
1544 588 1614 644 folla
1628 593 1688 644 tem
1702 588 1792 645 cruda
1809 605 1899 660 quam

147 678 246 735 viridis
260 680 291 735 in
310 695 417 751 purum
441 680 539 734 riuum
563 682 701 749 ponator3
726 675 776 731 sed
798 680 951 748 postquam
965 676 995 730 in
1050 681 1129 732 cocta
1163 676 1325 750 periculosa
1354 682 1422 731 sunt
1453 676 1566 732 homiui
1602 678 1639 733 ad
1674 677 1900 746 comedendum,
1974 711 1975 728 ι

146 767 216 823 rino
240 784 269 822 ae
293 767 477 836 contraxerit,
499 768 573 823 vires
596 764 625 820 in
650 781 682 820 ea
706 765 854 832 deliciunt,
876 770 906 820 et
927 769 997 820 tnnc
1050 771 1155 837 praeter
1179 765 1262 820 illum
1278 765 1325 821 cui
1352 765 1476 821 calculus
1503 765 1534 819 iu
1553 781 1672 837 corpore
1693 766 1838 834 nascitnr3
1870 771 1901 820 et
1974 735 1975 804 i

145 856 196 911 illa
209 855 352 927 ejiciatur,
369 861 485 911 etnova
498 854 673 926 imponatur.
690 855 722 909 Et
736 854 787 925 qui
806 853 836 908 in
853 852 993 924 pulmone
1049 855 1099 910 ille
1119 853 1187 910 folia
1205 855 1301 911 herhee
1325 854 1412 926 hujus
1441 854 1550 926 optimo
1575 850 1644 908 rino
1670 859 1785 927 coquat,
1809 859 1838 910 et
1860 855 1901 909 ri·

147 945 235 1012 dolet,
251 960 316 1000 eam
329 943 459 1017 quotidie
476 947 542 999 ente
561 943 658 998 cibum
684 948 795 1014 etpost
815 941 912 998 cibum
938 957 996 997 mo-
1051 959 1121 999 nom
1136 944 1191 999 hoc
1204 959 1258 1014 per
1284 958 1413 1015 pannum
1439 942 1564 997 colatum
1588 947 1647 998 tam
1661 959 1785 1015 pransus
1809 959 1899 1015 qaam

148 1033 211 1090 dice
227 1033 268 1088 sic
284 1033 375 1100 hibat,
398 1038 427 1088 et
446 1048 600 1099 venenum,
622 1030 651 1087 id
671 1035 714 1086 est
739 1033 841 1102 eythen
871 1032 906 1086 de
928 1031 996 1103 pul·
1047 1032 1165 1102 jejunus
1179 1032 1258 1088 hibat
1271 1029 1407 1092 calidum,
1423 1029 1499 1085 etde
1524 1029 1693 1086 fortitudine
1709 1031 1771 1102 ejus
1785 1030 1817 1086 in
1834 1030 1898 1103 ipso

149 1138 234 1177 mone
261 1122 324 1193 ejus
346 1121 450 1188 aufert,
466 1125 495 1176 et
523 1121 718 1190 emigraneam
739 1120 854 1193 premit,
875 1137 908 1175 ac
926 1135 995 1175 ocu-
1050 1120 1175 1175 calculus
1189 1119 1358 1176 conteritur.
1376 1119 1472 1174 utores
1488 1134 1605 1191 quoqne
1620 1118 1683 1190 ejus
1696 1119 1727 1175 in
1748 1120 1899 1192 pulverem

147 1211 190 1266 los
203 1209 348 1281 purificat.
369 1210 424 1266 Sed
434 1209 457 1265 si
473 1209 539 1282 quis
559 1225 623 1264 eam
639 1209 805 1281 frequenter
820 1210 859 1263 sic
873 1209 994 1276 biberet,
1050 1209 1159 1280 redige,
1188 1214 1217 1264 et
1240 1210 1326 1265 etiam
1359 1210 1509 1274 concham,
1540 1207 1684 1264 testudine
1713 1208 1834 1280 abjecta,
1870 1213 1899 1264 et

148 1298 232 1353 illum
256 1315 314 1369 pree
338 1297 505 1354 fortitudine
528 1304 580 1353 sot
596 1297 720 1352 lederet.
741 1297 823 1364 Quod
846 1298 870 1352 si
893 1297 994 1352 vinum
1050 1297 1183 1368 pulveres
1197 1297 1266 1353 istas
1284 1297 1448 1366 commisce,
1475 1298 1513 1353 ita
1533 1296 1610 1368 qood
1636 1297 1699 1368 plns
1735 1297 1772 1351 sit
1799 1298 1899 1368 polve-

148 1403 207 1442 non
224 1387 360 1442 habeant
382 1387 425 1442 illi
440 1387 584 1459 imponas,
608 1385 652 1440 fac
672 1401 738 1440 cum
764 1385 849 1440 melle
871 1389 900 1440 et
921 1401 996 1457 aqua
1050 1385 1090 1440 ris
1113 1386 1149 1441 de
1172 1386 1291 1442 conche.
1317 1387 1350 1442 ut
1364 1386 1388 1441 si
1402 1386 1467 1457 eois
1488 1387 1564 1452 prim
1590 1385 1621 1440 in
1636 1385 1729 1456 capite
1743 1384 1842 1452 hahet,
1867 1385 1898 1441 iu

147 1490 253 1547 purum
276 1476 450 1544 honigwurtz
478 1480 588 1546 [potum
615 1471 682 1540 ed.],
712 1477 740 1528 et
767 1473 852 1529 Alunt
878 1472 995 1546 impone
1051 1474 1144 1529 ulcera
1158 1474 1208 1529 illa
1224 1475 1371 1545 pulverem
1387 1475 1475 1529 istum
1496 1490 1547 1545 per
1561 1488 1665 1529 norem
1682 1479 1732 1528 erit
1747 1489 1799 1544 per
1812 1473 1897 1546 quiu-

148 1564 253 1619 ethibe
268 1569 302 1618 ut
315 1564 485 1636 predictum
505 1567 556 1617 est.
579 1563 682 1634 Accipe
698 1561 784 1617 etiam
803 1565 889 1630 vigim
911 1560 995 1623 [fruc
1050 1561 1143 1616 decim
1166 1561 1226 1617 dies
1252 1563 1362 1634 proice,
1382 1567 1410 1617 et
1436 1563 1466 1617 in
1486 1565 1590 1634 quarta
1616 1568 1645 1616 et
1670 1561 1702 1617 in
1730 1559 1830 1632 quinta
1851 1562 1897 1616 die

147 1658 209 1708 tum
225 1653 295 1707 fiens
313 1652 367 1715 ed]
385 1657 414 1707 et
428 1651 473 1707 his
484 1657 596 1706 unium
613 1649 706 1717 hlaut,
730 1654 759 1705 et
780 1651 853 1706 adde
877 1651 993 1721 galgan,
1015 1657 1137 1760 Bcapot
1150 1652 1212 1722 ejus
1233 1651 1295 1706 lava
1309 1669 1374 1706 com
1400 1651 1498 1706 lixivia
1521 1667 1586 1723 quae
1601 1650 1636 1705 de
1650 1649 1777 1722 fagineo,
1802 1651 1831 1706 id
1854 1657 1898 1705 est

147 1747 176 1796 el
188 1741 222 1796 de
234 1741 281 1797 his
295 1740 339 1796 fac
350 1740 511 1807 luterdrang
536 1738 653 1811 [porum
668 1743 766 1810 potum
777 1736 844 1807 ed.],
870 1744 899 1792 et
918 1738 993 1808 hibe,
1052 1739 1162 1808 duchon,
1178 1740 1267 1808 venit,
1282 1744 1312 1794 et
1325 1739 1483 1795 sanabitur.

147 1831 171 1883 si
192 1829 221 1884 in
246 1830 383 1902 pulmone
400 1830 480 1885 doles
494 1833 523 1885 et
547 1844 605 1882 non
629 1827 664 1882 de
679 1827 743 1882 aliis
765 1827 992 1894 infirmitatibus,
1173 1827 1236 1884 Cae.
1254 1828 1339 1882 llClll.
1358 1857 1387 1868 —
1405 1829 1446 1882 ile
1463 1829 1563 1884 Drsran
1578 1827 1615 1898 (5)
1634 1827 1678 1900 [ll,
1698 1828 1769 1892 tou.

147 1923 173 1974 et
193 1917 302 1973 honum
332 1922 375 1973 est
406 1916 458 1971 tihi
478 1921 578 1972 contra
601 1915 801 1971 infirmitatem
834 1915 992 1985 pulmonis.
1084 1915 1193 1982 Distel,
1236 1920 1294 1970 tam
1340 1917 1418 1971 laevis
1443 1932 1530 1988 qnam
1557 1915 1746 1972 stechelechter
1780 1915 1896 1978 [Cordus

146 2006 227 2071 Quod
255 2006 280 2061 si
307 2006 342 2061 ad
368 2005 567 2060 infirmitatem
584 2003 730 2075 pulmonis
744 2003 815 2057 alias
839 2001 994 2056 infirmita·
1047 2008 1107 2057 tam
1133 2002 1207 2059 lenis
1242 2019 1329 2076 quarn
1356 2004 1485 2058 hirsutus
1515 2002 1570 2067 ed]
1611 2004 1736 2059 velocem
1771 2004 1896 2058 calorem

146 2100 189 2150 tes
211 2094 310 2161 hahes,
344 2098 412 2149 tunc
435 2093 497 2148 noli
523 2093 563 2147 sie
587 2091 695 2159 hibere,
722 2090 791 2163 qnia
810 2090 897 2145 nimis
919 2090 993 2148 forte
1048 2090 1144 2154 hahet,
1172 2091 1223 2163 qui
1238 2095 1334 2147 tameo
1354 2093 1410 2147 cito
1436 2097 1542 2164 torpel,
1571 2092 1782 2164 quiadeierra
1800 2091 1895 2147 sudat.

148 2183 199 2238 tihi
215 2182 421 2239 adhibendum
436 2185 519 2249 esset,
536 2185 565 2236 et
579 2180 645 2235 inde
661 2180 816 2262 ledereris.
1049 2179 1080 2234 lit
1097 2179 1187 2234 sudor
1215 2179 1268 2236 iste
1291 2186 1386 2249 terres,
1415 2181 1450 2236 de
1478 2197 1536 2252 quo
1563 2181 1654 2236 herha
1674 2181 1737 2236 hec
1757 2181 1895 2244 nascitur,

307 2270 372 2324 Cae.
389 2269 477 2325 xcvi.
492 2299 527 2308 —
547 2269 587 2323 lle
606 2269 762 2323 Parauaea
784 2266 833 2337 (2).
1048 2272 1092 2322 est
1109 2267 1275 2337 stechelecht,
1291 2274 1320 2324 et
1338 2275 1479 2325 tortuosos
1507 2271 1609 2325 herhas
1633 2269 1702 2325 facit
1731 2271 1781 2342 (6).
1807 2271 1843 2326 Et
1865 2277 1896 2324 ut

184 2361 311 2430 Papauer
324 2357 463 2428 frigidum
473 2362 563 2426 est,et
573 2354 894 2424 modicehomidnm3et
904 2370 994 2426 grana
1049 2356 1139 2410 sudor
1166 2357 1201 2412 de
1229 2357 1348 2412 homine
1376 2357 1445 2425 exii,
1475 2373 1541 2413 curn
1571 2357 1619 2414 ille
1641 2359 1836 2429 angustiatur,
1858 2361 1896 2413 ila

147 2448 210 2518 ejus
229 2450 353 2502 comesta
369 2460 504 2500 somnum
519 2445 644 2501 afferunt
667 2448 695 2499 et
719 2444 901 2515 pruriginem
925 2459 993 2515 pro·
1049 2445 1136 2500 etiem
1164 2445 1252 2500 sodor
1275 2451 1359 2500 terra
1389 2451 1531 2500 tortuosas
1560 2446 1664 2501 herhas
1686 2445 1806 2515 emittit,
1830 2463 1894 2520 quse

147 2535 257 2600 hibent,
273 2550 306 2588 ac
320 2532 484 2588 effurientes
498 2532 644 2603 pediculos
657 2537 685 2586 et
700 2533 791 2588 lentes
799 2537 992 2603 compescunt,
1049 2531 1196 2588 hominem
1209 2531 1347 2588 lacerent.
1366 2534 1399 2590 lit
1413 2532 1530 2604 quidem
1544 2532 1627 2590 distel
1644 2539 1686 2589 esf
1700 2535 1786 2596 leuis
1810 2535 1839 2590 id
1854 2541 1895 2590 est

146 2629 175 2678 et
188 2623 218 2678 io
233 2638 309 2694 aqna
320 2621 444 2690 gerrellet
463 2619 574 2676 comedi
588 2626 721 2691 possunt:
734 2621 783 2676 sed
797 2619 884 2674 cruda
899 2620 935 2675 ad
950 2636 995 2674 co·
1048 2637 1100 2674 ene
1123 2621 1230 2688 stechel,
1254 2626 1283 2675 et
1305 2621 1423 2692 quidem
1447 2627 1475 2676 et
1500 2621 1613 2677 homini
1637 2622 1748 2677 inutilis
1764 2625 1807 2677 est
1833 2639 1895 2677 cru·

147 2711 321 2766 medendum
334 2708 994 2779 melioraetutiliorasoolqoamcocta.Oleum
1049 2709 1152 2765 dusad
1172 2709 1394 2778 comedendum,
1421 2709 1489 2782 quia
1513 2709 1803 2782 siquishomoeum
1834 2727 1895 2766 cru-

147 2798 307 2871 veroquod
328 2815 362 2853 ex
383 2798 424 2852 eis
446 2797 627 2869 exprimitur,
648 2796 795 2851 hominem
820 2812 877 2850 uon
902 2795 995 2851 nutrit
1048 2798 1118 2852 dum
1131 2796 1304 2866 comederet,
1330 2799 1501 2868 sanguinem
1528 2799 1590 2870 ejus
1613 2803 1786 2866 attenuaret,
1802 2805 1831 2855 et
1853 2805 1894 2854 ta-

146 2905 200 2943 nae
214 2887 320 2955 reficit,
345 2901 397 2941 nec
421 2885 585 2953 sanitatem,
609 2901 662 2940 nec
683 2885 880 2939 infirmitatem
908 2883 935 2938 ei
958 2884 994 2938 ad
1048 2884 1155 2941 hemin
1169 2901 1203 2940 eo
1217 2888 1341 2958 pararet,
1358 2901 1390 2942 ae
1402 2886 1539 2942 humores
1554 2887 1632 2942 illius
1653 2887 1683 2943 in
1703 2903 1738 2942 eo
1753 2889 1894 2956 zuflossen,

146 2975 266 3048 plenum
288 2973 387 3042 affert,
416 2979 445 3028 et
469 2975 546 3028 idem
570 2975 666 3028 oleum
681 2973 819 3044 frigidum
843 2976 886 3028 est
904 2988 994 3042 grana
1014 2996 1034 3050 C
1051 2978 1083 3028 ut
1096 2972 1131 3027 de
1146 2972 1223 3026 hono
1235 2970 1301 3027 vino
1312 2972 1402 3027 virtus
1415 2974 1545 3028 aufertur
1556 2989 1622 3029 eum
1646 2991 1721 3046 aqna
1743 2975 1772 3029 iu
1798 2975 1893 3046 ipsum

147 3071 244 3119 autem
259 3062 361 3118 calida.
1049 3059 1188 3130 funditur,
1204 3065 1233 3115 et
1244 3062 1281 3116 oh
1296 3061 1351 3116 hoc
1365 3060 1448 3116 fieret
1460 3061 1547 3117 homo
1563 3062 1658 3118 inanis
1681 3079 1768 3118 sensu
1792 3069 1820 3119 et
1845 3065 1894 3120 de-

284 3150 349 3207 cir.
366 3149 466 3206 llCVll.
482 3178 517 3192 -
532 3149 574 3204 lle
592 3151 704 3205 lissam
721 3149 768 3218 [ll,
784 3150 856 3218 l07].
1049 3147 1165 3203 stitutus
1178 3149 1207 3203 io
1230 3149 1372 3219 sanguine
1386 3156 1415 3205 et
1429 3149 1458 3204 in
1473 3149 1653 3207 humoribus.
1677 3151 1731 3208 Sed
1746 3155 1846 3206 tamen
1871 3156 1894 3207 si

183 3240 294 3308 Baheln,
312 3237 483 3309 [idalium]
497 3237 627 3292 hahetin
641 3253 672 3292 se
689 3237 867 3292 moderatam
881 3235 994 3308 frigidi·
1048 3235 1131 3290 distel
1146 3235 1193 3290 ille
1206 3237 1350 3308 coquitur,
1372 3241 1401 3292 et
1414 3242 1512 3292 coctus
1527 3237 1699 3307 comeditur,
1728 3245 1797 3294 tunc
1818 3241 1894 3295 sanis

149 3333 250 3395 tatem,
266 3332 299 3382 ut
315 3342 362 3380 ros
376 3330 430 3392 est,
446 3326 495 3380 sed
508 3331 606 3380 tameo
618 3326 683 3396 plns
701 3325 814 3396 frigida.
828 3324 881 3381 Sed
898 3324 995 3380 nullus
1047 3322 1211 3379 hominibus
1226 3339 1280 3379 nec
1294 3325 1418 3380 mulium
1443 3325 1532 3392 obest,
1548 3341 1603 3381 nec
1618 3327 1744 3398 prodest,
1759 3327 1828 3399 qnia
1844 3343 1894 3383 nec

147 3417 235 3470 homo
249 3430 313 3469 eam
332 3414 450 3469 crudam
461 3414 601 3482 comedat,
618 3413 685 3485 qnia
699 3413 848 3468 sicrudam
863 3412 994 3468 comede·
1048 3411 1182 3479 sanguini
1208 3411 1416 3483 pinguedinem
1439 3411 1561 3482 confert,
1586 3413 1635 3468 sed
1656 3419 1753 3470 tamen
1767 3416 1891 3470 esumem

147 3509 202 3572 ret,
218 3503 301 3576 quasi
314 3501 461 3573 quoddam
476 3517 618 3557 venenum
634 3505 718 3570 esset,
734 3501 803 3573 quia
815 3502 938 3556 slimecht
952 3504 994 3556 est
1048 3499 1150 3556 aufert.
1172 3500 1304 3556 infirmos
1318 3506 1415 3556 nomm
1430 3505 1490 3556 tarn
1504 3507 1599 3557 coctus
1614 3518 1700 3574 quam
1720 3504 1826 3559 crudus
1845 3505 1894 3558 lee-

146 3596 176 3647 et
201 3590 340 3663 quoniam
369 3591 476 3660 spissos
498 3595 527 3645 et
552 3605 715 3645 venenosos
736 3589 872 3644 humores
895 3589 991 3650 hahet.
1047 3584 1098 3656 dit,
1122 3589 1190 3660 qula
1217 3588 1371 3660 languores
1394 3590 1424 3644 in
1453 3587 1495 3645 eis
1523 3590 1635 3646 excitet.
1665 3590 1721 3648 Sed
1747 3591 1895 3648 vehedistel

146 3685 175 3733 ei
194 3679 258 3734 illos
281 3678 312 3732 in
333 3677 451 3732 homine
473 3681 564 3748 peret.
582 3677 641 3732 lllis
654 3682 751 3732 antem
776 3675 828 3748 qrri
843 3675 991 3732 infirmnm
1046 3675 1231 3748 frigiditatem
1240 3677 1270 3733 in
1281 3693 1311 3732 se
1325 3678 1411 3734 hehet
1426 3682 1455 3732 et
1465 3678 1546 3733 valde
1560 3678 1639 3734 utilis
1654 3684 1707 3735 est.
1722 3677 1751 3735 Si
1761 3679 1827 3752 quis
1842 3696 1893 3736 au-

147 3767 328 3821 stomachom
354 3765 463 3821 hahent
485 3765 596 3821 honum
622 3769 665 3820 est
686 3770 765 3819 cocta
792 3769 821 3818 et
847 3779 922 3818 nova
948 3779 994 3819 co
1046 3770 1105 3821 tem
1115 3765 1221 3822 stechen
1236 3764 1267 3821 in
1281 3767 1366 3821 corde
1379 3766 1495 3822 seualio
1511 3766 1732 3838 locorelaliquo
1748 3768 1894 3824 membro-

148 3859 247 3924 mesta‚
273 3851 381 3909 scilicet
408 3853 487 3925 quod
510 3854 572 3925 jam
593 3853 687 3925 primo
711 3852 822 3924 incipit,
848 3852 889 3906 ita
914 3853 993 3924 qnod
1045 3869 1112 3910 rum
1125 3869 1242 3910 suorum
1256 3855 1344 3924 dolet,
1361 3855 1509 3911 vehedistel
1532 3855 1664 3926 accipiat,
1692 3860 1721 3911 ei
1745 3855 1890 3912 modicum

147 3944 216 3999 inde
237 3957 298 3998 mue
324 3941 418 4007 faciat,
441 3941 540 3998 addito
565 3941 717 4013 sagimine,
741 3946 771 3996 et
790 3940 921 3997 comedat
942 3941 993 4013 qui
1047 3941 1188 3998 minusde
1204 3942 1327 3998 orechten
1350 3944 1453 4012 selden,
1469 3947 1498 3999 et
1513 3944 1543 4000 in
1566 3943 1766 4017 modicaeque
1781 3945 1812 4001 in
1832 3963 1895 4000 soc·

147 4031 337 4102 digestionem
355 4030 535 4102 aliquantum
560 4035 652 4102 parat.
676 4031 709 4085 ut
723 4045 776 4102 pro
797 4028 851 4084 hac
873 4029 994 4084 necessi·
1045 4047 1111 4087 com
1126 4031 1248 4105 rediget,
1262 4037 1291 4087 et
1318 4033 1414 4088 statim
1434 4033 1465 4088 in
1486 4033 1549 4106 ipsa
1576 4033 1648 4089 hora
1666 4049 1764 4089 cuma
1786 4035 1892 4090 stechen

148 4126 206 4174 tate
220 4119 271 4190 qni
285 4117 417 4173 infirmos
440 4118 470 4172 in
493 4117 640 4174 stomacho
660 4122 703 4172 est
716 4116 858 4184 comedat,
882 4117 933 4172 sed
946 4125 992 4173 ta·
1046 4121 1181 4193 fatigator
1195 4121 1235 4175 sie
1244 4121 1324 4176 hibat
1337 4126 1364 4177 et
1378 4121 1482 4177 melius
1496 4121 1622 4179 habehit.

147 4222 215 4262 men
229 4205 388 4272 moderate,
403 4220 440 4260 ne
456 4206 522 4261 inde
543 4204 675 4262 ledetur.
700 4205 792 4261 Sanus
815 4210 992 4262 autemeam
1188 4209 1253 4265 Cae.
1270 4211 1299 4266 C,
1313 4239 1349 4252 -
1365 4211 1404 4265 lle
1420 4211 1530 4266 [lurica
1545 4211 1581 4283 (7)
1601 4211 1647 4280 lll,
1673 4213 1746 4284 lll].

146 4294 265 4350 omnino
280 4294 387 4349 devitet
399 4295 436 4363 (3)
1010 4291 1032 4346 u
1085 4297 1179 4354 Urtice
1192 4298 1274 4354 valde
1292 4297 1385 4355 calide
1399 4303 1443 4356 est
1457 4299 1487 4354 in
1503 4315 1609 4368 genere
1628 4315 1691 4355 suo.
1708 4299 1792 4356 Nullo
1806 4300 1893 4356 modo

252 4382 316 4439 Car.
336 4381 450 4438 xcviii.
466 4376 557 4437 -lls
572 4379 674 4438 Cama
689 4382 727 4452 (lt
748 4378 792 4451 [ll,
811 4379 882 4444 emt.
1050 4388 1134 4456 valet,
1162 4391 1194 4442 nt
1229 4387 1317 4443 cruda
1344 4388 1523 4455 comedatur,
1549 4393 1669 4460 propter
1704 4389 1892 4461 asperitatem

182 4469 276 4528 llerba
290 4484 353 4542 anc
368 4470 459 4526 Glettn
479 4468 587 4542 [Lappa
609 4468 664 4532 ed]
680 4469 796 4538 dicitur,
812 4469 992 4544 aliquantum
1048 4489 1140 4530 suam.
1170 4473 1224 4532 Sed
1249 4478 1325 4540 [cnm
1355 4476 1469 4532 noviter
1493 4477 1529 4532 de
1556 4481 1634 4533 terra
1661 4479 1793 4549 procedit
1822 4479 1892 4534 odd.

182 4601 220 4813 33)
244 4740 275 4794 lu
296 4739 364 4795 edit.
386 4738 427 4794 eie
452 4739 557 4811 legitur
578 4738 633 4794 hoc
652 4737 810 4810 capitulum
834 4757 842 4795 ι
863 4761 878 4791 «
902 4741 993 4797 ltatra
1046 4740 1140 4795 suavis
1153 4745 1206 4803 est,
1223 4740 1374 4813 palpebras
1398 4747 1427 4798 et
1444 4743 1501 4798 alia
1523 4746 1673 4799 oculorum
1696 4759 1814 4800 suornm
1836 4745 1892 4799 cir·

145 4813 323 4868 moderatam
344 4808 531 4880 frigiditatem
552 4809 583 4864 in
605 4826 635 4865 se
660 4809 757 4876 hahet,
780 4816 812 4866 ot
833 4827 890 4875 ros,
906 4814 935 4865 et
960 4817 992 4866 nt
1046 4817 1215 4882 cumungat,
1225 4817 1254 4867 et
1263 4821 1327 4882 post
1341 4813 1396 4869 hoc
1410 4829 1567 4884 parumper
1575 4815 1709 4870 dormiat.
1722 4813 1776 4870 Sed
1791 4815 1891 4870 nullos

145 4899 205 4950 aer,
240 4882 272 4937 in
309 4895 396 4935 mane
435 4885 610 4952 temperatus
653 4885 706 4936 est.
746 4881 780 4936 lit
812 4881 836 4936 si
872 4881 991 4937 dirersis
1045 4882 1133 4938 homo
1148 4882 1272 4938 maltam
1284 4884 1554 4952 crudamcomedat,
1570 4884 1780 4956 quiailliquasi
1794 4887 1890 4956 qnod-

145 4952 275 5010 fehrihus
316 4950 508 5007 melancholia
545 4956 636 5006 tracta
674 4950 826 5007 cerebrum
866 4951 991 5007 hominis
1045 4953 1264 5008 damvenenum
1282 4958 1366 5022 esset,
1391 4955 1530 5027 quoniam
1552 4956 1643 5011 livosa
1659 4960 1711 5010 est.
1732 4954 1778 5012 llli
1792 4961 1891 5012 antem

144 5025 244 5081 dolere
257 5021 336 5090 lacit,
349 5022 472 5077 malvam
492 5027 521 5077 et
544 5020 588 5076 bis
612 5026 723 5076 tantum
746 5021 842 5076 salviae
864 5022 894 5076 iu
916 5039 990 5078 mor·
1045 5023 1096 5095 qui
1110 5023 1260 5079 infirmum
1282 5026 1459 5080 stomachum
1473 5025 1570 5093 hahet,
1592 5027 1667 5081 hone
1682 5030 1733 5092 est,
1749 5039 1815 5080 cum
1824 5027 1890 5096 jaro

144 5095 220 5150 tario
242 5092 352 5160 tondat,
375 5097 404 5147 et
428 5092 488 5147 haec
512 5092 624 5147 modico
651 5093 716 5147 oleo
737 5092 817 5146 olivo
845 5099 988 5165 aspergat,
1044 5109 1170 5149 crescere
1198 5093 1310 5166 incipit,
1337 5099 1426 5165 cocta,
1450 5099 1479 5151 et
1512 5096 1653 5167 sagimine
1682 5094 1790 5164 addito,
1818 5101 1890 5168 quis
1974 5101 1975 5142 l

144 5166 238 5222 ethoc
256 5163 381 5219 afroote
396 5177 449 5234 per
466 5164 600 5218 verticem
624 5176 715 5234 usque
728 5162 764 5216 ad
780 5161 894 5234 occiput
905 5179 990 5218 snum
1044 5164 1232 5235 digestionem
1258 5166 1436 5237 aliquantum
1452 5172 1541 5238 parat
1560 5167 1594 5222 Et
1613 5183 1665 5238 pro
1687 5167 1741 5222 hac
1767 5171 1892 5223 necessi-

144 5240 244 5307 ponat,
269 5238 299 5289 et
323 5248 420 5316 panno
435 5233 513 5304 liget,
541 5238 571 5288 et
589 5232 646 5288 hoc
668 5248 720 5303 per
743 5231 871 5288 triduum
895 5233 989 5302 faciat,
1044 5241 1102 5291 tate
1125 5234 1259 5292 iollrmus
1286 5237 1410 5292 malvam
1426 5239 1567 5305 comedat,
1596 5237 1646 5293 aed
1668 5241 1765 5294 lamen
1787 5237 1889 5294 mode·

143 5312 172 5361 ei
187 5304 278 5362 inhia
295 5304 388 5361 trrhm
413 5304 518 5387 diebus.
541 5302 616 5385 circa
634 5307 765 5386 noctem,
782 5308 831 5357 ant
844 5304 922 5386 ‘oleo
936 5306 989 5360 oli·
1044 5310 1120 5373 rate;
1135 5321 1221 5360 sanos
1235 5310 1405 5363 autemeam
1419 5309 1539 5363 omnino
1554 5307 1668 5364 devitet.
1974 5307 1975 5328 ¹

141 5375 543 5501 {phaffielaffiffivtsppf
561 5373 917 5501 leahglhzffinilgesslcom
931 5393 989 5501 c?
1091 5375 1117 5501 ἒ)
1130 5375 1268 5504 (egem
1274 5377 1429 5504 tllhepgi'e'tus
1441 5452 1470 5503 et
1483 5450 1636 5518 Bromium
1645 5454 1805 5520 campestre.

212 4603 223 4742 ζ
237 4598 318 4655 luulc
331 4599 484 4654 lieleuium.
1047 4598 1197 4680 (quonism
1212 4601 1272 4655 haec
1286 4600 1383 4656 suavia
1398 4600 1486 4672 sunt),
1507 4605 1640 4658 atrorem
1660 4618 1748 4674 quem
1761 4603 1791 4658 in
1807 4609 1894 4658 nocte

237 4672 362 4740 Papauer
375 4672 564 4735 somniferam.
1048 4672 1090 4724 vel
1111 4686 1141 4724 ιιι
1163 4685 1247 4726 mane
1271 4672 1423 4735 invenerit,
1450 4688 1515 4727 curu
1539 4688 1596 4728 nox
1616 4675 1693 4728 clara
1716 4679 1745 4728 et
1769 4689 1843 4745 pnra
1864 4681 1894 4730 et

142 5515 245 5628 ffl'
276 5530 364 5586 snpra
390 5517 517 5597 malvam
537 5529 631 5596 rorem
664 5519 785 5640 parent,
824 5517 869 5572 rel
901 5532 988 5642 supra
1079 5521 1104 5586 (6
1130 5517 1248 5603 Reliqua
1258 5518 1344 5603 hujus
1365 5519 1483 5590 capitoli
1495 5519 1601 5575 desunt
1614 5519 1644 5574 in
1658 5519 1701 5575 ed.

238 5599 278 5651 nn,
293 5586 337 5638 vel
357 5599 445 5655 supra
469 5583 537 5640 folia
553 5601 619 5657 perr,
634 5600 667 5640 re
703 5602 836 5658 querens,
861 5586 904 5641 vel
942 5603 987 5659 egr
1079 5589 1105 5658 (7
1135 5588 1329 5644 Urtacedeeeeo
1343 5594 1473 5645 eturens.
