3984 6034
195 179 244 232 eo:
938 177 968 233 S.
988 175 1227 235 flttnneuhhls
1897 183 1953 234 titre

196 305 287 364 Verbo
311 305 362 364 Dei
383 304 556 377 considerat,
582 309 612 364 et
638 306 727 364 etiam
756 305 889 364 homiues
919 305 969 379 qui
1006 307 1037 362 iu
1054 307 1226 365 Avestitum
1240 307 1318 382 quod
1333 314 1376 366 est
1387 308 1529 366 dubitatio
1542 308 1574 366 iu
1589 308 1725 382 operibns
1739 315 1952 383 peccatorum

193 395 322 452 bonitate
342 396 435 452 Patris
460 402 619 469 operantur
641 395 828 468 perspiciens,
849 397 901 468 qui
922 413 952 452 se
974 401 1038 452 teu·
1092 397 1122 452 in
1157 397 1335 454 districtione
1373 403 1469 455 tamen
1509 398 1622 454 timoris
1665 403 1823 470 metuente,
1864 402 1952 472 judi

193 486 267 554 gunt
280 485 398 540 vetnou
413 488 537 555 tangunt
547 484 577 538 in
590 500 688 555 opere,
704 484 772 555 qnia
783 482 1039 556 uuritqnalitalem
1093 485 1170 541 cium
1191 487 1252 542 uei.
1276 487 1342 542 ideo
1366 493 1461 543 entem
1484 489 1641 558 compulsas
1665 505 1732 544 ores
1751 489 1954 545 nominantur

193 570 421 644 uniuscujusque
436 570 595 626 secundnm
618 570 745 627 studium
762 571 835 642 ejm.
863 571 1039 627 Eademau-
1092 573 1231 647 qnoniam
1256 574 1353 630 multis
1380 575 1472 630 modis
1491 575 1633 646 compello
1664 591 1714 630 eos
1739 580 1771 631 ιι
1794 576 1830 633 ad
1853 579 1955 634 vitam

193 663 252 715 tem
270 659 368 730 imago
381 660 507 715 declarat
525 659 673 716 scientiam
688 660 758 727 llei;
781 660 850 732 qnia
863 659 914 715 illa
935 661 1039 732 praeri-
1092 662 1262 734 perveniant
1282 679 1334 735 per
1346 663 1517 734 sanguinem
1533 663 1596 718 Filii
1606 663 1662 720 mei
1676 669 1791 738 ereptos
1805 683 1821 720 a
1836 671 1955 721 morte.

194 749 243 804 det
257 765 358 804 omues
372 749 506 804 homiues
517 748 654 804 ctomnia
669 764 734 820 qum
749 748 859 804 incaelo
874 753 903 804 et
916 748 948 804 iu
963 753 1040 803 terra
1094 750 1174 806 Unde
1191 756 1219 806 et
1232 752 1389 822 compulsae
1413 767 1479 807 ores
1500 751 1634 808 homiues
1655 757 1723 809 sunt
1740 753 1793 822 illi,
1811 756 1863 827 qui
1892 773 1955 828 per

194 841 271 904 suut,
287 837 360 892 tanti
382 837 501 909 fulgoris
516 843 545 894 ιι
568 837 704 893 claritatis
731 837 855 894 existens
868 843 901 893 ιι
915 853 974 909 prm
993 836 1041 892 ni·
1093 840 1199 895 multas
1212 839 1412 896 tribulationes
1428 844 1456 894 et
1478 855 1623 896 oernmuas
1647 846 1750 897 contra
1763 844 1957 900 voluntatem

194 926 254 981 mio
274 927 426 998 splendore
448 929 499 1000 qui
523 929 554 983 iu
583 928 644 999 ipsa
670 930 755 993 lucet,
777 944 831 984 nec
853 928 956 984 faciem
977 929 1040 999 ejus
1093 943 1176 984 snam
1205 927 1419 999 compelluntur
1441 943 1458 982 a
1481 943 1535 996 me,
1563 933 1595 984 ιιι
1616 929 1781 1001 relinquant
1803 931 1955 1005 iniquita.

194 1031 247 1072 uec
259 1015 428 1072 vestimenta
454 1017 560 1088 quibus
576 1017 708 1073 induitur
732 1017 914 1073 considerare
928 1017 1039 1085 valeas3
1094 1019 1151 1071 lom
1174 1031 1363 1088 enumquam
1387 1030 1439 1086 per
1461 1016 1638 1072 voluntatem
1653 1017 1778 1089 propriso
1792 1019 1903 1084 carnis,
1923 1023 1955 1074 et

194 1105 331 1176 qnoniam
345 1104 408 1176 ipsa
428 1106 565 1161 torribilis
586 1110 630 1161 est
643 1106 673 1162 in
695 1110 804 1162 terrore
824 1111 857 1161 ιι
870 1107 969 1177 fulgur
981 1107 1040 1162 mi·
1094 1119 1146 1174 per
1164 1103 1265 1158 liorem
1280 1102 1438 1173 juventutis
1453 1119 1512 1158 snm
1531 1103 1630 1158 tandiu
1646 1103 1833 1160 libentissime
1850 1105 1954 1162 adim·

194 1193 299 1259 nautis,
322 1196 351 1247 et
375 1193 447 1248 lenis
469 1194 500 1249 iu
524 1194 652 1251 bonitate
670 1200 703 1250 ιιι
724 1195 862 1265 splendor
886 1194 972 1250 solis:
1000 1195 1040 1249 ιιι
1094 1193 1206 1264 plorent
1241 1191 1369 1265 qnandiu
1397 1193 1501 1248 saeculo
1530 1193 1718 1260 adhererent,
1749 1194 1788 1248 sic
1811 1196 1952 1250 volentes

194 1281 273 1352 quod
286 1280 316 1336 in
336 1287 445 1337 terrore
470 1287 500 1338 et
516 1282 548 1337 in
560 1282 678 1338 lenitate
692 1299 744 1338 ιιι
768 1283 1041 1355 incomprehensibi·
1094 1297 1263 1353 permanere
1287 1280 1316 1336 iu
1340 1279 1443 1336 ardore
1459 1280 1585 1337 libidinis
1609 1297 1699 1352 nsque
1712 1281 1781 1339 dum
1796 1299 1846 1339 eos
1861 1284 1952 1340 dese·

194 1369 228 1424 lis
244 1375 288 1424 est
308 1370 485 1440 homiuibus,
508 1387 561 1442 per
583 1371 741 1427 terribilem
765 1373 919 1443 fulgorem,
935 1371 1039 1427 divini·
1094 1375 1171 1425 reret
1199 1369 1276 1440 iguis
1297 1369 1391 1426 earnis
1417 1385 1470 1440 per
1492 1369 1584 1441 lrigns
1606 1371 1699 1426 aratis
1718 1387 1791 1439 suae3
1806 1388 1883 1444 quos
1900 1377 1950 1428 ta·

193 1461 280 1512 tatem
296 1461 379 1530 quasi
390 1476 442 1531 per
454 1459 558 1514 taciem
580 1460 652 1531 ejus,
670 1466 699 1515 ιι
712 1476 764 1531 per
778 1461 937 1516 claritatem
952 1477 1038 1533 quam
1095 1473 1159 1514 men
1190 1473 1291 1513 omnes
1321 1457 1440 1514 dirersis
1461 1458 1554 1513 modis
1581 1459 1757 1532 constringo,
1781 1462 1951 1517 secundum

192 1547 281 1603 babet
293 1547 322 1603 iu
336 1565 366 1603 se
380 1549 445 1619 ipsa
469 1549 552 1620 qnasi
574 1548 746 1604 vestimenta
760 1549 872 1604 decoris
885 1548 939 1618 sui,
962 1565 1037 1620 quo·
1095 1545 1173 1618 qnod
1187 1546 1218 1601 in
1231 1545 1272 1602 ιιι
1287 1544 1380 1614 video,
1397 1549 1429 1600 ιι
1437 1551 1549 1601 ιιιιιιι
1560 1547 1710 1618 apsccatis
1725 1546 1794 1604 suis.

193 1635 278 1691 modo
292 1635 379 1692 etiam
393 1652 447 1692 nec
460 1638 503 1692 sol
517 1637 694 1692 considerari
704 1641 797 1708 potest
814 1637 844 1692 in
863 1637 981 1692 ardente
990 1637 1037 1692 la·
1059 1607 1079 1662 B
1130 1636 1201 1692 Nam
1215 1635 1353 1707 quosdam
1369 1649 1468 1690 eorum
1481 1633 1513 1690 in
1529 1632 1634 1706 quibus
1648 1636 1785 1691 saeculum
1799 1639 1860 1692 tam
1875 1637 1950 1693 lorti

192 1723 235 1779 cie
254 1741 306 1779 suu
319 1740 372 1780 nec
386 1725 416 1780 in
429 1726 532 1781 decoro
546 1726 649 1780 vestitu
667 1726 813 1780 radiorum
828 1742 955 1780 suorum.
973 1727 1038 1797 lpse
1092 1725 1234 1782 desiderio
1253 1740 1312 1780 uon
1333 1725 1414 1780 ardet
1434 1741 1494 1780 nou
1509 1723 1675 1797 constringo
1695 1725 1810 1781 fortiori
1823 1727 1950 1799 flagello

192 1814 236 1868 est
249 1813 326 1868 euim
341 1814 418 1885 apud
431 1814 531 1869 omnia
553 1819 583 1868 et
602 1813 633 1868 iu
657 1813 802 1883 omnibus,
825 1829 858 1868 ac
871 1817 959 1868 tante
971 1813 1037 1885 pul·
1092 1812 1142 1869 sed
1160 1813 1279 1882 leuiori;
1306 1813 1375 1886 quia
1399 1829 1459 1869 nou
1480 1813 1564 1869 video
1587 1813 1618 1868 in
1641 1812 1682 1870 ιιι
1702 1817 1813 1870 ιιιιιιι
1832 1816 1948 1872 amari·

191 1900 363 1957 chritndinis
376 1902 407 1958 ιι
432 1909 541 1958 secreto
555 1919 622 1971 sno;
638 1907 670 1958 nt
697 1903 813 1958 anullo
839 1901 956 1957 homine
969 1901 1038 1958 sciui
1093 1901 1224 1958 tudinem
1247 1908 1386 1974 quautam
1408 1902 1439 1958 in
1460 1902 1534 1968 aliis,
1556 1902 1694 1974 qnoniam
1717 1919 1785 1960 cnm
1807 1905 1947 1961 sentiunt

192 1989 283 2060 possit
296 1994 406 2061 quanta
418 1991 560 2047 suavitate
575 1993 678 2047 toleret
692 1991 832 2057 homiues,
848 1995 877 2045 et
891 1991 1037 2062 quomodo
1092 1989 1303 2061 correptionem
1319 2005 1423 2056 meam,
1440 2006 1503 2045 mos
1520 1991 1689 2062 relinquunt
1707 1991 1737 2047 iu
1755 1992 1946 2050 festinatione

192 2082 292 2149 parcat
313 2077 355 2133 ιιι
376 2079 409 2134 ιι
430 2079 615 2152 perspicabili
645 2078 864 2146 misericordia,
884 2093 1038 2150 quousque
1094 2077 1270 2136 uoluntatem
1292 2094 1385 2148 snam,
1409 2083 1438 2134 et
1452 2079 1571 2134 ueniunt
1592 2079 1627 2134 ad
1652 2096 1707 2151 me,
1722 2082 1839 2153 pompis
1853 2099 1947 2138 scauu-

191 2165 364 2221 durissimus
395 2167 469 2240 lapis
502 2167 628 2240 amplius
659 2167 800 2241 perforari
821 2183 879 2224 uon
899 2165 990 2237 possit
1007 2166 1038 2222 iu
1093 2167 1200 2224 laribus
1230 2167 1437 2224 renuntiantes.
1466 2169 1610 2234 Quosdam
1634 2177 1730 2225 autem
1751 2170 1864 2226 fortiori
1881 2187 1946 2226 rer-

181 2253 404 2325 ‘imperiorabili
426 2256 533 2312 duritia
547 2272 609 2324 sna,
626 2256 677 2329 qui
691 2260 734 2312 est
756 2257 847 2312 dorus
869 2261 900 2312 et
913 2255 1039 2312 incorri-
1093 2257 1161 2313 bere
1174 2257 1307 2329 corripio,
1333 2255 1469 2328 qnoniam
1491 2261 1550 2312 tam
1573 2257 1706 2312 ardentes
1721 2263 1750 2312 et
1770 2265 1829 2314 tam
1847 2261 1946 2330 perei-

193 2342 290 2414 gibilis
303 2343 401 2413 homo,
427 2345 477 2416 qni
498 2345 663 2401 nullatenus
681 2345 742 2401 vult
763 2344 909 2400 declinare
927 2360 945 2399 a
960 2344 1038 2400 malo
1093 2360 1173 2401 caess
1196 2351 1263 2400 suut
1282 2345 1313 2400 iu
1336 2345 1461 2416 peccatis
1482 2361 1516 2400 ιιι
1543 2345 1611 2399 vitiu
1635 2345 1806 2402 caruissem
1830 2353 1863 2402 ιι
1885 2347 1946 2402 nisi

192 2446 256 2486 suu.
276 2431 331 2487 Sed
346 2437 443 2488 tumen
464 2438 495 2488 ιι
511 2439 623 2488 caeterae
641 2433 771 2500 virtutes,
786 2433 817 2489 iu
831 2433 926 2489 turma
946 2448 1037 2505 appa·
1093 2433 1204 2488 fortiter
1218 2449 1270 2505 per
1298 2447 1344 2488 me
1369 2437 1594 2498 coarctarentur,
1620 2449 1677 2488 uon
1699 2438 1795 2488 esseut
1816 2435 1877 2506 apti
1898 2453 1944 2490 re.

194 2523 237 2575 ret
250 2517 394 2589 bomiuis;
411 2521 480 2593 qnia
492 2522 568 2578 Dens
586 2521 617 2576 in
631 2521 737 2579 virtute
749 2521 887 2577 bonitatis
901 2519 1040 2577 snoeiecit
1094 2535 1151 2592 gno
1176 2536 1250 2576 meo.
1266 2519 1391 2577 Scientia
1413 2536 1478 2576 msa
1496 2520 1635 2592 presidet
1654 2525 1685 2576 et
1705 2522 1853 2594 cognoscit
1879 2539 1944 2590 eos,

192 2606 351 2676 hominem,
365 2609 558 2666 rationalitate
573 2614 601 2664 et
615 2609 735 2666 scientia
759 2626 792 2665 ec
805 2609 954 2666 intellectu
967 2624 1039 2681 pro·
1094 2623 1127 2664 ac
1152 2606 1324 2678 constringit
1351 2606 1416 2661 illos
1444 2607 1602 2662 secundum
1625 2607 1859 2678 superfluitatem
1879 2625 1946 2664 cor-

191 2694 361 2752 lundissimc
376 2697 557 2768 adornatum,
573 2702 607 2754 ιιι
622 2715 689 2754 eum
705 2698 809 2755 intima
822 2698 977 2755 dilectione
991 2696 1038 2752 di·
1094 2693 1172 2765 poris
1193 2693 1334 2766 ipsorum.
1367 2694 1400 2750 at
1417 2692 1524 2750 iterum
1550 2694 1691 2765 quosdam
1713 2695 1745 2750 in
1766 2697 1894 2752 maxima
1914 2702 1947 2752 ct

192 2782 285 2856 ligsus
299 2788 328 2840 ιι
344 2786 469 2842 maxima
483 2787 637 2844 devotione
656 2788 754 2842 colens
770 2790 888 2859 spernat
901 2787 1040 2859 figmenta
1095 2780 1252 2836 fortissima
1278 2796 1409 2836 erumna
1440 2795 1472 2838 ιι
1494 2780 1612 2837 miseria
1635 2781 1740 2838 mentis
1760 2789 1790 2840 et
1811 2787 1945 2857 corporis

192 2873 421 2943 daemoniorum
437 2891 504 2931 eum
519 2875 664 2948 precipue
678 2891 788 2944 amaus,
804 2876 856 2948 qni
868 2875 913 2931 illi
926 2878 1039 2931 tantum
1060 2902 1080 2956 C
1095 2885 1195 2926 eornm
1207 2885 1327 2941 supero;
1353 2869 1423 2942 quia
1442 2873 1501 2924 tam
1524 2868 1655 2936 rebelles,
1671 2876 1788 2944 tamque
1801 2872 1947 2944 superflui

193 2966 223 3016 et
238 2962 328 3018 talem
344 2962 423 3018 dedit
436 2963 588 3020 honorem.
1095 2957 1225 3030 inopere
1240 2957 1361 3014 carnalis
1374 2957 1529 3028 voluptatis
1542 2963 1619 3022 suut,
1636 2962 1668 3014 ut
1681 2959 1705 3014 si
1727 2976 1784 3016 uon
1798 2961 1945 3017 constriu-

228 3050 311 3115 Qood
343 3066 411 3106 rero
445 3051 520 3107 circa
547 3051 679 3108 eamdem
711 3051 871 3122 imaginem
899 3051 1041 3123 conspicis
1094 3052 1240 3118 gerentur,
1282 3044 1451 3116 gravissime
1486 3045 1657 3115 calamitate,
1699 3063 1759 3104 nou
1797 3053 1946 3105 cessarent

193 3138 416 3210 pulcherrimam
442 3140 668 3209 multitudinem,
694 3140 854 3211 angelicam
868 3141 991 3196 formem
1013 3145 1041 3194 et
1094 3153 1112 3191 a
1144 3134 1312 3190 criminibus
1341 3151 1393 3208 per
1429 3134 1619 3206 petulantiam
1640 3151 1701 3192 ιιιι
1733 3137 1837 3205 carnis,
1871 3138 1943 3210 quia

194 3226 254 3281 alas
276 3227 441 3295 habentem,
467 3233 496 3283 ιι
514 3228 545 3284 ιι
562 3233 642 3283 tanta
656 3228 841 3285 veneratione
863 3233 986 3285 stantem
1010 3233 1041 3283 ιι
1094 3225 1163 3281 dum
1187 3229 1282 3279 esseut
1304 3223 1334 3278 ιι
1358 3223 1547 3296 prosperitate
1565 3239 1625 3280 snas
1646 3226 1811 3294 voluntatis,
1832 3243 1863 3282 se
1883 3244 1942 3283 uon

194 3319 224 3370 ct
246 3331 310 3370 eam
331 3316 452 3372 timeant
473 3333 506 3372 ac
527 3317 668 3389 diligant:
685 3319 739 3373 boc
764 3324 808 3373 est
829 3318 909 3390 quod
933 3317 1040 3389 ubique
1094 3315 1294 3368 converterent
1316 3309 1350 3366 ad
1372 3311 1474 3380 Deum,
1491 3311 1629 3382 qnoniam
1643 3313 1719 3368 unde
1734 3329 1873 3387 unusper
1887 3331 1942 3386 pu-

195 3403 342 3460 scientiam
359 3405 410 3460 liei
429 3405 507 3461 beati
532 3411 563 3462 et
587 3407 756 3462 excellentes
777 3406 895 3478 spiritus
908 3405 939 3461 in
953 3421 1040 3478 auge·
1094 3400 1323 3458 sitlauimitatem
1338 3398 1443 3456 mentis
1457 3415 1516 3456 suae
1540 3399 1660 3457 omnino
1674 3402 1790 3457 caditiu
1805 3403 1941 3475 despera-

195 3491 495 3566 tior-ministratione,
523 3510 577 3568 per
604 3494 835 3568 inexplicabilem
866 3499 896 3550 et
922 3493 1042 3568 purissi·
1094 3489 1222 3546 tionem:
1243 3489 1311 3545 inde
1329 3489 1402 3560 alins
1421 3489 1535 3561 jocatur
1557 3504 1609 3562 per
1632 3489 1817 3547 stoliditatem
1840 3509 1942 3565 snper-

196 3596 273 3636 mam
295 3582 409 3638 laudem
431 3583 538 3650 colunt,
565 3583 643 3656 quod
672 3588 732 3639 tam
754 3583 843 3651 digne
866 3599 925 3638 nou
947 3587 1042 3656 potest
1095 3580 1150 3637 bie
1164 3595 1234 3646 sure,
1255 3583 1341 3652 atque
1360 3595 1413 3651 per
1433 3579 1511 3649 quod
1532 3578 1594 3652 ipse
1614 3579 1734 3636 omniuo
1757 3582 1944 3637 conculcatur

195 3669 284 3726 humo
296 3671 457 3742 adimplere
469 3689 536 3728 cum
550 3673 644 3729 adhuc
656 3672 688 3728 in
710 3672 827 3728 mortali
840 3688 963 3744 corpore
982 3676 1040 3740 est,
1094 3669 1125 3724 in
1147 3667 1362 3739 desperatioue3
1386 3682 1438 3740 per
1458 3666 1513 3723 boc
1533 3667 1582 3724 ille
1605 3667 1652 3724 rix
1679 3669 1890 3741 constringitur
1913 3671 1943 3725 iu

195 3758 250 3830 ipsi
265 3761 357 3815 baum
374 3761 581 3833 amplectentes
596 3762 628 3816 iu
643 3762 746 3817 ardore
760 3777 822 3831 sno,
847 3762 917 3835 quia
934 3763 985 3817 lux
1001 3761 1041 3816 vi·
1095 3755 1274 3829 plenitudine
1295 3755 1385 3812 animi
1399 3756 1454 3812 ιιι.
1480 3757 1641 3813 Haemode
1657 3773 1773 3814 coerceo
1795 3759 1944 3830 pertinen-

195 3863 264 3903 rens
286 3852 364 3917 sunt,
383 3854 413 3904 ιι
433 3849 521 3905 elati:
540 3865 597 3905 non
613 3849 690 3921 quod
710 3850 769 3905 alas
793 3851 921 3906 babeant
939 3849 1041 3906 utalia
1094 3852 1137 3902 tes
1151 3845 1186 3902 ad
1201 3861 1248 3901 me
1267 3861 1333 3900 cum
1354 3845 1425 3901 mihi
1439 3847 1647 3918 repugnantia
1661 3847 1872 3919 operibussnis
1886 3865 1894 3914 ;
1910 3855 1944 3904 ιι

195 3936 317 3992 solantis
331 3941 473 4005 creatura,
489 3939 539 3994 sed
553 3939 631 4010 quod
655 3937 825 4010 flagrantia
844 3938 966 4009 spheris
982 3938 1041 3994 suis
1095 3935 1164 4008 quic
1184 3951 1234 3992 eos
1259 3935 1335 4006 nori,
1355 3934 1455 3990 saltem
1478 3951 1533 4007 per
1546 3935 1723 3994 calamitates
1735 3941 1795 3992 tam
1814 3939 1944 4008 corporis

195 4040 249 4094 per
271 4025 407 4080 virtutem
433 4025 494 4095 Ilei,
519 4026 602 4098 quusi
624 4026 743 4098 pennati
757 4025 824 4082 siut.
850 4025 932 4082 Unde
958 4041 1041 4081 vene·
1095 4039 1184 4095 quam
1197 4023 1315 4095 spiritus
1333 4039 1405 4096 qnas
1418 4023 1566 4095 patiantur
1579 4023 1616 4080 nd
1630 4039 1677 4080 me
1699 4024 1851 4095 pervenire
1865 4041 1945 4081 com·

195 4117 297 4167 rantur
311 4127 358 4168 me
370 4115 463 4169 ileum
479 4130 590 4183 rernm,
601 4114 786 4186 persistentes
798 4113 828 4169 in
842 4118 921 4168 recto
937 4112 1041 4167 timore
1096 4112 1251 4182 pellantur,
1272 4118 1414 4185 quatenns
1433 4113 1489 4184 ipsi
1510 4114 1664 4181 salventur,
1681 4119 1713 4168 ιι
1729 4112 1815 4170 etiam
1833 4113 1943 4169 Pharao

196 4205 226 4255 et
242 4201 274 4255 iu
296 4217 363 4256 vcra
385 4202 572 4275 subjectione,
591 4203 713 4259 scientes
730 4202 841 4273 judicia
855 4216 929 4270 men,
954 4205 1040 4272 etque
1060 4197 1279 4258 lllsraeliticam
1293 4201 1408 4272 plebem
1429 4206 1538 4258 eterra
1557 4217 1609 4257 sua
1622 4201 1802 4272 perterritus,
1822 4201 1942 4258 tandem

197 4288 331 4344 ardentes
353 4290 385 4344 in
409 4307 507 4348 amore
532 4307 608 4360 meo,
634 4292 703 4364 quia
725 4291 827 4347 faciem
849 4305 943 4346 meam
965 4305 1040 4345 sem·
1094 4289 1241 4346 discedere
1264 4291 1415 4362 compulit,
1437 4290 1511 4346 sicut
1531 4289 1669 4362 scriptum
1690 4295 1749 4346 est:
1771 4289 1944 4363 Vocatisqne

196 4393 248 4450 per
270 4378 414 4450 aspiciunt
440 4379 513 4436 nihil
545 4381 624 4436 aliud
660 4379 856 4436 desiderantes
876 4393 969 4451 neque
992 4395 1041 4434 so·
1097 4378 1211 4434 Phorco
1233 4379 1314 4434 Mose
1333 4381 1360 4434 ιι
1374 4381 1475 4434 Aaron
1497 4383 1580 4436 necte
1593 4377 1653 4434 nit:
1676 4377 1802 4450 surpite,
1825 4379 1940 4452 egredi-

196 4467 287 4522 leutes
301 4468 357 4523 nisi
378 4469 455 4540 quod
479 4470 576 4526 rident
595 4471 708 4542 placere
727 4468 938 4542 perspicacibus
951 4467 1042 4524 oculis
1094 4467 1168 4523 mini
1179 4484 1200 4523 u
1212 4466 1319 4540 populo
1332 4483 1405 4534 meo,
1415 4471 1499 4523 etrus
1509 4469 1538 4522 et
1545 4467 1607 4538 filii
1619 4467 1724 4524 lnnel.
1741 4467 1785 4525 Ile
1798 4471 1827 4524 et
1838 4468 1940 4526 imino·

196 4555 279 4610 meis.
1096 4557 1157 4614 tate
1174 4556 1303 4624 Domine,
1323 4555 1399 4612 sicat
1416 4553 1523 4611 dicitis.
1540 4557 1613 4612 Oura
1628 4559 1747 4614 ιιιινιιι
1766 4561 1795 4613 et
1808 4561 1944 4614 urmesalu

231 4643 286 4700 Sed
306 4646 385 4716 quod
409 4650 477 4702 ente
499 4646 602 4703 taciem
621 4648 684 4719 ejus
704 4646 783 4703 rides
804 4645 893 4703 aliam
914 4644 1042 4701 multitu.
1095 4645 1245 4715 assumite,
1260 4649 1292 4701 nt
1310 4645 1472 4719 petieratis,
1495 4648 1524 4701 et
1546 4645 1683 4702 ιιιιιιιι
1701 4647 1857 4704 ιιιιιιιιιιι
1869 4649 1944 4704 mihi

196 4732 296 4789 dinem
317 4733 349 4789 iu
369 4735 497 4790 hnmana
519 4737 613 4791 torma
635 4735 831 4792 etteuebrosa
855 4739 933 4790 veste
954 4749 1043 4805 apps-
1097 4733 1197 4805 (mod.
1226 4734 1295 4804 ιιι).
1326 4737 1383 4791 lior
1409 4736 1465 4791 tale
1488 4738 1551 4791 est:
1573 4736 1702 4794 Onerosa
1727 4741 1757 4792 et
1774 4737 1943 4809 grauissime

196 4825 318 4889 rentem,
340 4827 426 4894 atque
449 4823 480 4878 in
502 4827 594 4879 multa
612 4824 817 4879 constrictione
831 4822 942 4880 timoris
968 4827 1045 4878 stan·
1097 4823 1219 4878 crimina
1232 4839 1298 4896 qum
1316 4824 1464 4880 adhaerent
1478 4823 1547 4880 huic
1560 4826 1666 4880 saeculo
1680 4825 1821 4882 inmnttis
1834 4841 1942 4882 arum·

197 4914 268 4975 tem,
291 4910 322 4966 hi
348 4917 416 4967 suut
439 4913 471 4967 iu
491 4912 612 4968 scientia
641 4912 692 4968 [ιιι
721 4911 854 4968 homines
879 4911 1042 4968 existentes.
1098 4911 1142 4966 uis
1158 4927 1190 4968 ac
1206 4911 1338 4979 miseriis,
1361 4917 1482 4984 gravant
1501 4913 1708 4984 supermodum
1733 4915 1838 4970 multos
1851 4914 1944 4970 bomi-

197 4999 367 5064 Quomodo?
391 5002 482 5056 Homo
505 5006 549 5056 est
575 5001 604 5056 ιι
627 5006 783 5072 conspectu
807 5000 858 5057 liei
879 5000 911 5055 in
936 5015 1044 5073 magno
1099 5017 1157 5066 nes,
1183 5000 1216 5056 ιι
1238 5001 1373 5057 cordibus
1405 5001 1466 5057 suis
1488 5001 1665 5059 dicentibusr
1689 5003 1759 5070 deu,
1786 5004 1857 5059 heu!
1884 5019 1942 5072 qno

196 5089 317 5156 bonore,
337 5087 424 5160 quem
438 5090 578 5161 praeridet
591 5089 626 5144 ad
649 5088 852 5160 sepertinere,
870 5089 920 5144 illo
935 5087 1044 5161 abjecto
1098 5089 1262 5160 fugiemus?
1285 5091 1320 5146 Et
1344 5094 1411 5146 tunc
1432 5091 1542 5147 easdem
1568 5107 1706 5148 aramme
1734 5091 1854 5148 rixando
1879 5091 1944 5148 illos

197 5177 248 5247 qui
268 5177 361 5250 magis
381 5178 414 5233 iu
436 5177 600 5249 perditione
620 5178 767 5234 contendit
785 5177 942 5249 perdurare
956 5193 1044 5249 quam
1098 5179 1245 5248 expellunt
1267 5193 1284 5234 a
1304 5194 1352 5234 se:
1377 5177 1419 5235 ita
1439 5179 1517 5252 quod
1541 5180 1629 5237 etium
1644 5180 1699 5253 ipsi
1713 5179 1846 5236 homiues
1871 5177 1944 5236 lesti-

197 5263 230 5318 iu
259 5264 317 5319 nso
339 5279 413 5320 esse.
442 5265 497 5322 Sed
519 5264 653 5321 homines
673 5264 728 5332 illi,
750 5281 823 5336 quos
841 5265 922 5320 sides
942 5265 974 5320 iu
991 5265 1046 5321 bac
1099 5270 1169 5321 naut
1190 5265 1227 5322 ab
1246 5267 1288 5322 eis
1312 5266 1458 5336 recedere,
1484 5267 1553 5340 quia
1577 5267 1608 5323 iu
1636 5268 1739 5340 seipsis
1756 5272 1889 5326 cremant
1913 5269 1942 5323 iu

199 5351 395 5422 multitudiue,
408 5353 713 5426 dicuuturcompulsas
726 5353 1047 5425 ores,homauumsps-
1097 5369 1216 5427 corpure
1240 5371 1292 5410 sno
1315 5356 1351 5411 de
1377 5355 1532 5426 gravedine
1557 5357 1664 5429 llagelli
1679 5373 1782 5414 manus
1802 5358 1865 5428 llei,
1884 5373 1941 5412 uon

198 5441 271 5496 ciem
283 5441 432 5509 habentes,
442 5442 1045 5514 propteroperabominnm,etumbrosum
1098 5445 1224 5500 valentes
1237 5459 1303 5499 cum
1318 5445 1423 5515 ιιιιιο
1436 5445 1531 5500 virere
1544 5447 1575 5502 iu
1589 5447 1736 5516 rottrptate
1749 5445 1858 5504 seculi.
1874 5463 1939 5513 que
