3984 6034
150 228 210 281 eol
882 224 909 279 S.
930 221 1178 281 utauudaauts.
1853 228 1906 282 vtvr'a

157 359 270 414 tantum
293 371 322 412 m
346 355 488 414 exteriore
515 371 586 414 sono
616 353 769 411 verboram
791 369 909 411 snorum
925 371 999 428 prae·
1020 355 1223 413 Alnsecundo
1239 371 1305 412 vero
1332 355 1439 426 blesen,
1468 357 1605 430 quoniam
1633 357 1737 415 deiude
1765 357 1907 434 plantatio

157 445 365 501 monstrabant.
1055 445 1177 500 surrexit
1191 443 1377 518 inspiratione
1410 445 1461 502 Dei
1483 447 1513 501 iu
1539 446 1621 502 initio
1648 447 1723 504 datae
1753 447 1824 519 legis
1847 463 1902 520 per

190 533 239 587 Est
273 547 389 604 quoque
420 531 501 586 valde
543 529 679 585 terribilis
706 534 833 602 aspectu,
861 529 1000 602 quoniam
1052 533 1146 604 ipsum
1162 534 1293 590 llosenin
1306 534 1536 606 praefiguratione
1548 535 1611 590 Filii
1639 535 1789 606 Altissimi‚
1818 541 1848 592 st
1874 536 1906 590 iu

152 621 264 692 justitia
278 620 309 675 in
323 620 410 675 verbo
432 619 482 675 llei
510 618 663 674 metuenda
691 624 732 672 est
756 620 892 673 burnaaae
908 619 1000 673 scien·
1055 622 1139 677 tertio
1153 623 1249 690 iosue,
1272 622 1341 694 quia
1358 623 1420 694 ipse
1439 623 1622 696 postmodum
1650 623 1751 680 babuit
1770 623 1907 696 spiritum

156 709 204 764 tias
219 709 249 764 in
263 709 353 780 impio
365 707 473 780 judicio
488 708 663 779 injustorum
678 746 680 749 -
689 706 818 777 judicum
842 707 1000 761 secundum
1056 711 1161 765 banca
1178 713 1246 781 ilco,
1256 716 1287 766 ut
1303 711 1541 768 consuetudinem
1571 711 1641 782 legis
1668 713 1719 768 Dei
1745 713 1905 770 conflrma-

156 823 185 861 se
203 807 279 880 ipsos
299 806 481 861 solummodo
499 804 701 876 judicantium.
725 805 822 858 Tantae
846 807 889 858 est
913 803 1001 859 etiam
1055 802 1098 853 ret
1125 798 1316 855 robustiorem
1339 798 1368 854 in
1403 805 1545 872 praecepto
1582 799 1690 857 divino.
1725 803 1763 858 Ac
1800 801 1906 858 deinde

156 894 363 967 magnitudinis
378 910 411 948 ac
425 893 596 961 altitudinis,
612 898 820 947 utmensuram
840 892 902 963 ejus
921 893 1001 947 nullo
1054 885 1132 942 vides
1147 887 1273 959 reliquos
1294 887 1469 960 patriarchas
1487 891 1515 943 et
1539 889 1694 961 propbetas
1718 889 1758 944 ita
1788 905 1904 946 sursum

156 981 416 1036 rrrododisccrnere
431 981 532 1052 possis,
548 980 616 1052 quia
633 980 728 1051 ipsum
759 980 882 1034 Verbum
913 979 1001 1036 Filius
1056 974 1359 1048 singulosinsingulls
1381 977 1470 1032 ramis
1498 978 1905 1048 ordinatesedentes,[secun·

155 1069 261 1124 scilicet
276 1069 327 1125 liei
340 1069 371 1124 in
388 1068 588 1141 magnitudine
603 1068 705 1139 glorire
725 1084 795 1135 suae,
813 1073 842 1123 et
856 1069 886 1123 in
901 1068 1001 1123 altitu·
1054 1063 1323 1135 dumtempnsquo
1347 1064 1377 1119 in
1406 1063 1459 1119 hoc
1487 1065 1592 1120 smculo
1616 1065 1671 1120 sibi
1692 1064 1813 1120 invicem
1843 1081 1905 1120 suc-

155 1158 221 1214 diue
240 1157 396 1213 divinitatis
423 1173 482 1212 succ
505 1172 605 1211 omncs
633 1163 776 1210 creaturas
802 1156 1002 1228 superexcellit
1055 1157 1211 1219 cesserunt,
1251 1153 1389 1225 quoniam
1422 1152 1454 1208 ia
1484 1168 1602 1225 sanoque
1636 1158 1766 1225 tempore
1802 1153 1904 1209 subse-

154 1247 185 1302 in
199 1252 319 1318 paterna
338 1245 498 1318 majestate,
514 1245 554 1301 ita
571 1250 602 1300 ut
616 1245 668 1300 boc
681 1246 778 1300 nullus
799 1246 950 1300 bominum
969 1245 1001 1299 in
1055 1242 1206 1313 quantiam
1234 1242 1462 1313 patriarcharum
1483 1247 1512 1297 et
1534 1243 1741 1314 prophetarum
1753 1241 1905 1314 inspiravit

155 1336 336 1409 corruptibili
358 1351 444 1391 carrae
464 1336 493 1390 id
516 1335 550 1390 ad
577 1336 736 1407 perlectum
760 1335 849 1407 possit
870 1335 1000 1390 conside·
1056 1331 1129 1385 lleus
1148 1331 1272 1402 desuper
1284 1331 1319 1386 ad
1344 1331 1524 1387 altitudinem
1547 1335 1759 1403 praeceptorum
1784 1346 1904 1387 snorum

154 1441 228 1483 mre,
1055 1419 1280 1491 uniuscujusque
1295 1421 1438 1491 singulare
1450 1435 1579 1491 germen,
1594 1435 1659 1475 curn
1673 1419 1730 1492 ipsi
1745 1420 1774 1475 in
1800 1419 1904 1475 diebus

189 1513 269 1579 Quod
294 1517 391 1567 autem
413 1513 513 1567 eadem
538 1511 672 1567 columna
690 1515 747 1566 tres
770 1512 891 1584 angulos
914 1512 1002 1568 babet
1053 1507 1111 1562 suis
1137 1508 1273 1578 disposite
1293 1512 1322 1562 et
1350 1507 1479 1563 ordinale
1509 1507 1539 1564 in
1563 1513 1677 1564 ostensa
1714 1507 1905 1580 sibiljustitia

154 1600 189 1656 ab
203 1600 262 1656 imo
272 1615 365 1672 nsque
379 1601 412 1656 ad
424 1615 568 1654 summurn
592 1599 684 1654 instar
703 1599 792 1670 gladii
808 1603 916 1665 acutos,
945 1599 1000 1654 hoc
1054 1596 1248 1669 quiescebant,
1274 1596 1379 1652 divinae
1403 1596 1544 1668 majestati
1572 1596 1696 1653 fideliter
1716 1596 1847 1669 subjecti,
1872 1602 1905 1654 ut

154 1693 197 1744 est
217 1689 293 1762 quod
314 1687 456 1744 circuiens
472 1693 501 1742 ct
524 1687 659 1743 volubilis
681 1687 712 1743 in
738 1686 831 1758 gratia
859 1686 999 1742 fortitudo
1020 1658 1084 1741 Bin
1098 1685 1276 1758 temporibus
1291 1685 1350 1740 suis
1361 1685 1506 1741 venientes
1521 1689 1612 1741 erant.

155 1773 237 1831 Verbi
259 1775 309 1830 Dei
345 1791 432 1848 quam
464 1777 550 1831 Vetas
576 1775 790 1831 Testamentum
816 1774 1000 1847 presignavit
1089 1774 1278 1831 Ethiomnes
1298 1780 1514 1830 convertuntse
1542 1774 1578 1830 ad
1599 1775 1737 1846 angulum
1759 1775 1904 1831 columnae

154 1862 184 1918 in
202 1863 279 1918 Novo
306 1863 508 1918 declarandam
532 1863 724 1918 manifestavit
759 1879 812 1936 per
858 1864 1000 1935 Spiritum
1054 1863 1104 1936 qui
1119 1863 1235 1934 respicit
1261 1863 1296 1919 ad
1325 1862 1560 1935 septentrionem,
1584 1863 1760 1918 admirantes
1779 1879 1813 1918 aa
1836 1880 1904 1936 quae

153 1955 297 2022 sanctum,
313 1952 367 2007 tria
385 1951 541 2008 incidentia
563 1951 706 2019 acumina,
727 1951 759 2006 id
781 1957 824 2007 cst
849 1952 999 2025 antiquam
1053 1953 1083 2008 in
1099 1951 1200 2020 spiritu
1217 1952 1313 2008 futvrr'a
1331 1952 1428 2008 rident
1443 1951 1474 2007 in
1503 1951 1565 2026 ipsa
1591 1952 1659 2024 quia
1678 1967 1777 2006 omnes
1802 1951 1903 2007 admo·

154 2041 403 2112 legemstnovam
418 2040 540 2111 gratiam
562 2044 648 2111 atque
672 2040 902 2096 enucleationem
928 2039 999 2094 tide-
1053 2041 1104 2097 niti
1119 2041 1233 2113 spiritu,
1250 2057 1302 2113 per
1322 2040 1463 2113 Spiritum
1493 2045 1623 2096 sanctum
1650 2055 1679 2094 se
1700 2043 1845 2095 verterunt
1874 2043 1904 2094 et

153 2128 430 2185 liumdoctorumin
451 2128 554 2201 quibus
577 2129 668 2184 factus
688 2129 775 2184 bomo
791 2128 870 2202 qaod
887 2127 999 2200 justum
1051 2130 1185 2186 viderunt
1215 2131 1250 2186 ad
1286 2130 1481 2202 evangelicam
1518 2129 1678 2185 doctrinam
1720 2127 1902 2184 tortitudinis

154 2220 355 2290 estaperatur,
372 2217 407 2272 ab
428 2216 513 2272 initio
533 2216 666 2273 videlicet
687 2217 860 2288 inceptionis
884 2233 944 2272 suae
967 2220 1000 2271 ut
1054 2217 1117 2274 Filii
1134 2217 1308 2274 Deidiabolo
1323 2217 1522 2290 repugnantis,
1548 2217 1583 2274 de
1612 2217 1810 2274 incarnatione
1838 2216 1902 2288 ejus

153 2305 256 2361 inimo
271 2321 336 2360 cum
359 2305 467 2361 bonum
486 2304 596 2378 incipit,
618 2305 659 2361 ita
684 2321 798 2360 sursum
818 2304 940 2361 tendens
963 2306 999 2360 ad
1054 2308 1213 2381 loquentes,
1227 2312 1255 2362 et
1270 2307 1446 2362 admirantes
1461 2307 1538 2381 quod
1559 2307 1621 2381 ipse
1650 2305 1816 2362 vanienses
1840 2321 1903 2359 cor-

154 2393 314 2465 perlcctum
339 2393 421 2466 quasi
442 2393 478 2448 ad
506 2409 652 2448 summum
674 2409 739 2449 cum
755 2393 808 2448 hoc
832 2399 998 2460 consumat;
1053 2398 1088 2452 de
1102 2395 1194 2451 Patris
1213 2395 1288 2451 etde
1303 2398 1385 2450 utero
1398 2393 1523 2467 Virginis
1537 2395 1567 2450 iu
1583 2394 1695 2466 magnis
1720 2391 1901 2449 mirabilibus

153 2479 221 2552 qnia
239 2495 325 2537 omns
338 2481 416 2552 qnod
425 2480 536 2552 justum
551 2484 603 2548 est,
618 2481 674 2537 luit
690 2487 718 2537 et
732 2485 786 2550 est,
798 2485 826 2538 et
848 2488 999 2554 permanet
1053 2501 1082 2541 se
1095 2483 1222 2540 ostendit
1230 2483 1261 2538 in
1290 2498 1341 2538 suo
1364 2499 1452 2554 opere
1477 2489 1506 2538 et
1525 2483 1707 2557 sequentium
1727 2482 1777 2556 qui
1804 2481 1899 2554 ipsum

154 2568 182 2623 in
196 2572 321 2625 aetenum
342 2571 373 2625 in
385 2569 598 2642 simplicissima
619 2571 724 2626 deitate
750 2571 927 2643 quaomnia
950 2588 999 2642 pe·
1052 2574 1082 2628 in
1093 2589 1166 2628 nova
1176 2573 1269 2644 gratia
1283 2571 1453 2628 mirabiliter
1475 2572 1620 2627 imitantes
1647 2571 1755 2626 caduca
1781 2573 1900 2626 corrent-

151 2661 256 2723 netrat,
277 2658 318 2714 ita
342 2658 419 2732 quod
445 2660 523 2715 nulla
551 2663 678 2731 potestas
702 2664 796 2732 potest
812 2666 944 2716 constare
968 2661 998 2715 iu
1051 2662 1167 2728 cabant,
1195 2667 1223 2716 et
1251 2661 1286 2716 ad
1316 2667 1489 2716 aeternorum
1516 2661 1622 2732 gaudia
1648 2660 1761 2716 sortiter
1783 2661 1898 2715 anbela-

152 2747 263 2801 malitia
277 2763 339 2814 sua,
356 2765 443 2819 qraam
460 2749 517 2803 vult
533 2747 683 2804 devincere
692 2748 808 2820 pietatis
816 2749 878 2821 ejus
893 2748 994 2821 gloria.
1052 2748 1132 2803 bunt.
1148 2747 1203 2803 Sed
1215 2748 1291 2819 quod
1306 2747 1382 2802 inter
1403 2747 1455 2802 hos
1477 2747 1550 2802 duos
1571 2747 1697 2820 [angulos
1720 2753 1819 2812 (unam
1844 2747 1900 2801 sci-

186 2835 343 2908 Etprimns
367 2837 490 2906 angulus
513 2837 626 2909 respicit
649 2837 684 2892 ad
706 2837 858 2907 orientem,
881 2838 932 2910 qui
956 2845 999 2892 cst
1051 2835 1344 2907 licetvergentemad
1361 2835 1500 2890 orientem
1529 2840 1557 2891 et
1575 2836 1696 2891 alterum
1725 2835 1759 2890 ad
1782 2839 1900 2906 sapten-

151 2922 261 2994 primns
276 2930 356 2979 ortus
371 2924 544 2996 inceptionis
556 2940 728 2996 cognoscere
744 2927 835 2980 llaum
849 2926 880 2980 in
901 2925 998 2981 divina
1016 2955 1036 3008 G
1052 2923 1185 2996 trionem)
1215 2927 1279 2978 ante
1317 2922 1418 2978 faciam
1448 2923 1577 2995 ipsorum
1609 2921 1833 2994 patriarcharum
1872 2928 1901 2978 ot

151 3013 223 3084 lege,
245 3017 312 3068 ante
335 3013 494 3084 perlectum
520 3014 597 3069 diem
619 3014 712 3071 omnis
725 3004 863 3085 justitia.
886 3015 996 3070 Secun-
1051 3014 1256 3087 prophetarum
1272 3011 1522 3067 estcolumnoilla
1538 3011 1642 3066 abluto
1658 3012 1800 3084 usquead
1817 3027 1899 3068 sum-

150 3099 204 3155 dns
223 3105 320 3156 antem
339 3100 375 3156 ad
408 3100 644 3172 septentrionem,
669 3103 807 3173 quoniam
820 3102 890 3175 {post
917 3103 995 3158 iace·
1052 3117 1132 3157 mum
1146 3101 1228 3174 quasi
1244 3099 1387 3156 tornatilis
1400 3107 1429 3156 et
1442 3100 1575 3166 rotunda,
1589 3101 1732 3172 plenaque
1759 3115 1900 3172 rugarum

130 3187 279 3259 'ptioaem
296 3190 379 3244 boam
394 3194 423 3243 et
437 3191 575 3244 institntm
602 3191 788 3262 operationis,
812 3191 995 3263 Evangeliam
1051 3195 1083 3246 ut
1105 3191 1140 3246 de
1166 3189 1277 3245 arboris
1299 3187 1403 3244 cortice
1425 3189 1498 3243 solet
1513 3205 1632 3259 germen
1659 3189 1822 3259 pullulare:
1843 3188 1901 3244 boc

150 3277 553 3350 l'iliimeietnliaprcecepta
573 3278 604 3333 in
624 3295 670 3333 me
700 3281 783 3335 Patre
811 3285 996 3336 surrexerunt
1050 3285 1092 3334 cst
1107 3278 1186 3350 quod
1200 3277 1277 3334 inter
1288 3277 1372 3332 binas
1386 3277 1575 3346 summitates,
1590 3277 1722 3332 videlicet
1744 3276 1820 3332 inter
1840 3293 1901 3333 ma·

150 3371 374 3437 contrapartcm
398 3367 551 3439 aquilonis,
574 3367 624 3422 arbi
651 3372 744 3423 omnis
772 3369 913 3442 injustitia
932 3376 995 3426 orta
1049 3365 1392 3438 nilestamcognitionem
1422 3381 1515 3420 meam
1545 3370 1574 3420 et
1597 3365 1819 3438 subsequentem
1848 3366 1899 3421 do·

150 3459 202 3509 cst,
217 3455 330 3511 Tertius
339 3471 406 3511 vcro
419 3455 455 3511 ad
470 3456 622 3512 meridiem
637 3457 763 3513 exterius
792 3458 846 3530 ipsi
871 3459 993 3514 edificio
1049 3455 1169 3510 ctrinam
1186 3453 1248 3510 Filii
1260 3453 1327 3522 mei,
1344 3453 1428 3509 latuit
1452 3469 1505 3526 per
1532 3459 1633 3526 typam
1654 3453 1902 3526 praefigurationis

150 3542 362 3614 aliquantulum
378 3545 559 3616 conjunctus,
576 3545 627 3616 qvai
642 3553 686 3600 est
700 3547 842 3602 roboratis
857 3549 993 3619 operibus
1050 3546 1079 3599 in
1096 3543 1247 3599 animabus
1275 3543 1460 3614 antiquorum
1492 3547 1607 3613 patrum
1635 3541 1667 3598 ia
1690 3541 1802 3613 legibus
1825 3543 1902 3598 meis

148 3631 265 3702 justitiae
279 3632 423 3703 profunda
438 3637 466 3687 et
478 3633 620 3704 exquisita
634 3634 775 3706 sapientia
790 3635 993 3707 principalium
1049 3631 1303 3697 commorantium,
1319 3630 1437 3686 unicam
1453 3629 1576 3686 Verbum
1588 3630 1639 3702 qui
1649 3635 1691 3686 est
1706 3631 1794 3686 Filius
1815 3647 1899 3686 meus

149 3720 353 3792 nragistrornm
376 3737 429 3792 per
450 3721 576 3776 calorem
599 3721 723 3794 Spiritus
750 3724 841 3779 sancti
868 3725 918 3796 qui
946 3725 994 3779 ob
1049 3721 1173 3793 aprimo
1185 3721 1375 3791 eiectansque
1387 3719 1422 3774 ad
1436 3720 1569 3775 ultimum
1588 3723 1738 3790 sanctum;
1761 3719 1793 3775 in
1821 3733 1901 3790 mys-

149 3822 232 3862 scura
245 3808 275 3864 in
297 3810 360 3880 lege
381 3815 411 3865 et
430 3810 580 3882 prophetis
602 3819 808 3883 apparuerunt,
829 3817 857 3867 ot
887 3812 937 3884 qui
963 3813 994 3866 in
1048 3809 1103 3865 tica
1120 3814 1293 3864 coronatura
1313 3807 1549 3877 circumornatus,
1560 3807 1629 3880 quia
1650 3807 1711 3879 ipse
1731 3806 1829 3863 omnia
1854 3807 1900 3864 in-

151 3898 312 3970 Evangeliis
326 3899 644 3971 ostenderuntgermen
659 3903 736 3972 quod
751 3901 929 3957 fructuosum
951 3901 993 3958 le·
1048 3901 1207 3954 strumenta
1224 3913 1276 3952 sua
1297 3897 1372 3952 bene
1398 3897 1558 3968 composuit
1585 3913 1617 3952 ac
1645 3895 1765 3964 limavit,
1789 3895 1900 3952 scilicet

148 3991 249 4041 cerunt
271 3987 307 4041 ad
343 3986 572 4058 intelligendum,
616 3993 676 4044 tam
702 3996 801 4060 gentes
822 3989 993 4044 exteriorem
1047 3986 1237 4059 pernobilem
1253 3985 1520 4056 gratiamomnibus
1543 4001 1573 4040 se
1593 3986 1673 4056 pium
1696 3984 1895 4045 manifestans.

148 4075 298 4129 materiam
324 4075 534 4147 Scripturarum
573 4077 604 4132 in
641 4077 992 4149 operabonitatisPatris‚
1048 4079 1081 4130 ut
1100 4074 1340 4146 praellgurabatnr
1356 4075 1386 4128 in
1414 4075 1492 4143 rugis
1504 4073 1741 4140 circumcisionis,
1753 4090 1817 4147 qaae
1841 4075 1898 4130 luit

149 4164 177 4215 et
199 4161 325 4217 suaviter
363 4164 539 4219 ruminantes
553 4165 585 4220 in
617 4181 651 4220 ea
679 4166 827 4237 mysticam
852 4165 993 4238 signitica—
1049 4163 1151 4218 umbra
1174 4161 1385 4218 futurorunrin
1408 4163 1546 4233 appositis
1576 4162 1899 4236 significationibnsper

150 4248 270 4303 tionem.
1011 4249 1243 4306 llausteritatem
1264 4249 1334 4321 legis
1351 4249 1382 4305 in
1403 4267 1432 4306 se
1452 4250 1584 4306 babeatis
1611 4251 1803 4307 rectissimum
1828 4267 1896 4323 ger·

183 4337 372 4402 Qarodautem
387 4341 539 4412 exangula
561 4343 611 4413 qui
637 4341 752 4413 respicit
778 4341 812 4397 ad
840 4341 991 4412 orientem,
1049 4355 1116 4395 men
1140 4340 1240 4407 latens,
1262 4355 1381 4395 summae
1402 4343 1432 4395 et
1464 4339 1641 4395 sanctissime
1676 4340 1894 4398 incarnationis.

148 4426 307 4497 procedant
328 4429 400 4484 rami
423 4447 440 4484 a
459 4430 553 4486 radice
575 4446 667 4503 usqua
691 4431 725 4486 ad
749 4447 886 4487 cacumen
905 4433 967 4503 ejus
985 4451 991 4488 :
1047 4428 1128 4494 and
1144 4443 1237 4483 veroa
1252 4428 1378 4483 seeundo
1393 4429 1499 4501 angulo
1522 4429 1691 4501 respiciente
1717 4429 1754 4484 ad
1782 4435 1898 4502 septen·

149 4514 204 4570 boc
228 4518 371 4590 estquod
401 4518 433 4573 in
460 4525 524 4574 ortu
547 4521 720 4591 cognitionis
749 4520 800 4576 llei
821 4536 873 4593 per
901 4522 993 4594 legem
1047 4526 1171 4581 trionem
1186 4524 1243 4580 exit
1264 4525 1400 4597 splendor
1425 4525 1505 4581 miras
1525 4525 1661 4582 claritatis
1682 4541 1711 4581 se
1738 4527 1898 4583 extendens

146 4601 277 4672 justitias,
293 4605 415 4677 quasiia
434 4607 541 4678 angulo
569 4607 701 4664 orientali
731 4613 928 4680 apparuerunt
951 4627 992 4664 ra·
1048 4615 1237 4670 acrellectens
1251 4613 1286 4688 ad
1308 4613 1446 4685 angulum
1461 4613 1510 4687 qrri
1527 4616 1643 4687 respicit
1670 4614 1706 4671 ad
1732 4615 1896 4684 meridiem,

149 4691 197 4757 mi,
214 4694 465 4764 temporsscilicet
478 4695 705 4766 patriarcharum
726 4702 753 4752 st
775 4699 991 4770 prophetarum,
1047 4702 1100 4758 hoe
1120 4707 1163 4757 ast
1190 4703 1268 4774 quod
1292 4702 1327 4757 ab
1356 4703 1457 4770 altaro,
1474 4703 1551 4759 Novo
1580 4704 1687 4760 scilicet
1713 4705 1898 4760 Testamenta

150 4781 218 4852 qaia
231 4781 281 4836 illa
293 4787 377 4838 acuta
395 4783 529 4840 columna
548 4783 714 4853 divinitatis,
740 4786 802 4843 hec
823 4787 921 4843 omnia
943 4805 992 4844 er·
1048 4789 1316 4864 diaboloopposito,
1334 4797 1441 4847 exeunt
1457 4793 1543 4848 verbe
1559 4791 1622 4847 Filii
1646 4792 1703 4848 mei
1721 4809 1785 4865 quae
1810 4809 1898 4863 egre-

149 4869 239 4924 tendit
252 4871 289 4926 ab
309 4871 392 4926 initio
407 4870 520 4937 radicis,
548 4872 636 4928 idest
662 4873 745 4928 banse
771 4875 943 4948 inceptionis
963 4877 994 4931 ln
1048 4879 1168 4936 diuntur
1183 4879 1218 4934 de
1242 4894 1289 4934 me
1305 4885 1333 4934 et
1355 4885 1537 4936 revertuntur
1551 4880 1586 4936 ad
1609 4897 1671 4949 me3
1685 4881 1752 4954 qaia
1771 4881 1897 4937 micante

149 4958 292 5014 mentibus
306 4961 462 5016 electorum
473 4976 591 5016 suornm
605 4977 696 5034 usquc
709 4963 746 5018 ad
760 4979 896 5020 cacumen
907 4965 991 5036 ejus:
1048 4968 1106 5024 sole
1129 4968 1159 5023 in
1181 4983 1276 5036 carne,
1302 4971 1352 5040 qui
1389 4973 1431 5025 est
1458 4970 1546 5026 Filius
1575 4985 1665 5037 cneus,
1689 4971 1780 5042 lutget
1796 4971 1897 5026 lumen

150 5047 227 5117 qaod
241 5053 285 5102 cst
307 5065 398 5120 usque
422 5049 457 5104 ad
481 5049 740 5106 manifestationem
766 5052 828 5109 Filii
856 5054 992 5122 bominis,
1048 5057 1137 5113 sancti
1151 5057 1298 5129 lirangelii
1312 5057 1342 5112 in
1358 5057 1562 5129 praedicatione
1590 5060 1662 5132 ejus,
1690 5059 1725 5116 ab
1746 5059 1809 5132 ipso
1833 5063 1898 5114 eta

150 5137 309 5208 quiomnis
326 5137 440 5208 justitia
462 5142 514 5192 ast.
546 5138 626 5194 Unde
649 5138 735 5194 etiam
758 5141 841 5212 juata
867 5143 994 5198 radicem
1049 5143 1197 5215 discipulis
1211 5145 1273 5218 ejus
1288 5161 1317 5200 se
1342 5145 1544 5202 diffundensin
1565 5147 1689 5203 tractum
1719 5145 1896 5202 benedictio·

150 5223 298 5294 ejasvides
312 5225 342 5279 in
356 5226 452 5296 primo
470 5241 551 5281 rama
573 5227 719 5283 Abrabam
744 5231 901 5298 sedentem,
926 5232 994 5304 quia
1047 5233 1101 5302 nis,
1117 5239 1145 5289 et
1160 5250 1190 5288 sa
1206 5238 1374 5305 retorquens
1391 5235 1420 5290 in
1431 5235 1547 5290 fontem*
1560 5234 1735 5302 salvationis,
1764 5235 1805 5290 sic
1832 5251 1900 5307 per-

149 5327 202 5384 per
215 5313 313 5368 omnia
327 5313 497 5368 subeuntem
519 5314 697 5372 divinitatem
721 5318 920 5390 exspirabatur
939 5321 993 5375 boe
1049 5322 1166 5378 veniens
1185 5323 1327 5396 usquead
1357 5329 1490 5390 rectores,
1518 5323 1650 5381 videlicet
1677 5324 1713 5381 ad
1736 5323 1899 5396 profundas

149 5404 264 5475 tempus
278 5399 507 5474 quodjprimitus
528 5405 624 5460 ortum
642 5405 730 5462 estin
749 5408 904 5477 Abrabam,
927 5425 993 5465 enm
1048 5414 1219 5467 mantelorea
1237 5411 1389 5470 verborum
1415 5411 1523 5469 Veteris
1543 5418 1572 5468 et
1596 5413 1667 5469 Nori
1708 5413 1897 5480 Testamenti,

148 5489 247 5562 quieta
256 5493 353 5547 ments
370 5490 489 5563 reliquit
508 5493 630 5564 patriam
653 5509 734 5551 suam
761 5495 897 5552 obediens
923 5499 991 5554 nso.
1049 5499 1231 5556 ostendentes
1253 5499 1330 5573 quod
1343 5501 1482 5574 sapientia
1509 5505 1602 5557 erecta
1630 5509 1672 5557 est
1696 5503 1725 5558 in
1749 5503 1812 5575 ipso
1835 5503 1897 5558 sole
