3984 6034
130 158 196 212 rur
560 192 564 200 .
787 138 793 154 '
850 155 878 208 s.
899 153 1138 210 arcuncurtis
1808 151 1874 207 trra
1977 163 1978 256 q

102 331 106 338 ,
125 297 173 345 tur
185 291 234 348 sed
258 290 333 362 ignis
358 290 411 362 (t),
430 295 460 346 et
471 290 605 346 siccatam
631 290 742 346 modice
757 289 913 361 pulveriza.
929 303 965 342 ne
982 289 1007 342 Α
1022 287 1186 359 perediam
1200 286 1447 358 etpcrinridinm
1464 292 1593 358 paratur,
1621 289 1650 342 et
1669 287 1778 343 melum
1795 287 1874 342 matu

38 425 41 430 .
127 383 288 451 pestutum
307 378 531 444 comminuatur,
546 381 575 432 et
588 379 737 449 pulverem
752 378 841 433 istum
851 376 888 432 ad
903 376 972 446 hye-
1026 377 1219 449 cunjungitur.
1235 377 1270 432 et
1296 375 1439 433 diabolica
1465 375 1612 448 suggestio
1640 375 1874 447 coagulationem

126 484 203 524 mem
218 484 316 535 serra3
341 472 369 522 et
391 472 460 522 tunc
480 466 509 521 in
536 466 639 538 hyeme
654 466 754 521 vinum
777 481 843 520 eum
860 464 973 520 modico
1027 463 1153 520 hominis
1174 465 1300 538 inspicit,
1324 470 1353 520 et
1375 479 1405 518 ae
1426 464 1462 520 ad
1489 464 1568 520 illam
1593 461 1755 536 conjungit,
1782 468 1812 518 et
1836 463 1879 516 ita

129 543 214 612 melle
229 561 258 611 et
273 555 425 628 laquiricio
439 555 549 609 terrere
563 553 617 621 iac,
643 553 732 609 idest
756 555 841 619 melle,
858 556 886 607 et
908 553 973 623 pul·
1028 570 1143 625 semper
1162 553 1275 609 homini
1299 553 1461 621 insidiatur,
1487 557 1573 625 atque
1598 553 1639 607 sic
1665 554 1775 608 matum
1798 550 1879 606 malo

127 661 224 700 rerem
234 644 321 700 istum
334 644 365 699 in
378 659 483 716 aquam
493 643 584 710 mitte,
596 641 887 713 etitapransussape
897 640 973 705 bibe,
1028 642 1224 714 conjungitur.
1241 644 1275 698 Et
1294 643 1365 698 siout
1380 642 1467 698 honio
1492 641 1597 697 bonam
1624 646 1654 698 et
1669 642 1774 696 malurn
1789 639 1880 696 seien-

127 739 156 788 οι
169 750 187 788 n
198 733 347 788 stomacho
362 733 425 787 slim
440 735 557 802 purgat,
572 735 602 784 et
617 729 744 784 dolentia
757 730 866 784 viscera
877 730 914 784 ad
929 745 973 782 ea·
1028 732 1098 786 tiam
1114 730 1210 798 hahet,
1226 731 1266 786 ita
1285 731 1373 786 etiam
1401 731 1485 786 houm
1500 734 1529 786 et
1548 731 1632 785 malae
1655 729 1752 787 herbae
1772 731 1880 783 creatae

127 822 247 877 nitatem
269 820 390 876 reducit.
420 818 471 885 oui
499 824 596 874 autem
623 819 700 873 terro
723 819 889 873 vulneratus
921 822 973 883 est,
1028 827 1096 876 eunt
1116 821 1151 874 ad
1175 819 1334 875 huminem.
1361 819 1467 874 Saccus
1490 823 1589 874 aretem
1615 820 1682 885 (arn
1702 818 1812 888 positus
1840 816 1878 870 ad

129 925 244 965 succum
259 909 394 964 sanicula,
409 906 561 979 exprimat,
586 911 615 961 et
634 921 701 960 eum
717 906 747 961 in
774 921 850 977 aqua
863 905 974 971 tundat,
1028 909 1210 980 sapientiam,
1233 913 1260 964 et
1288 908 1318 964 in
1340 908 1492 972 ‚honestate
1516 914 1627 963 natiuae
1648 910 1692 961 est
1712 906 1743 962 in
1763 904 1880 976 signiti-

127 1000 210 1053 etsic
234 1013 357 1068 pransus
384 995 481 1062 bibat3
500 1000 551 1050 aut
574 994 644 1049 siin
668 994 771 1066 hyeme
795 998 848 1060 est,
873 993 974 1065 pulre·
1029 999 1170 1052 cationem
1190 995 1261 1051 boni
1286 1001 1316 1050 et
1338 995 1515 1061 sanctinum
1542 1010 1575 1050 ac
1594 994 1658 1050 ideo
1680 991 1777 1048 omnia
1801 992 1881 1046 mala

129 1102 190 1141 rem
203 1086 266 1157 ejus
282 1085 433 1156 inaquam
448 1084 551 1151 mittat,
569 1088 598 1138 et
617 1099 740 1155 pransus
753 1099 830 1153 saepe
842 1081 933 1146 bibet,
947 1084 977 1134 et
1030 1091 1059 1141 et
1074 1085 1184 1157 magice
1200 1085 1250 1139 illa
1270 1083 1386 1156 fugiunt
1404 1089 1433 1138 et
1454 1083 1592 1138 devitent.
1617 1083 1689 1138 Nam
1702 1083 1733 1138 in
1755 1097 1882 1153 quacun.

131 1173 381 1230 vrslnerainterius
390 1176 505 1243 purgat,
520 1178 549 1226 et
561 1171 700 1242 paulatim
711 1177 740 1224 ct
750 1171 823 1226 bene
834 1172 916 1224 sanat
925 1171 974 1240 (2).
1029 1193 1086 1246 quc
1108 1174 1194 1230 domo
1213 1178 1264 1239 est,
1291 1173 1330 1229 ibi
1354 1188 1508 1240 venenum,
1531 1171 1560 1228 id
1585 1176 1629 1227 est
1652 1171 1823 1239 virgilnisse,
1850 1174 1881 1223 et

249 1259 317 1314 Cer.
333 1260 420 1315 xtvr.
435 1287 472 1299 -
489 1259 531 1313 lle
548 1259 720 1314 Barnaeum
737 1255 783 1332 lli,
799 1256 855 1328 ert.
1029 1263 1158 1319 fantasia.
1169 1261 1205 1317 ad
1218 1261 1377 1332 perlectum
1391 1260 1454 1318 lieri
1470 1276 1528 1316 non
1544 1264 1676 1331 possunt.
1691 1257 1771 1314 Unde
1790 1258 1881 1313 etiam

165 1347 316 1416 Heyltrudt
344 1345 591 1418 [llermudactylus
628 1344 686 1419 ed]
719 1345 841 1417 frigidus
875 1348 917 1399 eal
949 1346 977 1397 al
1031 1351 1145 1418 mulier,
1170 1367 1235 1406 cum
1262 1347 1502 1419 iniantemparit,
1521 1351 1588 1415 sum
1608 1348 1648 1403 illi
1677 1346 1881 1416 circumponu-

130 1434 237 1500 aridus,
254 1435 325 1490 etin
340 1449 374 1488 aa
391 1450 443 1488 aaa
460 1435 537 1488 salua
558 1449 611 1489 aaa
634 1434 751 1500 sanitas,
777 1437 807 1489 et
830 1433 903 1488 nutu
924 1431 975 1486 ¹10·
1030 1446 1087 1502 tur.
1104 1439 1190 1494 suam
1213 1439 1243 1494 in
1269 1437 1350 1493 cunis
1373 1436 1490 1492 insanus
1511 1433 1752 1503 electrannum,
1775 1439 1805 1488 et
1818 1432 1883 1488 ria·

132 1522 203 1578 mini
216 1521 252 1576 ad
267 1522 478 1577 comedendum
500 1521 587 1586 valet.
613 1520 719 1593 quiesi
751 1521 922 1584 comederet
947 1519 977 1572 in
1034 1528 1116 1582 butus
1138 1530 1218 1584 uuio
1246 1526 1342 1581 minus
1362 1523 1525 1590 insidiatur,
1553 1522 1623 1594 quia
1653 1536 1720 1576 cum
1746 1520 1882 1577 diabotus

132 1627 167 1665 eo
195 1611 339 1666 defectum
361 1610 505 1665 bonarum
537 1624 659 1680 operum
673 1609 780 1664 facerat
793 1613 879 1679 atqua
895 1605 980 1661 aridi·
1034 1615 1137 1670 taciem
1152 1613 1269 1670 intentis
1283 1613 1410 1684 primurn
1420 1611 1588 1683 inspexerit,
1604 1609 1687 1665 illum
1710 1608 1793 1664 valde
1806 1608 1882 1671 odit,

135 1704 225 1755 tatem
250 1697 299 1769 (³)·
316 1698 351 1753 Et
379 1698 403 1753 ai
426 1699 492 1770 qais
506 1698 594 1752 homo
608 1713 671 1752 eam
686 1697 853 1764 comederit,
869 1695 903 1749 ad
920 1711 979 1750 ¹110·
1033 1719 1066 1758 ac
1079 1703 1106 1758 ei
1119 1701 1271 1758 insidiatur
1290 1701 1340 1772 (5).
1356 1699 1399 1756 Ad
1414 1699 1465 1756 lias
1476 1715 1593 1771 quoque
1606 1697 1764 1753 medicinas
1777 1697 1855 1752 valet
1873 1713 1881 1750 z

133 1788 230 1843 dicum
245 1791 275 1841 et
289 1786 324 1841 ad
338 1786 424 1842 breve
447 1792 572 1857 tempus,
596 1801 663 1841 caro
692 1786 754 1856 ejus
769 1785 835 1840 inde
863 1783 980 1855 quidem
1035 1795 1105 1848 Nam
1130 1790 1181 1863 qut
1205 1791 1383 1860 „tragurium
1404 1792 1458 1854 est,
1482 1789 1550 1854 sam
1574 1785 1705 1857 accipiar,
1735 1785 1884 1840 camarti.

131 1874 388 1946 [exteriuscrescit
412 1874 481 1946 qnia
499 1876 540 1929 rie
563 1875 625 1945 ejus
645 1873 767 1928 interius
783 1872 889 1941 delicit,
913 1887 981 1942 qttoe
1034 1881 1142 1946 diseat,
1163 1884 1191 1934 at
1215 1894 1277 1934 uam
1305 1878 1336 1932 in
1364 1892 1439 1949 aqua
1462 1878 1576 1949 coquat,
1614 1874 1697 1930 etin
1720 1873 1783 1946 ipsa
1804 1889 1885 1945 aqua

133 1979 249 2018 carnem
278 1964 458 2034 aliquantum
482 1963 594 2017 extollit
615 1961 699 2034 qussi
719 1967 834 2024 crescat,
860 1965 889 2014 et
904 1959 980 2031 quod
1035 1985 1109 2039 ,ampo
1124 1967 1247 2036 balneat,
1262 1968 1338 2034 pictur
1352 1965 1473 2021 cessabit
1491 1965 1542 2036 (6),
1568 1965 1602 2018 Et
1616 1963 1702 2018 atium
1724 1963 1755 2018 in
1769 1966 1882 2028 aestate,

135 2051 201 2106 iude
227 2051 313 2105 etiam
338 2051 431 2120 suppl.
447 2051 551 2118 cord]
568 2066 644 2121 saepe
660 2049 793 2116 moritur,
819 2050 887 2119 quin
915 2048 980 2118 plus
1035 2073 1099 2112 cum
1119 2055 1217 2111 viridis
1236 2061 1287 2122 est,
1313 2053 1380 2110 tolia
1404 2054 1466 2124 ejus
1490 2069 1577 2123 super
1598 2052 1697 2107 oculos
1716 2056 1782 2106 tuos
1805 2067 1885 2120 saepe

134 2154 276 2194 venenum
297 2155 384 2210 qnam
407 2139 513 2192 sanitas
537 2142 588 2193 est.
604 2137 659 2193 Sed
678 2139 702 2192 si
729 2153 816 2210 pecus
836 2136 982 2209 heylheubt
1035 2160 1110 2214 poue
1126 2149 1156 2198 et
1170 2143 1273 2209 dormi,
1288 2148 1316 2197 et
1328 2141 1427 2198 octrlos
1448 2146 1514 2196 tuos
1528 2139 1663 2211 puriticat
1677 2143 1706 2194 et
1726 2138 1883 2208 caliginem

137 2226 304 2294 ῦθῐῐῑθᾶθῐῑῑ,
331 2243 390 2282 ”⁰¹¹
417 2226 484 2281 indss
506 2225 625 2298 ‘lumem
649 2225 789 2280 ¹¹¹⁰l50¹¹¹l
813 2227 861 2280 sed
885 2231 982 2279 lamen
1036 2232 1127 2287 abeis
1148 2232 1249 2286 aufert:
1272 2230 1326 2285 Sed
1357 2229 1449 2302 etqui
1473 2229 1577 2284 surdus
1590 2233 1642 2294 est,
1667 2227 1801 2298 itaquud
1822 2242 1884 2280 non

79 2331 85 2338 ·
135 2316 251 2370 tardum
264 2321 293 2369 et
305 2331 427 2386 parrtrm
442 2314 506 2369 erit.
1036 2321 1125 2389 audit,
1141 2336 1238 2374 semen
1254 2321 1320 2385 term
1342 2317 1371 2372 in
1393 2316 1542 2388 paniolum
1558 2315 1636 2388 liget,
1655 2320 1684 2370 et
1706 2315 1747 2369 ita
1772 2315 1802 2369 in
1831 2331 1882 2368 au.

266 2405 336 2461 Car·
351 2405 453 2460 XLVI!-
470 2434 505 2443 -
522 2404 562 2458 Da
576 2405 661 2460 Fano
677 2403 717 2474 (4)
733 2402 779 2475 [IL
796 2402 851 2473 92}
1038 2426 1097 2464 rem
1118 2426 1194 2481 saepe
1217 2412 1306 2480 ponat
1319 2421 1421 2461 carens
1437 2421 1472 2460 nc
1487 2405 1517 2461 in
1531 2408 1614 2475 caput
1638 2419 1690 2476 per
1715 2419 1814 2458 aurem
1841 2403 1884 2456 in-

172 2493 250 2547 ram
276 2492 359 2565 (ritix
384 2493 441 2563 eci.)
468 2491 550 2546 valde
565 2491 658 2546 calida
672 2496 754 2545 astat
778 2493 868 2555 arida,
882 2493 910 2542 at
925 2505 983 2542 ma·
1035 2503 1091 2552 uer
1111 2513 1118 2552 ε
1136 2497 1266 2551 attritum
1291 2494 1419 2565 reciptet.
1444 2493 1477 2548 Et
1505 2494 1556 2566 qui
1579 2495 1754 2561 vertumnus
1776 2492 1806 2546 in
1825 2492 1881 2546 rin-

136 2580 232 2636 dicum
259 2581 294 2635 de
314 2595 398 2636 succo
421 2580 451 2634 in
471 2595 501 2635 se
516 2579 617 2647 hebet;
631 2580 681 2634 sed
707 2579 826 2633 multam
847 2581 982 2632 virtutem
1037 2603 1103 2655 qua,
1120 2585 1159 2640 ita
1180 2585 1257 2657 quod
1284 2583 1363 2655 tuqui
1388 2599 1447 2638 non
1471 2587 1574 2653 potest,
1594 2597 1691 2636 semen
1711 2582 1774 2652 ejus
1795 2597 1885 2651 super

137 2669 168 2724 i¹¹
186 2685 216 2723 ⁸⁰
243 2673 332 2732 ῒθῦθῑι
359 2673 388 2722 ⁰²
411 2667 498 2723 “lem
521 2668 628 2722 ⁵⁰1¹in
656 2668 802 2735 'mummi
818 2665 896 2738 ‘1¹¹0d
921 2665 982 2718 dia·
1038 2675 1165 2744 liugnam
1182 2687 1262 2726 suam
1286 2674 1388 2743 ponat,
1408 2675 1436 2725 et
1452 2673 1527 2738 pactu
1548 2669 1578 2724 in
1594 2669 1692 2740 lingua
1706 2667 1828 2723 cessabit
1842 2669 1883 2736 (7)

140 2757 223 2812 bolus
237 2757 328 2828 ipsam
343 2756 419 2828 fugit
438 2756 476 2827 [et
491 2756 577 2811 etiam
604 2756 740 2827 quasdam
768 2755 885 2809 virtutes
904 2758 984 2807 tanat
1038 2767 1066 2815 et
1082 2761 1218 2832 loquitur.
1238 2759 1293 2816 Sed
1315 2760 1412 2824 etiam,
1436 2760 1459 2814 si
1479 2759 1545 2830 quis
1569 2759 1655 2812 homo
1677 2759 1833 2812 immemor
1851 2771 1886 2808 ac

138 2861 205 2916 quae
224 2844 323 2899 virtuti
350 2846 419 2899 sutis
442 2844 647 2911 assimilantur,
662 2844 731 2916 quia
751 2849 784 2898 ut
804 2844 848 2898 sol
862 2841 984 2898 obscura
1003 2849 1145 2913 eiuscius
1167 2853 1220 2916 est,
1237 2862 1336 2903 semen
1359 2850 1425 2914 turn
1438 2846 1469 2902 in
1485 2861 1573 2900 manu
1587 2861 1636 2900 sua
1651 2849 1741 2910 tenet,
1764 2845 1800 2898 ad
1826 2859 1885 2898 rue-

137 2932 347 3000 illuminatae
371 2933 433 3004 iraa
457 2932 593 2987 fantasias
620 2933 713 3002 fugat,
736 2936 766 2985 at
783 2930 849 2985 ideo
863 2929 983 3000 marigni
1038 2938 1157 2993 inertum
1185 2937 1229 2991 sui
1250 2936 1335 3003 redit,
1359 2941 1387 2990 ei
1415 2935 1590 2989 intellectum
1619 2933 1752 3006 recipiam
1775 2933 1816 2986 ita
1842 2932 1883 2986 iu-

140 3021 257 3091 spiritue
273 3036 336 3075 eam
352 3021 545 3092 dedignantur
566 3020 632 3074 cdd.
653 3019 707 3092 ed]
730 3021 763 3074 Et
790 3019 819 3073 in
835 3018 898 3072 lucu
921 3018 982 3083 illo,
1038 3025 1193 3094 totttgthttis
1208 3024 1272 3089 erit,
1287 3027 1337 3094 qut
1351 3023 1562 3079 unverstentlich
1576 3027 1628 3076 ast.

140 3108 190 3164 uui
215 3108 326 3174 erescit,
348 3109 481 3163 diabolus
507 3107 656 3162 illusiones
683 3123 749 3161 suas
771 3123 836 3161 raro
859 3109 981 3170 exercet,
1113 3113 1408 3169 cgp,xt,v1tt‚-nr
1425 3114 1619 3168 flgsrtwugrz
1635 3110 1673 3180 (8)
1685 3111 1732 3182 lu·
1748 3111 1805 3180 95].

140 3195 301 3250 aldamum
316 3199 346 3251 el
367 3197 473 3259 10011111.
489 3194 520 3249 in
541 3210 599 3266 (1¹¹⁰
614 3200 657 3250 ⁰³1
679 3195 822 3261 diabolus,
837 3194 984 3251 dalitalfll
1073 3199 1244 3252 llusetruurtx
1272 3196 1353 3251 valde
1377 3195 1467 3252 calida
1487 3200 1540 3262 est,
1561 3200 1590 3249 et
1614 3195 1804 3266 periculosam
1827 3192 1885 3246 vim

141 3284 285 3351 abhorret,
299 3289 328 3338 ct
342 3283 469 3354 fulgura,
485 3289 514 3338 et
527 3283 654 3338 tonitrua
667 3299 699 3338 ac
713 3284 825 3352 grando
849 3283 890 3339 ibi
918 3299 984 3337 raro
1038 3287 1068 3342 in
1089 3303 1119 3342 se
1145 3287 1240 3354 hehet,
1258 3291 1287 3341 et
1311 3286 1410 3341 eadem
1434 3285 1563 3340 timenda
1586 3289 1638 3350 est,
1661 3287 1690 3338 et
1715 3282 1796 3338 valde
1821 3287 1886 3334 atra

140 3371 257 3437 cadunt,
279 3378 365 3443 atquc
379 3373 410 3426 in
424 3387 494 3443 agro
517 3372 569 3426 ubi
590 3371 699 3439 crescit,
721 3365 833 3443 grando
857 3386 921 3426 raro
942 3388 986 3425 ca·
1038 3379 1092 3442 ast,
1110 3381 1138 3431 et
1152 3375 1218 3432 inde
1232 3375 1372 3430 instabilis
1391 3379 1502 3430 nsttrrte
1518 3379 1570 3442 est,
1598 3387 1631 3428 ac
1651 3372 1753 3427 similis
1775 3375 1886 3442 tempe·

141 3460 193 3514 dit.
208 3460 264 3515 Sed
288 3467 318 3515 et
339 3461 498 3525 huminem,
514 3460 565 3532 qui
591 3460 668 3530 apud
689 3477 720 3516 se
743 3464 849 3531 portet,
872 3461 986 3532 magica
1039 3463 1199 3535 statuque
1217 3465 1295 3518 calor
1317 3467 1346 3518 et
1368 3462 1566 3535 periculositas
1588 3461 1700 3533 eiusad
1723 3459 1886 3532 perieulum

141 3556 170 3602 et
192 3548 398 3604 incantationes
418 3549 594 3615 daemonnm,
619 3552 705 3620 atque
732 3548 874 3605 diabolica
899 3549 986 3604 uerba
1040 3557 1166 3606 cumiret.
1186 3553 1217 3607 Et
1239 3551 1304 3607 ideo
1320 3557 1453 3606 natiuam
1474 3549 1600 3604 huminis
1624 3548 1716 3619 magis
1742 3547 1887 3614 destituit,

141 3645 171 3693 et
191 3639 247 3693 alia
271 3637 445 3692 fantasmata
468 3638 605 3692 devitant.
624 3640 660 3694 et
682 3637 706 3692 si
721 3637 929 3710 aliquaimago
943 3654 986 3692 se·
1041 3655 1128 3712 quam
1152 3639 1179 3693 ei
1202 3639 1239 3693 ad
1262 3639 1414 3694 sanitatem
1440 3637 1543 3708 prosit.
1572 3636 1642 3690 llam
1667 3637 1692 3690 ei
1714 3634 1826 3690 homini
1848 3633 1886 3688 ad

142 3726 268 3781 cundum
286 3725 411 3797 aliquem
426 3733 546 3796 paratur
562 3725 755 3781 adlaesionem
769 3727 841 3781 eted
863 3730 986 3781 mortem
1040 3726 1246 3783 comedendum
1270 3727 1396 3794 daretur,
1413 3725 1463 3798 qui
1477 3728 1537 3780 aut
1549 3723 1628 3780 aucit
1650 3725 1686 3779 ad
1707 3723 1809 3778 vidden
1831 3723 1885 3778 lsa-

142 3816 229 3880 itlins,
244 3820 273 3869 et
287 3815 311 3868 si
328 3821 397 3868 tunc
410 3815 459 3868 itte
481 3816 548 3881 [nm
562 3814 640 3886 apud
660 3829 690 3867 se
711 3815 805 3883 habet,
832 3814 859 3869 ei
883 3830 985 3870 nocere
1041 3814 1130 3880 heret,
1146 3820 1195 3869 aut
1219 3815 1396 3884 vergichtipet
1417 3817 1501 3879 esset,
1525 3813 1663 3883 majorem
1687 3811 1817 3866 dolerem
1843 3809 1888 3864 illi

143 3918 202 3958 non
215 3905 298 3959 valet.
324 3903 394 3957 Nam
410 3903 498 3957 homo
521 3902 666 3958 interdurn
694 3919 745 3975 per
758 3903 915 3974 imaginem
930 3921 987 3958 ma·
1041 3903 1172 3968 interret:
1194 3907 1222 3958 et
1237 3903 1259 3958 si
1275 3917 1430 3974 praegnans
1454 3901 1560 3957 mulier
1574 3917 1638 3956 enm
1652 3899 1820 3966 comederit,
1836 3903 1890 3952 eut

142 3991 285 4055 ledicitur‚
311 3991 350 4044 ita
365 3992 442 4061 qnod
458 3990 526 4044 inde
547 3990 664 4045 laeditur
685 3997 714 4046 et
728 4007 828 4046 amens
848 3992 890 4047 tlt.
914 3993 986 4047 Cum
1043 3991 1191 4059 morietur,
1220 3995 1270 4047 aut
1298 3991 1438 4046 infantem
1463 4005 1529 4044 cum
1554 3987 1682 4060 periculo
1696 3986 1827 4058 corporis
1842 3987 1888 4040 sui

143 4079 220 4132 enim
239 4077 370 4132 diabotus
395 4077 542 4131 hominem
564 4076 596 4131 iu
620 4078 753 4148 paradiso
778 4077 834 4133 sibi
861 4078 986 4143 attraxit,
1042 4081 1188 4146 abortiret
1219 4085 1270 4135 aut
1294 4080 1318 4134 si
1346 4096 1380 4134 eu
1407 4086 1537 4149 tempore
1565 4093 1631 4134 cum
1658 4082 1805 4133 menstrua
1829 4091 1890 4130 nun

144 4165 292 4239 quoddam
305 4166 420 4234 signum
437 4165 604 4219 memoriale
623 4166 653 4220 in
676 4166 792 4220 diabolo
809 4167 917 4221 iacttrm
932 4172 985 4233 est,
1008 4135 1029 4190 Β
1044 4169 1171 4234 haberet,
1186 4167 1251 4239 plus
1266 4167 1409 4222 indoleret
1423 4167 1474 4238 (9).

144 4253 222 4327 quod
246 4253 275 4307 in
299 4267 334 4307 eo
361 4267 453 4324 usque
478 4253 512 4307 ad
539 4253 727 4308 novissimum
743 4255 832 4308 diem.
861 4256 894 4309 Et
921 4258 989 4308 tunc
1144 4257 1209 4312 Car.
1224 4256 1311 4312 xllx.
1326 4283 1361 4296 -
1373 4257 1414 4312 lls
1431 4270 1524 4311 asans
1539 4257 1651 4310 Mena.
1668 4255 1714 4325 tlt,
1730 4252 1786 4322 eol.

145 4343 205 4414 ipse
234 4356 287 4411 per
312 4339 409 4410 aliqua
432 4340 528 4407 rerba,
554 4356 620 4412 quse
646 4357 698 4412 per
720 4341 904 4413 deceptiones
926 4343 989 4413 ejus
1081 4345 1173 4400 llerba
1188 4344 1284 4400 Aaron
1300 4359 1353 4398 nec
1372 4344 1478 4413 tepida,
1495 4359 1548 4398 nec
1563 4343 1651 4398 nimis
1671 4341 1819 4408 tertiaeet,
1840 4341 1892 4395 sed

145 4430 302 4500 aliquando
330 4431 404 4482 tacta
427 4434 505 4498 sunt,
528 4428 674 4483 interdum
702 4429 738 4483 ab
763 4429 880 4484 homine
907 4430 990 4484 adro·
1043 4433 1184 4504 aqualem
1200 4437 1434 4502 attemperatum
1451 4432 1575 4486 calorem
1590 4431 1687 4496 habet,
1705 4430 1893 4502 quemadmo-

144 4517 456 4588 catus.signumqnod
479 4517 509 4570 in
528 4515 716 4571 eorentansit
734 4517 873 4588 tangitur,
898 4522 926 4571 et
951 4518 991 4572 ita
1043 4522 1112 4576 dum
1137 4522 1179 4575 sul
1209 4525 1274 4590 pust
1300 4535 1433 4574 auroram
1458 4534 1574 4573 suarem
1596 4519 1719 4573 calorem
1745 4522 1834 4584 tenet,
1863 4521 1893 4572 et

147 4607 205 4674 ille,
233 4611 405 4678 provocatus
430 4610 460 4660 et
487 4606 605 4673 electus,
636 4605 781 4660 multoties
819 4621 871 4679 per
905 4607 992 4661 rerba
1045 4608 1241 4674 etiamliabet,
1262 4609 1400 4663 utrosirr
1424 4613 1521 4663 aestate
1537 4607 1695 4662 antediem
1722 4605 1816 4661 suavis
1837 4612 1891 4670 est,

145 4696 195 4750 ilia
207 4701 258 4750 aut
273 4694 422 4749 hominem
438 4693 526 4762 laedit,
540 4700 591 4748 aut
605 4695 783 4750 rolrrntatem
797 4697 860 4766 ejus
878 4694 990 4767 implet,
1045 4697 1343 4768 etideoadqumquu
1369 4696 1445 4752 flecti
1473 4699 1577 4766 potest,
1594 4699 1626 4750 ut
1648 4694 1811 4758 suavisrir,
1840 4697 1892 4765 qui

146 4800 234 4855 super
256 4799 343 4854 quem
369 4783 515 4838 dicuntur.
541 4782 687 4837 lnterdum
710 4783 797 4838 etiam
825 4784 912 4840 lsomu
941 4799 993 4855 per
1046 4785 1248 4857 etpericulum
1268 4785 1386 4840 sutlerre
1406 4787 1545 4856 potestet
1570 4783 1788 4856 prosperitatem
1814 4787 1892 4836 recte

147 4873 252 4928 factam
268 4869 424 4942 imaginem
441 4869 630 4939 benedicitur,
648 4872 687 4924 ita
702 4876 778 4943 quod
803 4872 830 4927 ci
852 4873 887 4926 ed
911 4888 992 4942 pros·
1048 4878 1133 4934 tenet.
1151 4873 1186 4927 Et
1211 4889 1276 4928 cum
1297 4875 1328 4928 in
1354 4873 1451 4944 aliquo
1474 4872 1592 4928 homine
1611 4874 1694 4927 tabes
1713 4869 1774 4941 ejus
1795 4869 1827 4923 in
1849 4869 1893 4924 ni-

147 4963 299 5034 peritatem
326 4966 355 5015 et
381 4959 416 5015 ad
443 4958 592 5014 sanitatem
617 4960 743 5030 prodest.
768 4961 873 5016 aarum
897 4967 993 5015 eutem
1047 4977 1127 5034 gram
1148 4963 1293 5034 pustulam
1311 4961 1441 5028 vertitur,
1466 4961 1497 5016 in
1523 4975 1581 5032 qna
1608 4974 1685 5014 murs
1706 4957 1832 5014 huminis
1848 4961 1893 5012 est

182 5118 225 5186 (t)
239 5117 317 5184 Qisod
329 5117 370 5173 sul
385 5146 416 5158 ·-
430 5121 571 5172 enecatur
585 5133 644 5171 om.
658 5117 691 5170 ed
727 5189 731 5195 .
1081 5119 1133 5190 (6).
1150 5121 1219 5176 Num
1230 5121 1321 5188 qui-0
1337 5118 1452 5174 cessabit
1470 5118 1577 5172 desunt
1589 5117 1618 5171 in
1632 5117 1675 5171 ed.

184 5190 223 5258 te)
238 5196 296 5243 Aut
306 5193 331 5244 ss·
344 5205 373 5243 sn
387 5189 481 5242 istem.
496 5217 533 5228 -
546 5191 633 5244 Suum
647 5189 707 5242 des.
724 5205 754 5243 rn
769 5188 813 5242 ed.
1083 5195 1123 5258 (7)
1142 5191 1192 5245 llic
1206 5189 1312 5244 desinit
1324 5190 1481 5261 capitulum
1500 5189 1528 5242 in
1545 5189 1613 5242 edit.

182 5263 221 5333 l3)
235 5260 309 5324 Quin
319 5262 391 5314 si-
402 5260 564 5314 ariditatem
574 5274 631 5312 om.
644 5258 690 5314 ed.
1082 5265 1122 5324 (8)
1137 5267 1259 5316 aeorum
1274 5263 1445 5330 Europinum.

185 5331 222 5406 qt)
236 5331 385 5400 aspidium
395 5331 469 5384 retra
484 5346 545 5384 snas
558 5338 587 5383 et
600 5331 717 5387 lemine.
1082 5333 1119 5397 (a)
1135 5335 1194 5386 Aut
1208 5335 1233 5384 si
1246 5360 1282 5372 -
1294 5331 1425 5386 indoleret
1436 5347 1494 5384 oin.
1512 5329 1555 5385 etl.

186 5403 224 5466 l5l
236 5405 308 5465 Quin
323 5401 540 5455 insidiaturum.
556 5401 599 5456 ed.
1088 5403 1135 5466 itt)
1149 5405 1245 5458 ⁴»turon
1258 5403 1432 5460 uinculatum.
