3984 6034
179 190 231 241 aar
904 184 932 238 S.
953 180 1202 239 evtnmaeuts.
1875 184 1927 239 968

178 329 252 389 quus
271 312 362 370 uaeas
378 309 455 380 fauit,
470 326 535 367 cum
555 309 639 367 illum
658 325 750 383 ⁴quem
773 315 890 382 superat
910 327 964 383 per
978 311 1028 367 do·
1045 309 1165 368 auibus
1178 326 1268 382 usque
1288 310 1324 367 ad
1341 310 1430 367 finem
1451 310 1558 383 pedum
1580 310 1658 367 illius
1681 311 1797 369 turbida
1811 316 1866 381 est,
1890 312 1928 367 si-

177 403 238 457 lnm
258 400 406 456 ‘mortiteri
433 399 537 455 veneni
559 398 737 455 infidelitatis
762 398 879 471 decipit,
906 404 936 455 et
957 416 1023 457 cum
1077 400 1217 473 gnilleans
1230 406 1343 473 tempus
1357 400 1465 473 quoda
1487 400 1658 473 babylonica
1667 402 1929 476 transmigratione

176 490 213 547 ab
228 489 278 545 illo
303 504 361 561 quo
375 487 536 545 devincitur
558 489 695 543 velociter
718 487 801 560 fugit,
830 488 900 560 qula
916 505 969 561 per
990 490 1025 544 il·
1077 504 1168 560 usqne
1187 489 1224 545 ad
1241 488 1444 545 exterminium
1469 489 1599 561 ejusdem
1629 490 1701 563 legis
1724 508 1759 551 aa,
1779 491 1928 561 ,extendit

175 577 238 634 lum
258 578 452 646 conculcatur,
480 577 727 649 quemadmodum
748 576 785 633 de
811 577 883 633 eoelo
912 578 1024 650 projec·
1077 578 1128 633 nbi
1143 577 1288 633 Filiusliei
1303 580 1391 647 venit,
1420 578 1471 651 qui
1503 579 1596 649 ipsam
1615 578 1646 633 in
1663 579 1817 651 semetipso
1831 584 1926 635 totam

176 670 292 722 tuaest.
318 667 396 722 istud
420 665 498 721 enim
516 670 632 737 tempus
654 664 686 720 in
712 664 816 721 timore
840 665 955 721 Domini
982 667 1023 721 ita
1077 666 1239 739 complevit.
1264 666 1346 732 Quod
1373 666 1481 723 scilicet
1505 671 1619 738 tempus
1644 667 1792 723 turbidum
1816 668 1847 722 in
1871 684 1926 723 ne·

175 754 285 818 floruit,
308 754 386 826 quod
410 753 529 825 antiquo
553 752 680 825 serpenti
705 752 821 821 restitit,
845 768 882 807 ne
900 768 954 825 per
967 752 1024 809 sul·
1076 754 1215 827 gligentia
1239 754 1321 810 etin
1346 759 1462 828 torpore
1485 754 1628 827 apparuit,
1652 755 1721 825 quia
1739 755 1840 810 eedem
1864 756 1921 825 lex,

175 842 278 899 ilatum
292 857 377 898 snum
392 841 498 896 oblivio
512 841 563 897 liei
577 840 652 897 sicut
672 844 737 897 ante
751 840 894 898 diluvium
916 842 1023 898 feceret
1072 842 1133 915 jam
1156 848 1226 899 tune
1246 858 1300 914 pro
1323 842 1460 900 dedecore
1482 847 1655 914 computata,
1671 847 1700 897 et
1714 844 1796 915 quasi
1823 844 1924 900 turbu·

174 930 287 987 bomini
301 930 511 986 infunderetur.
535 932 603 985 Post
631 928 772 985 diluvium
801 945 928 1003 namque
946 931 1022 987 Deus
1074 931 1152 987 lenta
1167 946 1241 1003 aqua
1253 945 1306 1003 pro
1328 930 1419 987 nihilo
1446 930 1555 997 habita,
1575 932 1611 986 ad
1630 946 1727 987 casum
1743 946 1829 987 suum
1854 946 1921 985 car-

175 1036 279 1075 norum
303 1024 412 1075 terram
432 1034 497 1074 cum
522 1034 596 1074 novo
611 1018 719 1090 populo
744 1017 821 1082 lecit,
842 1034 939 1073 arcum
967 1033 1020 1089 pro
1075 1019 1180 1075 naliter
1193 1017 1338 1075 tendebat.
1359 1018 1431 1075 Nam
1445 1018 1497 1092 qui
1511 1034 1545 1075 eo
1560 1024 1690 1089 tempore
1714 1018 1768 1074 aab
1782 1019 1847 1091 lege
1859 1036 1922 1074 esse

175 1109 259 1181 signu
274 1109 306 1164 in
321 1108 447 1164 nubibus
461 1124 590 1179 ponens;
617 1121 653 1162 ne
680 1121 764 1178 aquae
778 1121 895 1162 omnem
913 1110 1020 1162 terram
1073 1107 1255 1176 videbantur,
1269 1108 1360 1163 solem
1372 1107 1492 1179 justitiae
1507 1107 1649 1163 orientem
1669 1106 1742 1163 scire
1770 1106 1920 1175 nolebant,

175 1201 204 1252 et
228 1212 330 1253 omnes
357 1197 482 1269 populos
508 1196 633 1267 amplius
651 1195 839 1263 suffocarent3
868 1195 1022 1252 ostendens
1075 1196 1125 1251 sed
1154 1197 1229 1251 solas
1253 1196 1361 1253 litteras
1383 1196 1414 1251 in
1434 1194 1538 1251 tabulis
1569 1195 1688 1267 scriptas
1718 1211 1749 1252 se
1776 1195 1921 1268 inspicere

175 1285 263 1341 eliam
278 1286 353 1358 quod
378 1300 478 1341 omues
493 1285 604 1340 inimici
628 1285 691 1356 ejus
705 1289 909 1356 cognoscerent
931 1300 1019 1357 quam
1074 1284 1145 1339 velle
1162 1274 1306 1353 dicebant,
1324 1300 1378 1340 nec
1399 1284 1477 1340 aliud
1504 1284 1662 1356 quidquam
1694 1284 1724 1339 in
1749 1284 1791 1339 eis
1810 1284 1919 1339 intelli-

174 1388 311 1446 magnam
327 1377 497 1445 potestatem
515 1374 546 1428 in
564 1373 716 1429 tremendo
729 1372 839 1443 judicio
858 1388 910 1427 suo
934 1388 1020 1443 super
1074 1372 1201 1443 gendum
1216 1388 1276 1427 esse
1286 1371 1477 1429 affirmabant.
1493 1372 1573 1429 Unde
1588 1388 1642 1444 ogo
1655 1372 1706 1444 qui
1725 1372 1823 1427 omnia
1842 1374 1919 1443 juste

174 1476 224 1515 eos
248 1460 377 1517 baberet.
406 1460 552 1517 indicium
572 1460 681 1532 quippe
701 1459 753 1515 Dei
773 1475 908 1531 magnam
936 1460 1018 1515 lorti·
1073 1461 1208 1533 diJ'ndico,
1221 1460 1406 1532 judiciamca
1420 1476 1484 1533 quae
1507 1460 1537 1515 in
1552 1462 1674 1531 AEgypto
1689 1465 1717 1516 et
1738 1459 1770 1516 in
1784 1461 1849 1515 aliis
1877 1462 1919 1516 lo·

173 1549 304 1605 tudinem
336 1548 467 1604 inimicos
501 1550 564 1621 ejus
593 1548 629 1604 ad
666 1547 885 1620 percutiendum
919 1548 1017 1617 babet,
1072 1548 1213 1622 absuper
1235 1564 1284 1604 eos
1309 1549 1503 1618 extenderam,
1525 1549 1641 1622 quando
1663 1549 1693 1604 in
1714 1563 1744 1604 se
1767 1550 1837 1621 ipsis
1849 1565 1917 1605 con·

173 1637 223 1709 qui
249 1638 397 1693 vamtatem
429 1636 587 1693 divinitatis
617 1636 765 1693 destruere
792 1636 905 1705 volunt,
929 1641 1016 1709 atque
1038 1604 1209 1705 Blidebant,
1223 1636 1353 1693 iaciendo
1381 1638 1459 1709 quod
1496 1636 1642 1701 volebant,
1659 1652 1737 1691 nunc
1755 1653 1844 1709 super
1868 1653 1917 1693 eos

172 1740 237 1780 cum
253 1725 320 1797 igue
334 1725 506 1798 magnisque
528 1724 748 1797 tempestatibus
769 1728 943 1796 postcasum
963 1725 1017 1784 lilii
1072 1725 1211 1797 quosdam
1237 1726 1362 1797 populos
1378 1724 1455 1791 misi,
1473 1724 1523 1797 qni
1543 1740 1592 1780 eos
1606 1728 1752 1796 caperent,
1768 1729 1796 1779 et
1815 1725 1847 1779 in
1873 1742 1916 1781 re-

171 1814 350 1885 perditionis,
366 1814 455 1869 linem
471 1813 601 1868 omnium
616 1812 782 1879 mortalium
801 1813 953 1869 homiuum
974 1814 1016 1869 la·
1071 1812 1173 1886 giones
1189 1813 1361 1885 longinquas
1379 1812 1551 1869 dividerent.
1575 1814 1608 1869 ln
1624 1812 1678 1868 hae
1699 1818 1794 1869 aulem
1810 1813 1918 1870 duritia

171 1902 283 1973 oietlita
299 1906 330 1957 ut
346 1902 530 1974 postmodum
546 1900 728 1957 nullomodo
756 1900 913 1973 quidquam
940 1917 1017 1957 mor·
1071 1900 1249 1958 infidelitatis
1276 1902 1377 1958 tandiu
1411 1902 1569 1972 durabunt,
1603 1916 1754 1973 quousque
1779 1902 1917 1975 antiquus

169 1991 226 2045 tale
242 1994 389 2062 appareat.
1069 2005 1188 2061 serpens
1201 1990 1232 2045 in
1247 1988 1373 2062 quodam
1392 1993 1506 2045 errante
1527 1993 1555 2044 et
1573 1989 1685 2060 perdito
1703 1990 1821 2045 bomine
1851 2006 1916 2046 ocu·

171 2078 253 2145 Quod
270 2077 386 2133 dterui
486 2079 598 2147 tempus
612 2076 687 2133 illud
702 2076 779 2149 quod
789 2080 858 2150 post
874 2076 1017 2134 diluuium
1069 2078 1130 2133 lum
1149 2093 1231 2133 auum
1245 2078 1381 2147 movebit,
1403 2093 1489 2149 quem
1512 2078 1623 2134 occulta
1636 2076 1780 2149 {divinitas
1806 2080 1846 2133 lta
1873 2094 1917 2134 oc·

204 2147 328 2229 'mei‘
355 2147 415 2230 sm?
436 2216 441 2228 .
462 2146 605 2229 ‘'We“
625 2147 782 2204 mmm
803 2146 909 2229 ‘um'
934 2148 1015 2230 ,Μ’
1069 2166 1154 2233 eidet,
1169 2171 1201 2221 ut
1215 2166 1304 2221 ictum
1327 2165 1410 2221 illum
1438 2180 1492 2221 nec
1511 2166 1634 2237 angulus
1651 2165 1805 2221 nechomo
1829 2182 1916 2221 nore·

205 2222 251 2273 tus
275 2234 348 2288 pus,
371 2218 571 2275 destructiones
598 2221 757 2290 temporum
771 2219 809 2273 ab
826 2234 890 2290 ipro
909 2218 1016 2276 diluuio
1086 2254 1092 2266 .
1253 2255 1258 2265 .
1420 2253 1425 2266 ,
1761 2255 1767 2265 Ι

204 2304 295 2361 usque
322 2289 359 2343 ag
386 2288 542 2345 Maenium
564 2288 689 2356 Domini,
704 2288 751 2344 „31
764 2289 853 2358 finem
871 2290 977 2356 muli,
987 2293 1016 2346 οἱ
1069 2259 1117 2355 rit,
1133 2254 1442 2355 attuncsdemnlegalis
1456 2255 1656 2326 populuscum
1671 2269 1784 2327 megms
1810 2270 1916 2310 rerum·

200 2359 357 2431 qualitales
377 2376 490 2414 morum
511 2359 718 2431 bominumque·
731 2359 763 2415 in
777 2359 951 2417 mennam
960 2362 1016 2429 fu.
1069 2359 1115 2399 nis
1138 2343 1171 2398 ad
1198 2358 1244 2398 me
1267 2346 1410 2413 respiciet,
1430 2341 1532 2413 lugens
1550 2346 1579 2396 et
1596 2343 1735 2413 plangens
1754 2344 1832 2413 qnod
1848 2348 1915 2398 tau-

203 2432 339 2485 turisuat
352 2429 525 2503 uqaafflent.
1069 2432 1119 2487 diu
1137 2431 1272 2503 deceptus
1293 2430 1338 2485 sit.
1361 2430 1416 2486 Sed
1450 2430 1578 2501 quandiu
1601 2430 1731 2485 homines
1750 2428 1855 2486 deinde
1884 2432 1914 2486 in

203 2517 274 2576 v111.
304 2517 359 2574 Sed
389 2519 478 2575 altera
504 2518 614 2589 imago,
647 2533 710 2589 que
742 2517 879 2590 praedicto
906 2521 1014 2591 angulo
1068 2520 1233 2575 transitorio
1256 2519 1359 2575 saeculo
1381 2518 1564 2589 permansuri
1586 2517 1654 2585 aiut,
1683 2519 1790 2591 ungulo
1804 2524 1833 2574 et
1859 2520 1911 2575 lao-

165 2606 286 2663 vicinior
302 2610 354 2674 est,
370 2606 473 2663 laciem
493 2622 655 2678 manusque
672 2607 800 2662 hominis
818 2607 874 2664 sibi
892 2609 1015 2665 luricam
1068 2606 1141 2661 mini
1153 2607 1284 2678 ignotum
1299 2610 1353 2661 est.
1367 2604 1546 2677 Etpraedicta
1570 2605 1666 2676 imago
1681 2605 1810 2676 gladium
1828 2608 1915 2675 {velut

165 2695 349 2768 complicatas
362 2694 459 2762 habet,
476 2696 525 2751 sed
549 2695 638 2766 pedes
661 2694 805 2766 accipitris
827 2695 859 2751 in
872 2712 903 2752 se
918 2701 1013 2752 osten·
1070 2711 1157 2766 snpra
1177 2693 1291 2749 lumbos
1313 2709 1381 2749 suos
1402 2691 1432 2748 in
1450 2697 1645 2748 transversum
1668 2693 1797 2765 positum
1819 2697 1912 2763 tenet,

167 2784 218 2853 dit,
253 2784 407 2857 designans
436 2789 550 2855 tempus
577 2784 650 2839 illud
675 2783 753 2856 quod
778 2788 844 2856 post
871 2784 1013 2840 diluvium
1068 2782 1205 2855 quoniam
1225 2782 1440 2837 circumcisione
1463 2782 1541 2837 velut
1555 2782 1585 2836 iu
1608 2782 1714 2837 carnali
1738 2784 1858 2837 transitu
1884 2801 1914 2839 se

167 2873 220 2928 sub
247 2874 309 2943 laga
334 2873 364 2928 ln
389 2872 521 2929 moribus
547 2872 699 2928 bominum
723 2876 795 2943 erat,
810 2872 851 2928 ita
874 2872 1014 2945 usquead
1033 2870 1201 2931 Chabuisse
1222 2870 1409 2940 demonstrat,
1433 2870 1482 2926 nbi
1500 2874 1597 2926 tamen
1628 2869 1664 2925 ab
1686 2869 1824 2926 umbilico
1841 2872 1912 2927 vita.

165 2961 326 3017 terminum
336 2960 420 3016 illum
437 2960 607 3032 procedens,
622 2959 673 3015 ubi
687 2964 747 3015 tam
761 2961 912 3016 austeritas
935 2960 1012 3032 ajus-
1067 2960 1140 3015 lium
1156 2974 1245 3031 usque
1267 2958 1305 3014 ad
1329 2958 1443 3014 lumbos
1459 2958 1546 3014 homo
1562 2973 1616 3030 per
1635 2958 1793 3015 motionem
1810 2976 1913 3017 eornm

165 3048 232 3104 dem
254 3048 329 3120 legis
347 3048 537 3115 claudicabat,
552 3048 584 3103 in
599 3062 658 3119 quo
671 3047 794 3103 intentio
812 3051 842 3104 et
864 3064 952 3120 opera
966 3065 1013 3105 eo·
1066 3051 1174 3119 peccat,
1194 3062 1260 3102 oum
1282 3062 1364 3102 mens
1385 3046 1511 3102 hominis
1531 3062 1565 3101 ea
1586 3045 1623 3101 ad
1649 3048 1827 3119 peccandum
1847 3064 1911 3105 mo-

166 3137 297 3194 rumdem
311 3138 464 3194 hominum
482 3136 517 3193 ad
533 3137 658 3192 carnalia
687 3137 779 3208 magis
802 3153 891 3209 quam
904 3138 940 3193 ad
956 3138 1014 3211 spi·
1066 3137 1122 3189 vet.
1140 3134 1173 3188 lit
1201 3133 1287 3188 etiam
1304 3132 1412 3205 judicia
1435 3134 1486 3189 Dei
1510 3148 1612 3205 puram
1630 3132 1773 3204 justitiam
1801 3134 1910 3190 haben·

55 3217 58 3223 ’
164 3224 262 3281 ritalia
292 3225 496 3296 spectantium,
535 3224 642 3296 absque
672 3224 769 3280 labore
803 3223 951 3293 rambant,
981 3225 1013 3281 in
1066 3220 1108 3276 tia
1130 3221 1264 3289 declarat,
1289 3220 1452 3277 itascilicet
1471 3220 1743 3295 quodlienssuper
1761 3222 1911 3295 illumqui

165 3327 224 3384 quo
252 3312 339 3367 etiem
354 3310 521 3383 gradiendo,
545 3311 766 3368 acerbitatemet
787 3328 847 3367 non
862 3312 1011 3369 lenitatem
1066 3309 1196 3365 mamhra
1209 3308 1336 3365 hominis
1357 3309 1469 3377 dividit,
1492 3310 1663 3382 sanguinem
1680 3310 1809 3381 ejusdem
1835 3312 1910 3366 oeci·

47 3422 51 3432 ¹
165 3400 342 3467 sanciebant,
367 3399 505 3472 quoniam
520 3400 566 3455 lex
589 3399 664 3455 nulli
685 3400 824 3473 pepercit,
852 3402 902 3457 sed
923 3402 1012 3458 delin-
1065 3396 1138 3453 soris
1158 3397 1263 3464 tundit,
1285 3402 1316 3454 et
1333 3398 1421 3453 etiam
1440 3398 1522 3454 illum
1559 3398 1608 3470 qui
1636 3414 1666 3454 se
1688 3398 1725 3454 eb
1745 3415 1779 3455 eo
1797 3399 1827 3453 in
1847 3400 1912 3454 aliis

165 3492 303 3560 quantem
319 3489 424 3544 acriter
443 3487 566 3559 punivit.
583 3489 617 3543 lit
631 3488 714 3559 quasi
731 3489 827 3544 tunica
849 3489 944 3561 lignea
966 3492 1010 3545 in·
1066 3483 1149 3541 malis
1167 3486 1280 3554 avertit,
1295 3488 1382 3557 ljusto
1406 3486 1537 3542 examine
1559 3486 1746 3558 dijudicatum
1775 3488 1909 3543 conterit„

165 3575 273 3645 duitor,
289 3577 358 3648 quia
370 3574 523 3648 prelatum
537 3578 652 3647 tempus
667 3581 794 3632 veterem
810 3577 905 3648 legem
929 3578 1012 3650 spiri-
1065 3576 1158 3645 Atque
1173 3573 1330 3629 immobilis
1345 3590 1517 3645 permaneus
1533 3580 1681 3646 aspectum
1707 3591 1791 3631 sunm
1811 3576 1845 3632 ad
1866 3592 1912 3631 oo-

165 3665 235 3720 tales
253 3664 363 3719 fructus
396 3664 591 3736 negligentem
618 3663 673 3719 sibi
711 3668 874 3720 attraxerat.
899 3665 968 3731 Quas
993 3684 1011 3722 a
1065 3661 1208 3717 ridentem
1235 3662 1332 3733 vertit,
1358 3664 1496 3735 quoniam
1525 3664 1658 3719 homiues
1686 3665 1737 3736 qni
1762 3665 1792 3719 in
1806 3665 1911 3720 eodem

164 3753 330 3809 summitate
358 3769 410 3807 sua
432 3768 525 3824 usque
544 3753 580 3807 ad
594 3753 764 3808 umbilicum
788 3752 867 3808 illius
891 3761 1011 3827 apparet
1063 3753 1195 3822 tempore
1210 3750 1338 3819 luerunt,
1354 3767 1420 3806 cum
1444 3758 1526 3807 vetus
1552 3752 1597 3806 lex
1617 3752 1742 3823 vigebat,
1758 3753 1793 3808 ad
1822 3754 1910 3824 spiri-

164 3841 297 3908 candida,
319 3840 457 3913 quoniam
476 3845 592 3910 tempus
614 3840 693 3913 quod
717 3844 783 3897 ante
802 3842 861 3897 Noe
877 3842 943 3911 fuit,
958 3844 1010 3916 qui
1064 3839 1152 3894 telem
1170 3839 1393 3910 intelligentiam
1422 3856 1450 3895 se
1470 3855 1527 3894 non
1543 3840 1705 3911 movebant,
1722 3856 1818 3897 casum
1843 3843 1911 3914 qui·

164 3928 328 3985 Creatorem
362 3943 447 3984 suum
477 3928 622 3999 cognovit,
656 3933 685 3984 et
711 3945 742 3984 se
774 3929 923 3986 bominem
948 3947 1010 3988 esse
1063 3925 1129 3982 dem
1149 3926 1263 3998 antiqui
1285 3927 1424 3999 serpentis
1449 3928 1581 3999 scientes,
1605 3929 1752 4001 multaque
1781 3929 1912 4001 pericula

164 4014 255 4083 scivit,
276 4020 304 4070 et
322 4013 478 4070 edificium
500 4015 660 4071 sanctitatis
688 4016 818 4087 primum
838 4016 956 4089 incepit,
980 4024 1010 4075 et
1063 4014 1205 4082 videntes;
1225 4015 1274 4072 sed
1293 4020 1390 4071 tamen
1404 4017 1567 4072 animarum
1585 4032 1703 4073 suerum
1725 4018 1847 4073 salutem
1874 4019 1911 4074 in

164 4103 323 4159 oblationes
346 4103 405 4158 ilco
424 4102 538 4169 obtulit,
561 4102 643 4175 quasi
667 4103 824 4159 candidum
850 4120 942 4178 usqne
970 4106 1008 4162 ad
1065 4106 1181 4176 torpore
1208 4103 1289 4159 etin
1313 4104 1491 4177 negligentia
1526 4106 1674 4162 habentes.
1704 4106 1776 4161 Nem
1805 4107 1909 4179 ignens

163 4191 318 4258 Abraham,
359 4190 411 4262 qni
445 4189 524 4246 reiut
552 4190 703 4247 umbilicus
731 4190 908 4248 tortitudinis
936 4198 1007 4263 erat,
1027 4167 1263 4247 ”desecuimus
1283 4192 1362 4263 qued
1382 4194 1456 4249 Deus
1477 4194 1615 4266 quosdam
1638 4200 1808 4265 servaverat,
1833 4211 1910 4267 quos

164 4280 297 4346 surrexit,
315 4278 384 4351 quia
400 4294 454 4350 per
475 4278 641 4350 voraginem
660 4294 802 4351 aquarum
829 4280 962 4337 homiues
977 4283 1008 4338 in
1061 4279 1211 4335 inundatio
1228 4296 1369 4353 aquarum
1391 4296 1450 4337 non
1465 4282 1658 4349 devoraverat,
1679 4298 1815 4352 magnam
1832 4283 1907 4339 iram

164 4373 279 4425 tantum
295 4367 419 4423 exterriti
439 4368 565 4434 inerant,
579 4373 613 4423 ut
630 4367 734 4424 deinde
756 4384 810 4440 per
822 4369 919 4441 aliqua
939 4378 1008 4427 tem-
1060 4356 1225 4441 perflatum
1244 4384 1327 4425 snum
1344 4370 1450 4437 emisit,
1471 4370 1547 4425 intra
1565 4386 1594 4425 se
1609 4369 1763 4427 furibunde
1782 4372 1906 4427 dicens:

163 4472 235 4529 pora
248 4456 383 4512 timorem
395 4456 447 4511 Dei
460 4472 513 4529 per
522 4456 724 4513 rectitudinem
739 4458 775 4513 ad
787 4474 818 4513 se
827 4459 1004 4530 colligerent.
1063 4454 1197 4513 «Omnes
1221 4462 1297 4513 artes
1329 4473 1408 4514 meas
1436 4456 1577 4528 excitabo,
1608 4458 1730 4531 illasque
1754 4459 1907 4531 sigillatim

161 4545 206 4601 Ab
221 4544 356 4600 umbilico
373 4549 471 4600 autem
488 4560 579 4617 usque
600 4544 635 4600 ad
653 4544 766 4601 lumbos
781 4546 844 4615 ejus
864 4545 1008 4603 subrubea
1061 4544 1240 4614 excribrabo,
1274 4550 1416 4618 quatenus
1450 4547 1521 4602 istos
1556 4562 1629 4619 qnos
1665 4546 1806 4603 diluvium
1845 4564 1905 4604 non

163 4639 216 4703 est,
239 4632 404 4705 significans
418 4632 623 4706 tempusqnod
643 4632 679 4688 ab
693 4633 838 4690 Abraham
856 4651 947 4708 usqua
969 4636 1007 4693 ad
1060 4632 1227 4702 submersit,
1238 4633 1269 4689 in
1296 4634 1441 4707 aliquibus
1458 4634 1676 4707 impedimentis
1704 4634 1857 4709 decipiam,
1879 4640 1907 4692 et

162 4720 277 4791 loysen
299 4719 330 4774 in
356 4719 571 4775 circumcisione
589 4720 693 4775 ardens
717 4738 748 4777 se
762 4721 900 4791 extendit,
928 4738 1005 4795 quo·
1061 4721 1159 4778 sieeos
1174 4721 1280 4778 ilerum
1292 4722 1365 4778 milri
1379 4722 1580 4794 subjugabo.»

161 4808 241 4865 niam
267 4813 299 4862 ut
322 4823 427 4863 aurora
450 4808 539 4863 solem
563 4808 715 4879 praevenit,
730 4809 770 4864 sic
793 4810 938 4866 Abraham
954 4826 1007 4883 per
1060 4830 1102 4885 90
1126 4825 1386 4899 gqnggfflrmgpu,
1408 4826 1568 4884 Mamm
1588 4831 1616 4884 02
1636 4828 1863 4883 mmm
1878 4832 1906 4885 εἰ

162 4897 279 4968 signum
305 4896 540 4965 circumcisionis,
563 4898 593 4951 in
613 4913 673 4969 qua
699 4898 841 4954 luxuriam
861 4898 1005 4968 contrivit,
1094 4898 1240 5025 legi-elque
1267 4896 1446 4971 prophetiam
1470 4897 1502 4953 in
1527 4896 1659 4955 Patribus
1690 4898 1903 4955 incarnandum

161 4984 371 5041 humanitatem
388 4985 453 5040 Filii
468 4984 519 5041 liei
543 4985 733 5056 praecessitll
747 4986 852 5042 lumbis
865 5002 933 5042 sero
956 5003 1005 5041 ns·
1095 4967 1146 5024 Μ
1194 4966 1264 5023 lium
1287 4972 1501 5040 prmum&
1528 4970 1603 5025 ‘id‘
1623 4968 1907 5052 pwdifflimm:

161 5090 218 5146 que
233 5073 269 5130 ad
284 5088 379 5146 genua
397 5073 488 5145 ipsius
508 5072 657 5145 subgrisea
679 5078 732 5140 est,
749 5074 902 5131 ostendeus
926 5076 1004 5147 quod
1116 5039 1312 5165 sswgag
1323 5040 1507 5181 fffflw
1527 5038 1906 5183 ssffiommmfflffl

159 5164 275 5233 empus
300 5160 372 5216 illud
389 5160 466 5232 cuod
487 5177 505 5216 a
528 5161 621 5232 aoy„
644 5159 817 5232 legislatore,
846 5176 938 5232 usqua
969 5160 1005 5216 ed
1094 5180 1197 5252 quum
1205 5179 1489 5239 aomiuestttudenuo
1503 5180 1622 5253 recipe
1636 5180 1712 5239 ecco
1727 5181 1820 5238 me
1838 5182 1906 5238 nu-

161 5248 363 5322 llabylonicam
386 5248 667 5323 transmigrationem
695 5247 762 5317 luit,
785 5248 817 5304 in
846 5250 953 5305 duritia
976 5253 1006 5305 et
1092 5250 1373 5323 oentiouuchdbus
1386 5266 1499 5324 semper
1513 5256 1587 5308 Deus
1600 5250 1721 5310 resistit.

160 5337 313 5408 uperitate
331 5338 413 5410 logis,
431 5337 589 5394 seeundum
612 5352 728 5394 mmam
757 5337 904 5409 pmeessit,
927 5339 1005 5411 quod
1094 5338 1138 5393 tx.
1154 5339 1254 5411 ltaque
1263 5343 1377 5412 tempus
1392 5338 1448 5394 hoc
1461 5343 1528 5412 post
1541 5339 1713 5397 diluviuma
1736 5340 1795 5397 Noe
1809 5354 1905 5413 usqu

160 5424 402 5485 etibisdmultas
415 5425 555 5483 vanitates
581 5424 727 5483 incurvari
748 5424 843 5501 caepit.
864 5426 898 5482 Et
923 5441 1004 5497 age·
1058 5426 1206 5484 adl'ilium
1221 5443 1319 5485 meum
1346 5427 1526 5486 incarnatum
1549 5444 1580 5485 se
1603 5427 1803 5501 extendit,qui
1826 5429 1860 5485 in
1874 5444 1908 5487 se
