3984 6034
107 134 170 186 245
767 131 954 188 aristeum.
966 159 997 172 ·-
1015 129 1120 186 erist.
1141 126 1240 186 XLVII.
1829 133 1880 186 etc

111 266 210 334 (Gen.
231 280 270 318 ιν.
286 279 325 328 ιι,
344 263 408 333 ιιι),
421 262 518 317 iioseu
539 261 574 317 ad
597 260 809 318 institutionem
830 261 901 334 legis
921 261 975 316 im·
995 261 1063 318 Ain
1079 260 1168 316 odore
1185 259 1343 316 suavitatis.
1362 259 1560 316 Undedictnm
1576 265 1639 318 est:
1657 263 1758 320 Oculos
1774 262 1879 320 babent

111 353 178 414 bui,
215 351 370 424 propbetas
397 350 484 406 etiem
513 349 729 405 amantissimos
757 349 863 406 amicos
896 365 976 406 meos
1029 353 1058 404 et
1072 365 1130 404 non
1163 347 1317 412 uidebunt,·
1344 364 1431 404 nares
1463 349 1568 406 babent
1595 355 1623 406 et
1644 367 1700 408 non
1721 351 1879 408 odorabunt

113 441 260 496 constitui
275 438 380 509 (Erod.
403 456 444 508 ιιι,
467 455 504 507 ιι,
526 440 565 508 v).
582 439 662 493 Unde
685 439 772 494 etiam
794 439 864 494 Abel
885 454 976 494 sacer·
1031 438 1115 509 (Paci.
1131 437 1216 509 cxiii).
1234 439 1304 493 Nam
1319 437 1391 493 sicut
1412 437 1489 493 venti
1504 437 1584 506 ssent,
1604 445 1633 493 et
1649 456 1764 495 omnem
1779 441 1877 496 orbern

114 529 238 584 dotium
261 527 474 600 praefigurabat,
501 526 560 581 line
581 525 739 597 principale
763 526 974 597 magisterium,
1029 525 1225 597 pertundunt3
1242 525 1282 580 sic
1296 541 1355 594 vos,
1372 527 1483 582 veloces
1497 528 1573 581 renti
1593 543 1658 582 cum
1682 528 1813 584 doctriua
1833 545 1879 584 ve-

115 617 271 672 Abrabam
288 616 506 670 renovationem
525 614 643 680 sobolis,
664 615 774 686 iioyses
789 614 885 686 regale
902 630 975 670 uuu-
1029 618 1087 669 stra
1100 615 1179 670 omui
1203 614 1311 686 populo
1327 630 1387 668 esse
1404 613 1557 684 deberetis,
1582 615 1655 670 sicut
1675 616 1783 672 dictum
1804 623 1848 673 est
1869 635 1876 672 ι

115 708 195 761 num
220 711 251 760 et
268 705 418 776 prophete
438 702 565 774 plurima
580 702 755 774 magisteria.
769 703 825 758 Sed
840 708 870 758 et
893 703 973 771 bbel,
1028 704 1066 757 In
1080 718 1192 758 omnem
1213 705 1322 758 terram
1337 701 1423 758 ιιιιιι
1444 718 1531 758 sonus
1554 719 1652 759 eoram
1671 705 1767 772 (Ριαι.
1789 706 1875 776 aaut).

118 796 245 860 utinua,
262 793 447 865 splendorem
463 790 671 857 sunmetiudit‚
688 791 885 864 quietempus
905 791 973 847 obe·
1031 791 1084 846 Vns
1110 797 1205 846 autem
1234 791 1264 846 iu
1292 807 1466 863 unaquaque
1502 793 1615 846 volante
1648 792 1780 848 saectrlari
1801 793 1878 849 lama

118 883 241 938 dieutise
264 883 295 937 in
311 896 430 936 munere
453 896 506 934 sno
530 879 664 948 ostendit,
689 885 719 934 et
742 881 803 935 Noe
819 879 895 934 velut
920 879 972 944 sol,
1025 879 1085 950 juna
1102 879 1199 934 lassati
1214 879 1293 948 estis,
1310 879 1349 934 ita
1378 879 1455 951 quud
1475 879 1620 936 interdum
1645 880 1760 948 milites,
1786 881 1876 937 inter·

118 971 264 1043 quoniam
291 968 445 1025 aediticium
471 967 644 1024 obedientiae
671 968 805 1039 perfecit:
828 984 861 1024 cc
881 969 975 1023 Abra·
1028 967 1097 1022 dum
1112 967 1196 1036 servi,
1222 967 1369 1023 interdum
1392 968 1572 1024 ludificantes
1588 974 1718 1024 cantores
1746 970 1875 1032 existitis,
1976 989 1980 998 ·

118 1061 202 1127 bam,
228 1065 262 1113 nt
282 1059 371 1113 fortes
394 1059 529 1127 planctae,
559 1072 626 1111 cnm
653 1057 900 1112 circumcisionem
928 1061 974 1111 at·
1029 1055 1077 1111 sed
1092 1071 1144 1126 per
1158 1054 1286 1111 tabutoss
1300 1055 1395 1110 officia
1411 1061 1503 1110 vestra
1522 1072 1632 1112 muscae
1647 1057 1678 1111 in
1703 1063 1801 1112 estate
1825 1059 1876 1112 ati·

118 1149 214 1204 tulit:
233 1152 264 1202 et
285 1147 403 1217 linyses,
424 1149 457 1199 ut
478 1150 589 1200 caeterae
612 1145 714 1211 stellae,
740 1159 805 1200 cum
829 1160 881 1215 per
901 1144 974 1199 obe·
1028 1143 1144 1216 quandc
1169 1143 1294 1214 abigitis.
1318 1145 1373 1200 Per
1396 1143 1541 1199 docriuam
1570 1161 1687 1216 quoquc
1715 1145 1877 1218 Scriptura-

118 1235 263 1291 dientiam
288 1235 381 1306 legem
405 1232 537 1303 collegit;
563 1237 592 1286 et
613 1233 773 1303 propbetas,
796 1237 828 1287 ut
849 1237 974 1304 qstatnor
1027 1247 1102 1300 rum,
1119 1249 1181 1304 quse
1209 1232 1245 1287 de
1265 1230 1333 1304 igue
1353 1233 1475 1304 Spiritus
1498 1233 1587 1288 sancti
1609 1233 1774 1305 composilae
1798 1239 1875 1302 sunt,

119 1325 233 1396 augurii,
254 1323 305 1395 qui
327 1321 467 1377 terminos
481 1325 566 1376 terrae
589 1321 740 1390 sustinent,
756 1321 786 1377 in
804 1321 973 1377 tortitudine
1028 1319 1125 1392 auguli
1147 1320 1325 1376 tortitudinis
1349 1321 1478 1378 Ecclesiae
1500 1338 1561 1376 esse
1584 1321 1727 1376 deberetis
1752 1338 1814 1378 eam
1828 1340 1876 1378 au-

119 1413 319 1486 perstilernut,
346 1425 412 1466 cum
436 1411 536 1465 orbern
560 1414 646 1465 terras
669 1415 788 1481 propter
817 1410 972 1464 instantem
1027 1412 1193 1474 stentantes,
1224 1409 1297 1463 sicut
1324 1410 1423 1480 anguli
1451 1410 1500 1480 qsri
1530 1411 1668 1465 terminos
1690 1415 1772 1466 terrae
1787 1411 1877 1484 lausti-

116 1501 305 1574 iuiqnitatem
332 1499 543 1570 corripuerunt,
575 1513 626 1568 per
661 1498 738 1569 qnod
767 1499 855 1554 etiam
879 1499 969 1553 lienus
1028 1502 1113 1564 uent;
1140 1498 1189 1553 sed
1216 1498 1352 1569 prostrati
1385 1498 1462 1564 estis,
1490 1514 1544 1553 nec
1577 1499 1729 1554 Ecclesiam
1754 1499 1874 1566 tenelis;

117 1589 316 1646 ostenderunt.
346 1586 461 1658 Liugnae
489 1590 586 1641 autern
609 1590 708 1641 vestre
734 1593 812 1642 natae
839 1590 908 1640 suut
938 1586 970 1641 in
989 1563 1075 1638 Bsed
1089 1584 1448 1656 incavernamvoluptatis
1462 1591 1562 1640 restrae
1581 1585 1690 1656 lugitis,
1706 1591 1734 1640 et
1756 1591 1876 1657 propter

118 1681 262 1734 clamante
277 1693 345 1732 voce
366 1675 495 1731 canentis
519 1674 596 1730 tubae
621 1675 746 1741 bomini,
770 1680 898 1730 sanctam
921 1692 968 1730 ra·
1025 1671 1144 1728 tedium
1180 1673 1345 1729 divitiarum
1379 1678 1407 1727 et
1436 1673 1561 1728 avaritiae
1591 1677 1760 1728 caeterarnm
1798 1673 1875 1728 vani-

117 1768 312 1824 tionalitetem
324 1781 382 1820 uon
398 1768 538 1832 amantes,
553 1779 620 1836 qua
633 1764 707 1818 sicut
721 1764 811 1818 stellae
826 1763 967 1818 circulum
1024 1764 1115 1815 tatum
1131 1760 1260 1816 subditos
1280 1767 1389 1814 vestros
1404 1776 1464 1815 non
1479 1761 1619 1828 imbuitis,
1635 1777 1687 1816 nec
1702 1776 1750 1816 eos
1766 1762 1874 1817 doctri-

119 1854 305 1911 eircuitionis
318 1853 433 1909 habent.
456 1852 536 1907 Tube
559 1852 684 1920 Domini,
704 1852 818 1923 justitia
840 1853 891 1908 Dei
915 1856 967 1916 est,
1021 1849 1219 1904 namarchia
1244 1865 1373 1920 quaerere
1394 1849 1572 1922 permittitis,
1596 1849 1725 1906 dicentes
1741 1867 1748 1905 ι
1764 1850 1873 1922 {Omnia

116 1961 208 2017 quam
224 1958 331 2014 magno
355 1941 452 1997 studio
468 1941 616 1995 ruminare
639 1938 792 2004 deberetis,
809 1957 873 1996 eam
896 1957 967 2013 quo·
1022 1936 1170 1992 elaborare
1206 1952 1263 1992 non
1293 1952 1455 2009 possumus.
1482 1937 1552 1993 llam
1582 1953 1632 1991 eos
1659 1952 1711 2008 per
1732 1944 1874 2009 praecepta

117 2034 219 2104 quein
234 2031 469 2102 otticialilegect
486 2027 733 2084 obedientiarum
751 2035 848 2084 sancta
861 2029 967 2086 discre—
1021 2023 1093 2095 legis
1120 2023 1293 2096 pertundere
1317 2029 1345 2080 et
1367 2023 1564 2096 constringere
1583 2022 1703 2090 debetis,
1729 2040 1765 2080 ne
1799 2014 1873 2078 tillus

116 2123 196 2177 tinne
223 2136 276 2193 per
303 2119 505 2174 convenientia
529 2123 662 2189 tempera
684 2117 813 2173 iterando
840 2118 964 2190 populis,
1022 2128 1123 2168 eorum
1141 2128 1194 2185 per
1211 2111 1405 2184 fragilitatem,
1428 2112 1511 2184 qnasi
1532 2128 1583 2182 per
1598 2111 1755 2168 medullam
1768 2113 1874 2168 iaceret

117 2216 146 2265 et
166 2225 230 2266 uon
252 2208 283 2264 iu
303 2207 453 2263 nimietate
477 2222 541 2261 eum
556 2206 615 2261 iilis
637 2205 815 2261 incutiendo.
830 2206 884 2261 Sed
912 2206 967 2261 boc
1020 2200 1100 2273 qnod
1112 2200 1167 2257 sibi
1187 2201 1278 2272 eligit,
1300 2203 1377 2256 seint
1399 2206 1477 2256 terra
1498 2200 1667 2258 humiditate
1687 2205 1715 2256 et
1730 2200 1873 2257 viriditate

116 2303 236 2371 propter
257 2296 443 2368 pertinaciam
469 2295 596 2366 proprias
613 2295 766 2349 voluntatis
785 2298 885 2349 restra
906 2310 965 2349 uon
1020 2297 1135 2368 perfusa
1154 2301 1183 2352 et
1219 2297 1373 2353 constricta
1391 2302 1435 2352 est
1458 2313 1494 2352 ue
1517 2297 1589 2352 cinis
1612 2296 1659 2350 sit.
1684 2297 1805 2367 Propter
1825 2309 1872 2350 uns

115 2388 219 2444 tacitis.
242 2387 323 2442 llnde
341 2385 525 2440 firmamento
544 2384 663 2455 iustitias
688 2383 748 2450 Dei,
763 2383 918 2438 luminaria
934 2384 966 2438 iu
1019 2390 1116 2440 antem
1151 2390 1336 2459 sparguntur,
1375 2390 1403 2440 et
1419 2385 1450 2441 in
1481 2400 1653 2457 unaquaque
1682 2399 1777 2451 cansa,
1806 2400 1870 2456 quas

116 2475 225 2547 tingnis
238 2473 340 2532 vacuis
351 2473 466 2539 desunt,
487 2473 568 2527 reiut
582 2488 649 2527 cum
664 2472 754 2526 stelin
777 2487 834 2526 uon
856 2472 964 2539 lucent,
1018 2474 1118 2529 volunt
1133 2473 1250 2530 iaciunt.
1269 2475 1322 2528 Vns
1337 2473 1413 2529 enim
1428 2474 1513 2546 ignea
1529 2474 1662 2528 columna
1676 2488 1738 2528 csse
1752 2472 1870 2527 debere·

117 2564 170 2616 llos
184 2563 264 2618 euim
279 2579 335 2617 nox
349 2561 462 2633 spirans
482 2562 616 2618 tenebras
630 2561 709 2628 estis,
728 2565 758 2615 et
772 2560 855 2633 quasi
873 2576 964 2632 popu·
1018 2561 1064 2632 tis,
1081 2562 1146 2616 illos
1160 2562 1356 2634 perducendo,
1370 2561 1449 2616 ateis
1462 2561 1624 2629 clamando,
1641 2577 1673 2615 ac
1692 2561 1769 2617 bona
1783 2577 1872 2633 opera

114 2654 160 2707 lus
174 2667 233 2707 nou
247 2651 392 2716 laborans,
411 2665 465 2706 uec
484 2657 602 2721 propter
616 2649 735 2705 taedium
758 2649 788 2704 in
811 2649 874 2704 lnce
898 2664 963 2703 am·
1018 2666 1113 2706 coram
1129 2651 1186 2705 iilis
1199 2650 1364 2713 exercendo,
1387 2667 1419 2706 ac
1434 2650 1578 2705 diceudo:
1600 2649 1812 2721 Apprebendite
1825 2649 1869 2704 ‹li-

114 2741 235 2806 bulaus;
253 2738 304 2793 sed
323 2739 401 2793 velut
424 2737 518 2793 nudus
540 2737 657 2792 coluber
676 2735 707 2792 iu
721 2752 845 2792 caverna
866 2753 897 2791 se
912 2736 961 2792 ab·
1015 2739 1177 2812 scipiiunm,
1191 2757 1227 2794 ne
1240 2739 1355 2810 qmndu
1369 2739 1516 2796 iruscnlnr
1533 2737 1673 2796 Dominus
1694 2742 1723 2793 et
1743 2737 1871 2810 perculis

114 2828 237 2896 scandit,
254 2828 295 2882 sic
308 2843 357 2882 sos
372 2826 529 2882 toeditatem
545 2825 576 2879 in
592 2824 699 2880 vilitate
715 2841 851 2898 pecorum
873 2826 963 2880 intra·
982 2835 1003 2890 c
1017 2827 1053 2884 de
1065 2827 1114 2884 oio
1139 2828 1216 2887 insin
1236 2828 1326 2900 (Psoi.
1351 2829 1389 2900 11).
1412 2829 1482 2884 Nam
1505 2827 1548 2882 lex
1572 2824 1687 2882 Domini
1716 2841 1768 2896 per
1788 2841 1868 2880 amo-

0 2972 3 2992 ,
113 2917 160 2971 tis.
174 2917 226 2982 lie,
244 2916 291 2984 be,
311 2932 361 2970 vos
374 2929 436 2969 esse
449 2913 603 2981 deberetis,
619 2917 651 2968 nt
670 2912 779 2969 dictum
803 2919 846 2968 est
861 2930 869 2969 :
884 2915 965 2970 rous
1018 2931 1080 2971 rem
1099 2919 1127 2970 et
1144 2916 1279 2971 timorem
1304 2917 1389 2987 plena
1410 2915 1566 2987 discipliuae
1588 2919 1640 2980 est,
1660 2919 1688 2968 et
1707 2913 1772 2968 ideo
1788 2929 1869 2985 qun·

113 3002 185 3058 Sion
197 3001 230 3056 in
242 3017 299 3073 pne
311 2998 450 3057 nonme
461 2999 537 3057 ineo
554 3000 650 3058 (Pani.
667 2999 771 3070 ιιιιιι).
789 3001 858 3054 Nam
880 3000 964 3055 bene-
1018 3019 1076 3076 que
1090 3008 1203 3074 natura,
1223 3011 1253 3058 et
1267 3003 1424 3076 spiritualis
1438 3008 1466 3060 et
1481 3002 1613 3068 carnaiis,
1626 3003 1655 3058 in
1671 3007 1748 3058 recto
1766 3001 1870 3056 itinere

1 3146 4 3169 ,
113 3091 182 3144 dicti
197 3095 228 3144 et
249 3089 355 3161 signali
375 3088 408 3143 in
428 3087 590 3143 coeletiibus
613 3087 744 3157 personis
768 3086 963 3142 habitaculum
1018 3093 1242 3161 exercendaest,
1273 3109 1309 3147 nc
1324 3093 1440 3149 Creator
1455 3093 1582 3148 minetur
1597 3091 1639 3146 eis
1659 3106 1733 3162 qnos
1750 3089 1867 3156 creavit,

112 3196 174 3234 esse
199 3179 350 3247 debuistis,
374 3176 520 3248 myrrham
541 3181 570 3232 at
590 3177 658 3231 thus
681 3176 827 3244 redolens,
848 3176 878 3230 iu
904 3192 963 3247 quo
1019 3181 1096 3253 qnod
1111 3181 1170 3236 vias
1191 3198 1256 3237 suas
1278 3198 1335 3238 non
1359 3181 1517 3238 ambulant.
1540 3181 1595 3237 Sed
1614 3179 1804 3250 vosmetipsos
1822 3195 1869 3234 se-

113 3270 294 3325 etiamllens
317 3268 470 3323 babitaret.
493 3267 617 3322 Sedima
635 3283 694 3321 non
714 3267 792 3334 estis,
817 3267 867 3322 sed
886 3268 962 3322 selo·
1018 3269 1129 3339 ducitis,
1154 3271 1280 3327 dicentes
1297 3288 1303 3325 :
1319 3272 1374 3327 Nec
1398 3272 1461 3338 bos,
1487 3285 1539 3325 nec
1565 3269 1629 3325 illos
1650 3283 1787 3341 superare
1806 3284 1870 3339 pns-

0 3424 5 3435 ,
110 3375 159 3414 ces
170 3358 241 3413 estis
252 3357 288 3412 ad
304 3356 448 3412 lasciviam
463 3355 583 3427 puerilis
596 3354 827 3423 atatis,illornm
844 3355 961 3420 scilicet,
1017 3374 1128 3414 sumus.
1143 3358 1224 3424 Quod
1240 3359 1262 3412 si
1278 3375 1329 3430 per
1342 3359 1579 3423 rationalitatem,
1595 3373 1683 3429 qnam
1700 3357 1773 3412 Deris
1788 3357 1869 3412 vobis

110 3448 162 3520 qni
177 3448 214 3502 de
237 3447 331 3502 salute
353 3462 405 3501 sua
430 3444 508 3516 inqui
531 3442 673 3499 nesciunt.
696 3442 751 3498 Sed
774 3449 804 3497 et
822 3443 961 3514 quidquid
1016 3446 1103 3513 dedit,
1127 3447 1254 3502 subditus
1284 3453 1390 3504 vestros
1412 3447 1550 3502 veraciter
1572 3446 1767 3516 corriperetis,
1790 3447 1866 3500 seri·

109 3552 178 3592 caro
194 3540 287 3591 vestra
318 3532 446 3608 pustulat
472 3532 588 3588 tacitis:
627 3535 803 3604 quapropter
826 3531 861 3588 de
882 3532 963 3587 vobis
1016 3535 1067 3590 tati
1096 3535 1228 3591 resistere
1255 3552 1313 3591 uon
1339 3535 1495 3601 auderent;
1517 3535 1564 3590 sed
1584 3539 1724 3606 quantum
1745 3534 1865 3605 possint,

0 3679 3 3701 ι
108 3627 239 3681 dicitur:
256 3625 333 3681 leon
351 3638 456 3679 munuc
474 3623 539 3676 inus
561 3619 592 3676 in
607 3618 758 3690 superbius
771 3634 869 3674 eornm
886 3617 919 3673 in
926 3619 960 3686 li
1015 3621 1207 3677 serbsseslra
1231 3638 1298 3676 rara
1319 3638 1382 3678 esse
1402 3621 1541 3676 dicerent.
1562 3621 1616 3677 Sed
1638 3621 1707 3693 qnia
1731 3623 1785 3677 boc
1810 3637 1865 3676 non

2 3768 6 3789 ‚
23 3719 29 3731 '
107 3731 188 3780 nens,
204 3706 961 3784 quannmuts'qautusestinimicusinsonctotts'lid.)
1016 3710 1119 3777 tacitis,
1135 3710 1170 3765 de
1183 3710 1262 3766 vobis
1286 3710 1391 3765 dicitur
1407 3726 1413 3765 :
1432 3707 1551 3765 tardati
1573 3712 1651 3778 eunt,
1667 3713 1695 3764 ct
1719 3708 1868 3765 metirent

2 3853 5 3861 ,
109 3803 186 3857 Nam
199 3805 326 3871 potestas
342 3799 401 3867 Dei,
424 3798 495 3853 colla
509 3803 604 3852 vestra
617 3796 771 3868 iniquitate
793 3802 886 3851 erecte
910 3795 961 3851 de·
1014 3798 1089 3854 nont
1109 3797 1213 3864 ebrius,
1230 3801 1258 3854 et
1279 3797 1373 3854 omnia
1390 3796 1536 3872 snpientia
1554 3813 1652 3852 eornm
1666 3798 1803 3855 denerata
1824 3800 1868 3852 est

109 3890 229 3962 primes,
245 3893 274 3943 et
288 3888 324 3943 ad
339 3887 464 3944 nibilum
478 3886 601 3942 deducet
614 3901 678 3958 qua·
695 3885 774 3940 velut
793 3885 824 3939 iu
845 3883 960 3940 sufflatu
1016 3886 1111 3958 (Psoi.
1134 3886 1196 3957 cvr).
1222 3888 1279 3942 lioc
1306 3888 1362 3942 tale
1384 3892 1436 3942 ast.
1472 3888 1543 3942 Nam
1564 3885 1673 3941 turbati
1696 3885 1772 3956 estis,
1801 3901 1866 3941 cum

109 3977 310 4049 sentifintiata
335 3981 412 4045 sunt,
437 3991 500 4031 cum
523 3976 613 4031 Deum
632 3990 692 4029 uon
711 3973 893 4045 cognoscitis,
910 3989 962 4029 uec
1015 3976 1129 4032 nullum
1147 3981 1308 4048 respectum
1325 3975 1392 4031 boni
1413 3974 1444 4030 in
1459 3973 1539 4029 vobis
1555 3973 1677 4044 habetis,
1695 3974 1734 4028 ita
1749 3974 1866 4029 utbene

110 4065 263 4122 bominem
283 4064 401 4131 timetis,
423 4079 477 4119 uec
504 4062 688 4134 iniquitatem
716 4061 909 4126 contemnitis,
930 4064 962 4115 nt
1018 4064 1180 4121 ambuletis.
1204 4065 1273 4122 itoti
1292 4080 1408 4135 quoqne
1422 4063 1453 4118 in
1475 4077 1579 4136 magna
1594 4061 1772 4118 dubitatione
1788 4063 1866 4132 estis,

0 4206 6 4229 ,
110 4171 175 4210 eam
191 4154 223 4208 in
246 4153 326 4208 robis
348 4152 426 4208 liniri
452 4150 629 4208 desideretis.
649 4151 740 4204 Deum
764 4166 822 4205 non
849 4149 960 4216 videtis,
1019 4168 1084 4208 eum
1110 4167 1198 4223 opera
1225 4157 1318 4206 vestra
1356 4155 1467 4207 rectum
1501 4166 1671 4222 responsum
1702 4151 1785 4208 vobis
1808 4169 1867 4207 non

110 4260 164 4298 nec
184 4241 282 4296 ridere
303 4240 481 4296 desideretis.
509 4238 566 4296 Sed
581 4254 669 4311 opera
691 4243 787 4292 restra
808 4238 959 4308 inspicitis,
1017 4242 1096 4308 dant,
1128 4241 1205 4296 velut
1236 4237 1372 4296 nesciatis
1403 4239 1473 4312 quid
1503 4239 1622 4305 faciatis,
1654 4239 1727 4294 sicut
1758 4240 1865 4304 ebrius,

3 4391 11 4400 ‚
110 4338 139 4388 et
151 4348 189 4386 ea
203 4331 234 4384 iu
254 4329 466 4400 vobismetipsis
483 4328 631 4398 judicatis,
648 4327 756 4382 seilicet
778 4325 908 4382 iaciendo
933 4330 962 4380 et
1015 4330 1131 4402 qnando
1144 4329 1193 4384 illa
1207 4346 1271 4401 qnae
1288 4329 1367 4400 optio
1386 4327 1491 4384 mentis
1506 4343 1539 4382 ac
1566 4327 1689 4398 propriae
1712 4329 1867 4384 voluntatis

111 4419 304 4491 relinquendo
317 4417 475 4473 meandum
490 4415 627 4488 placitum
643 4420 770 4472 restrum
785 4431 849 4488 quae
863 4412 959 4469 vullis.
1016 4423 1116 4474 restrae
1152 4417 1305 4484 desiderat,
1340 4417 1444 4474 tacitis.
1482 4416 1561 4472 Unde
1590 4416 1684 4470 omnis
1714 4417 1866 4489 sapientia,

2 4555 11 4591 5
145 4508 294 4578 Oquaute
309 4504 475 4576 malignitas
494 4509 524 4560 et
541 4503 693 4560 inimicitia
717 4503 778 4558 base
803 4509 856 4571 eet,
883 4501 962 4575 quod
1016 4522 1104 4579 quam
1119 4507 1153 4562 de
1168 4505 1322 4578 Scripturis
1343 4512 1371 4562 et
1390 4505 1423 4562 de
1448 4505 1579 4561 doctriua
1605 4505 1710 4576 ubique
1734 4507 1866 4577 quasivi-

1 4655 5 4674 ι
112 4595 202 4650 bomo
217 4609 271 4648 nec
286 4598 404 4665 propter
425 4594 525 4660 Deum,
541 4609 594 4649 uec
609 4597 727 4664 propter
749 4591 908 4658 bominem,
931 4590 962 4645 in
1017 4595 1078 4663 stis,
1104 4595 1134 4649 in
1160 4599 1246 4665 puteo
1271 4595 1394 4666 proprius
1423 4593 1578 4650 volontatis
1606 4599 1705 4650 restrae
1734 4593 1868 4650 devorata

111 4683 191 4738 bona
217 4682 436 4738 couversatione
456 4698 518 4737 esse
547 4681 623 4746 rult3
646 4682 697 4736 sed
720 4681 797 4753 qnod
821 4680 962 4735 bonorem
1018 4688 1069 4751 est,
1084 4698 1151 4739 cum
1172 4682 1227 4738 boc
1250 4685 1326 4754 quod
1342 4684 1497 4754 tangendo,
1521 4687 1550 4738 et
1572 4682 1710 4753 sapiendo
1724 4682 1865 4750 sciebatis,

0 4749 7 4833 f
112 4771 226 4844 appetit
238 4771 301 4826 sine
314 4771 413 4828 labore
426 4777 455 4827 et
473 4770 594 4842 premia
608 4774 716 4825 aelerna
738 4769 801 4824 sine
815 4768 964 4824 abstinen-
1018 4771 1049 4826 in
1069 4771 1161 4844 plenis
1184 4770 1335 4826 desideriis
1361 4771 1461 4836 vestris
1480 4775 1509 4826 et
1522 4771 1551 4825 iu
1574 4769 1752 4842 pinguedine
1773 4765 1866 4822 earnis

4 4913 7 4924 ,
112 4861 162 4928 ιιι,
183 4865 214 4914 et
237 4875 296 4932 qno
317 4864 431 4916 mutum
444 4858 568 4915 velutin
583 4859 731 4914 sanctitate
745 4857 870 4913 inaniter
884 4856 964 4928 cupit
1018 4863 1118 4914 restrae
1146 4858 1304 4926 faciebatis,
1327 4862 1406 4914 velut
1433 4858 1527 4914 infans
1550 4857 1600 4929 qui
1620 4857 1651 4913 in
1671 4856 1793 4912 iniantia
1816 4871 1867 4910 sna

1 5009 11 5019 ,
112 4963 283 5020 penenare,
311 4950 469 5005 secundum
487 4947 564 5021 quod
587 4946 719 5003 diabolus
740 4946 809 5002 dicit
834 4962 842 5001 ι
869 4947 965 5002 Bonus
1019 4946 1109 5002 nescit
1123 4946 1193 5018 qnid
1207 4946 1302 5002 iaciat.

115 5044 140 5095 et
165 5042 285 5094 sauctus
307 5054 382 5094 sum.
407 5038 461 5094 Sed
487 5054 546 5093 nen
569 5035 723 5102 beatitud
747 5051 823 5090 nuuc
846 5034 965 5091 dicitis?
1010 5063 1015 5070 ·
1055 5035 1238 5104 Quapropter
1257 5033 1293 5089 ad
1314 5049 1363 5090 uos
1383 5033 1488 5089 dicitnr
1504 5048 1510 5086 :
1528 5032 1618 5087 liores
1643 5029 1813 5086 moralitatis
1832 5031 1866 5086 ad

2 5181 6 5205 ,
116 5128 218 5184 Oculoe
233 5143 292 5183 nou
308 5127 427 5192 bebetis,
446 5143 513 5182 cunt
523 5141 611 5198 opera
624 5129 719 5180 vestra
733 5125 763 5180 in
780 5124 847 5196 igne
871 5122 964 5195 Spiri·
1019 5124 1160 5194 populum
1176 5123 1206 5178 iu
1221 5128 1300 5178 recta
1314 5122 1468 5177 stabilitate
1484 5136 1541 5175 non
1557 5119 1679 5185 habetis,
1692 5117 1766 5174 sicut
1781 5118 1868 5190 pedes

117 5220 162 5270 tus
175 5214 268 5270 sanni
283 5215 450 5270 bominibus
462 5230 521 5270 nnn
537 5215 643 5282 lucent,
660 5218 767 5268 etcum
784 5214 859 5267 buna
873 5228 967 5267 erem·
1021 5211 1165 5284 reliquum
1180 5225 1283 5282 corpus
1307 5209 1460 5276 sustinent,
1476 5213 1619 5280 quatenus
1647 5207 1801 5279 Scripturis
1819 5224 1868 5263 ens

119 5305 163 5372 pla
176 5303 220 5358 cis
244 5319 300 5358 uon
325 5302 487 5358 ruminatis.
512 5302 593 5358 Unde
616 5302 830 5356 firmamentum
848 5301 965 5371 justitian
1021 5299 1214 5366 circumdetis,
1229 5301 1307 5355 velut
1324 5297 1443 5370 abyssus
1458 5295 1540 5368 aquis
1556 5295 1726 5352 sudantibus
1741 5297 1867 5369 undique

6 5373 11 5431 Ῐ
121 5393 168 5448 liei
184 5392 215 5447 iu
231 5393 312 5448 vobis
325 5393 389 5448 luce
400 5393 469 5447 eolis
482 5397 571 5461 emet,
585 5395 614 5447 et
625 5405 674 5446 aer
687 5389 808 5446 aedilicio
829 5389 966 5454 virtulum
1021 5388 1196 5444 circumdata
1209 5393 1260 5442 est.
1278 5387 1332 5442 Sed
1347 5385 1439 5442 dicitis
1456 5401 1463 5441 :
1479 5385 1604 5456 Tempus
1625 5385 1763 5458 loquendi
1785 5387 1885 5442 modu
