3984 6034
91 225 146 283 ’ll'l
414 216 517 281 LIBER
535 212 697 281 btvtu'ott.
719 212 821 278 OPER.
842 210 1012 277 stualtcls
1031 209 1184 275 toaleis,
1198 246 1233 258 -
1247 210 1333 273 PARS
1350 211 1374 286 l,
1395 210 1486 273 VlSlO
1506 210 1542 275 lt.
1790 212 1844 273 ’178

95 364 182 421 etiam
196 362 231 420 de
253 358 405 434 principaii
418 364 504 415 rento
526 356 758 429 septentrionalis
771 356 863 429 plage
880 370 944 425 pro·
963 352 1151 410 Aosteudeus
1166 352 1246 424 quod
1261 351 1347 407 etiem
1363 351 1492 423 erigere
1508 367 1558 407 suo
1574 350 1688 407 radium
1705 350 1743 407 ad
1761 348 1843 406 debi-

93 453 181 519 eedrt,
219 449 394 515 extenditur,
426 446 588 503 tortitudini
617 445 694 500 illius
725 444 870 511 resistens,
905 456 940 496 ne
994 440 1318 512 lioremparlemluuas
1340 438 1438 504 mittit,
1464 438 1522 493 sive
1545 440 1575 494 in
1594 444 1760 512 augmento,
1784 440 1842 497 sive

92 538 264 609 ampliorem
280 537 426 593 lusionem
441 542 469 591 at
483 534 643 607 pericnlum
665 532 832 587 hominibus
845 529 939 597 faciet,
994 528 1026 583 in
1041 529 1215 585 detrimento
1238 528 1288 595 sit;
1313 528 1345 581 iu
1367 531 1522 599 augmento
1537 517 1654 599 quidem
1674 526 1730 601 ipsi
1745 529 1844 585 subre-

92 644 181 701 quam
210 626 353 697 judicium
384 624 472 679 divini
494 620 632 677 examinis
658 619 753 693 ipsum
787 620 938 693 permittit,
994 617 1087 687 niens,
1103 621 1231 673 uttauto
1254 615 1384 672 citiuset
1407 614 1520 683 lortius,
1546 615 1646 671 lumen
1668 616 1842 673 suumreci·

92 714 339 788 quemadmodum
367 710 450 767 etde
474 710 537 766 aliis
560 709 692 781 superius
715 713 863 765 ostensum
887 715 939 767 est.
993 704 1068 779 piat;
1095 704 1125 761 in
1149 704 1322 761 detrimento
1346 719 1425 771 vero,
1448 707 1481 758 ut
1506 707 1587 758 tauto
1613 704 1705 760 lenius
1733 706 1843 778 absque

95 807 128 860 Et
145 802 276 876 predicti
295 802 419 873 planete
441 798 616 871 suffraganei
639 797 708 853 solis
729 802 808 865 suut,
830 802 859 853 et
879 800 941 855 sine
994 793 1124 867 periculo
1146 794 1300 849 decrescat.
1323 793 1363 848 lle
1392 792 1489 847 medio
1517 791 1603 847 etiam
1625 791 1700 865 signi
1719 795 1843 865 planetae

93 892 166 964 ipsis
186 892 229 947 sol
247 906 308 947 esse
329 906 387 945 nou
405 891 514 960 posset,
539 886 722 959 caloremque
744 886 797 940 soti
820 885 940 953 addunt,
995 880 1077 949 sexti,
1093 880 1143 953 qni
1164 880 1314 953 proximus
1335 894 1424 951 super
1442 878 1542 935 lunam
1564 883 1616 947 est,
1640 882 1719 937 relat
1746 883 1843 938 radius

94 981 341 1053 quemadmodum
365 978 452 1047 visus,
476 976 592 1032 auditus
615 978 644 1030 et
666 975 803 1031 odoratus
826 974 942 1031 cerebro
997 986 1072 1025 uuus
1091 985 1205 1025 sursum
1230 969 1267 1026 ad
1297 968 1413 1042 signum
1438 966 1507 1023 solis
1537 966 1639 1037 tendit,
1667 971 1844 1042 quoniame

95 1069 220 1125 calorem
235 1075 264 1123 et
280 1066 354 1122 vires
367 1064 596 1139 subministrant.
995 1057 1065 1116 forti
1082 1057 1187 1115 robore
1210 1060 1274 1129 ejus
1295 1056 1460 1130 contiguam
1485 1055 1663 1112 vicinitatem
1685 1059 1762 1115 lunae
1789 1060 1844 1116 ha-

133 1158 169 1213 Ut
180 1161 276 1212 uatem
292 1156 379 1224 vides,
400 1153 469 1210 solis
491 1168 605 1225 quoque
621 1151 736 1225 signum
759 1150 841 1223 quasi
855 1166 942 1223 quos·
996 1146 1102 1215 beatis,
1126 1147 1223 1203 radius
1255 1146 1291 1202 ad
1319 1145 1409 1203 solem
1438 1144 1575 1213 ascendit,
1604 1144 1737 1202 ardorem
1765 1147 1845 1203 itlius

95 1246 163 1303 dam
179 1245 273 1301 radios
288 1245 324 1299 de
346 1260 376 1299 se
398 1242 541 1309 emittens,
566 1241 623 1297 alio
637 1241 807 1313 praedictum
827 1242 942 1313 siguum
997 1234 1114 1291 lenitate
1137 1234 1323 1303 subjectionis
1349 1250 1409 1289 suaa
1435 1250 1472 1289 ne
1490 1233 1522 1289 in
1544 1234 1694 1291 nimietate
1713 1242 1846 1309 erumpat

94 1334 198 1407 eapitis
213 1332 350 1405 leopardi,
371 1331 427 1388 alio
449 1331 565 1403 signum
582 1328 682 1401 capitis
706 1328 807 1397 leonis,
829 1329 885 1384 alio
904 1328 944 1383 si·
996 1323 1133 1379 retinens.
1152 1326 1184 1379 Et
1197 1324 1271 1387 alius
1286 1322 1321 1379 od
1336 1323 1469 1379 dextrum
1481 1339 1573 1379 cornu
1587 1322 1661 1395 signi
1675 1325 1751 1381 tune
1772 1326 1845 1382 diri·

96 1440 188 1495 gnum
209 1422 310 1495 eapitis
331 1420 403 1493 lupi,
420 1436 490 1484 ,nou
515 1424 611 1475 aretem
634 1419 747 1490 signnm
768 1417 870 1491 capitis
885 1416 944 1473 ursi
997 1411 1086 1485 gitur,
1105 1412 1173 1485 quia
1187 1412 1323 1468 fortitude
1341 1412 1404 1483 ejus
1418 1412 1531 1467 radium
1553 1412 1590 1467 ad
1609 1412 1756 1469 fortiorem
1775 1432 1846 1486 par-

94 1510 199 1580 taugit,
221 1506 358 1580 quoniam
378 1505 419 1561 sol
450 1502 785 1574 maximusplauetarum
806 1502 942 1572 existens,
998 1504 1057 1555 tem
1079 1500 1157 1556 luuoe
1181 1500 1277 1568 mittit,
1306 1501 1398 1572 ipsam
1424 1500 1585 1569 retinendo,
1613 1507 1755 1573 quatenus
1780 1521 1846 1576 sep·

95 1600 191 1653 totum
214 1595 430 1651 firmamentum
449 1591 518 1662 igue
537 1608 588 1646 suo
612 1591 740 1646 calefacit
760 1595 788 1646 ct
814 1591 942 1657 roborat,
998 1587 1200 1645 teutrioualem
1214 1590 1328 1661 plagam
1348 1588 1463 1654 devitet,
1486 1592 1515 1645 el
1529 1589 1660 1644 ordinate
1684 1590 1714 1646 iu
1732 1591 1846 1648 deiectu

96 1686 255 1756 orbemque
269 1689 412 1739 terrarum
427 1680 579 1753 splendore
594 1696 646 1735 suo
661 1679 814 1747 illuminat,
834 1679 943 1753 princi·
964 1654 1051 1732 Bsuo
1073 1677 1109 1732 ad
1140 1677 1229 1732 solem
1258 1676 1382 1744 accedat,
1398 1678 1572 1749 incensaque
1591 1678 1627 1733 ab
1649 1678 1699 1734 illo
1715 1678 1847 1736 distincte

94 1775 214 1846 patique
232 1776 317 1829 vento
350 1770 493 1837 orientali,
520 1785 631 1825 necnon
659 1770 778 1824 australi
804 1784 837 1823 ee
868 1768 944 1825 ocei-
999 1764 1122 1820 recedat.
1138 1765 1218 1820 Alius
1239 1771 1337 1820 autem
1361 1765 1498 1837 adcaput
1518 1766 1605 1838 cersi,
1631 1767 1708 1839 qnod
1732 1768 1847 1842 asigno

96 1858 216 1927 dentati,
239 1856 346 1911 viribus
367 1853 545 1911 fortitudinis
572 1870 631 1908 suas
656 1854 772 1920 resistit,
793 1868 830 1909 ue
847 1853 945 1909 termi-
999 1853 1101 1925 capitis
1114 1852 1175 1924 lupi
1189 1853 1327 1925 procedit,
1343 1852 1513 1922 extenditur,
1530 1854 1668 1927 quoniam
1691 1873 1707 1912 a
1726 1857 1847 1914 robusto

99 1962 153 2001 nos
167 1944 236 2018 ipsis
252 1962 267 1998 a
284 1945 341 1999 ileo
362 1942 530 1998 constitutos
545 1939 690 1997 excedant.
709 1940 832 1997 Ventum
848 1946 945 1997 autem
998 1941 1136 1996 claritatis
1155 1940 1233 1997 illius
1254 1942 1406 2013 splendore
1427 1941 1526 1997 radius
1547 1942 1582 1998 ad
1596 1943 1773 2017 principium
1787 1948 1847 2003 col-

98 2033 351 2105 septentrioualem
371 2047 428 2087 non
448 2029 552 2101 tangit,
576 2028 714 2102 qnoniam
729 2028 778 2084 ille
793 2029 875 2101 quasi
890 2030 945 2085 iui-
999 2028 1126 2085 lateralis
1147 2029 1235 2098 venti,
1264 2030 1315 2102 qui
1338 2030 1373 2085 da
1399 2030 1552 2103 principali
1580 2036 1665 2088 rento
1694 2034 1849 2092 occidentis

98 2124 192 2177 miens
216 2120 283 2176 solis
302 2119 435 2185 existens,
467 2134 583 2173 omnem
616 2118 800 2189 splendorem
827 2116 946 2173 luminis
1001 2117 1114 2185 ebullit,
1129 2133 1159 2173 sa
1180 2118 1365 2190 prolongans,
1389 2118 1571 2190 repentinam
1595 2121 1774 2179 velocitatem
1802 2124 1847 2196 ip-

97 2209 281 2281 dediguetur,
307 2212 483 2280 quapropter
505 2211 531 2262 at
551 2206 592 2261 sol
626 2222 692 2261 eum
715 2206 794 2261 velrtt
817 2210 946 2262 coutem-
1000 2206 1059 2261 sius
1074 2194 1246 2275 reverberat,
1263 2223 1300 2263 ne
1321 2212 1427 2261 metam
1449 2207 1529 2263 illam
1546 2225 1633 2281 quam
1657 2210 1755 2267 divina
1769 2214 1846 2269 ordi-

99 2315 173 2356 nans
187 2314 245 2353 uon
258 2296 372 2352 radium
387 2296 422 2351 de
436 2312 466 2351 se
481 2295 695 2367 procedentem,
712 2293 763 2350 sed
778 2298 890 2350 tautum
904 2295 947 2351 illi
1000 2295 1080 2350 natio
1107 2295 1163 2367 ipsi
1182 2294 1333 2373 proposuit
1356 2298 1493 2366 transeat,
1522 2296 1573 2353 sed
1593 2296 1625 2353 in
1648 2304 1725 2355 recta
1746 2306 1848 2359 extan-

98 2388 177 2443 viam
194 2385 306 2441 itineris
320 2384 365 2439 sui
379 2384 508 2456 opponit,
522 2399 575 2455 per
596 2398 683 2455 quem
704 2382 833 2439 iurarem
857 2382 947 2455 ipsius
1001 2383 1083 2439 sione
1098 2383 1243 2455 procedat.

98 2475 274 2541 reverberat,
301 2490 354 2529 nec
378 2474 414 2527 ad
440 2482 537 2543 partes
561 2472 625 2527 illes
650 2471 769 2541 aceedit,
796 2472 864 2543 quia
885 2470 946 2529 dia·
1036 2476 1073 2529 At
1096 2472 1178 2544 signo
1204 2487 1322 2546 quoque
1353 2472 1440 2541 luna,
1471 2476 1504 2529 ut
1523 2472 1611 2542 vides,
1638 2476 1722 2549 quasi
1750 2479 1848 2535 radius

98 2564 187 2621 bolus
200 2562 307 2620 ibidem
328 2563 385 2617 [leo
411 2560 599 2633 repugnando
624 2560 783 2633 nequitiam
802 2562 949 2619 suamde·
1002 2577 1090 2633 super
1118 2565 1275 2633 utrumque
1299 2560 1496 2633 supercilium,
1522 2577 1556 2617 ac
1579 2578 1667 2633 super
1691 2569 1846 2640 utrumque

99 2655 252 2709 monstrat.
272 2650 367 2705 Alium
382 2653 477 2703 autem
497 2648 611 2703 radium
625 2664 711 2720 snper
728 2648 844 2721 siguum
859 2648 946 2719 iuna,
1001 2649 1093 2707 marm
1107 2650 1234 2723 praelatae
1252 2648 1388 2722 imaginis
1408 2648 1512 2719 radiat,
1540 2650 1609 2721 quia
1636 2651 1706 2709 luna
1722 2656 1850 2712 naturali

100 2742 172 2815 quia
185 2755 248 2795 eam
265 2739 358 2794 calore
379 2752 431 2791 suo
453 2734 591 2804 incendit,
613 2736 857 2808 quemadmodum
880 2753 948 2792 sen·
1002 2739 1179 2795 virtute-sua
1201 2754 1305 2811 corpus
1328 2736 1454 2793 hominis
1477 2740 1629 2810 temperat,
1658 2740 1699 2797 ita
1723 2747 1756 2798 ut
1775 2742 1850 2799 sicut

100 2830 236 2886 snelitate
249 2832 277 2882 et
295 2825 443 2882 intellectu
462 2824 588 2879 hominis
616 2828 711 2879 totum
734 2840 838 2896 corpus
856 2824 948 2895 ipsius
1003 2826 1188 2899 supercilium
1204 2826 1322 2881 asculum
1343 2825 1380 2880 ad
1401 2824 1494 2881 risum
1510 2831 1671 2897 conservat,
1686 2834 1715 2885 et
1730 2836 1762 2887 ut
1776 2833 1851 2889 talus

101 2919 220 2990 tegitur.
234 2916 332 2971 Atium
354 2915 432 2969 velut
454 2928 541 2985 snper
564 2912 724 2982 cerebrum,
749 2914 777 2967 et
794 2928 883 2985 usque
904 2928 949 2967 su·
967 2948 988 3002 C
1003 2914 1152 2973 homiuem
1176 2918 1281 2987 portat,
1304 2914 1345 2969 sic
1363 2929 1416 2985 per
1437 2912 1653 2986 dispositionem
1675 2918 1727 2974 liei
1740 2920 1850 2977 viribus

101 3020 156 3077 per
176 3008 331 3075 utrumque
355 3003 520 3057 calcaneum
542 3000 670 3073 praefatae
691 3000 828 3072 imaginis
854 3000 948 3074 ipsum
1005 3006 1082 3061 lanea
1105 3002 1237 3060 membra
1260 3000 1385 3058 hominis
1408 3017 1426 3056 e
1449 3017 1563 3059 sursum
1598 3021 1689 3079 usque
1715 3008 1850 3065 deorsum

102 3091 283 3149 extendendo
297 3090 370 3163 ligii,
386 3090 525 3163 quoniam
541 3088 583 3143 sol
599 3106 616 3143 a
630 3104 743 3143 summo
759 3105 852 3161 usqua
866 3090 950 3145 deor·
1005 3097 1213 3165 temperentur,
1234 3107 1291 3146 nou
1311 3095 1409 3145 umen
1428 3094 1508 3146 tanta
1534 3092 1718 3165 perfectione,
1743 3103 1852 3169 quauta

104 3198 170 3237 euru
184 3180 264 3237 omni
279 3178 392 3251 corpori
410 3178 536 3235 hominis
558 3176 759 3234 tortitudinem
785 3182 813 3233 et
836 3184 951 3250 tempe·
1005 3180 1073 3235 solis
1092 3177 1272 3247 tortitudine,
1293 3178 1431 3251 quoniam
1456 3177 1499 3233 sol
1517 3194 1622 3251 corpus
1637 3181 1763 3237 hominis
1786 3200 1852 3256 per-

103 3275 268 3327 ramentum
289 3268 429 3337 immittit,
445 3266 596 3322 cerebrum
614 3264 759 3337 praecipue
776 3267 950 3337 confortans,
1006 3268 1117 3335 factius,
1139 3268 1209 3323 luna
1231 3282 1299 3322 vero
1322 3266 1437 3339 parcius
1462 3266 1696 3324 ministeriosae
1718 3276 1850 3343 tangunt.

103 3360 145 3416 ita
169 3363 202 3414 ut
222 3356 369 3413 intellectu
394 3355 502 3429 vigens,
528 3358 642 3410 attactas
663 3354 737 3409 vires
760 3355 888 3427 corporis
909 3372 951 3413 re·
1007 3358 1039 3414 lit
1052 3356 1120 3412 luua
1133 3372 1248 3411 cursum
1269 3372 1354 3411 suum
1378 3356 1410 3411 in
1432 3356 1527 3411 calore
1541 3362 1569 3411 ct
1592 3357 1699 3428 trigona
1728 3351 1851 3432 peragit,

102 3449 209 3513 tineat;
228 3451 301 3502 etat
316 3444 403 3501 etiam
426 3442 560 3516 superior
583 3459 648 3515 pers
666 3442 793 3498 hominis
817 3442 950 3511 existens,
1006 3443 1144 3517 quoniam
1166 3443 1320 3500 crescendo
1343 3442 1437 3499 calida
1464 3449 1517 3512 est,
1541 3444 1731 3503 decrescendo
1755 3455 1852 3504 autem

102 3552 170 3593 eum
183 3534 368 3591 sensualitate
384 3533 481 3589 emnia
502 3532 609 3588 viscera
629 3531 719 3604 ipsius
742 3530 952 3604 persuadeant
1005 3532 1124 3605 frigidm
1150 3532 1194 3587 sol
1214 3548 1281 3587 varo
1300 3532 1336 3589 ab
1359 3532 1469 3587 ouante
1496 3550 1589 3605 usque
1614 3534 1644 3589 iu
1668 3540 1797 3592 austrum
1821 3537 1853 3592 iu

102 3626 145 3683 sol
169 3628 275 3680 terram
291 3620 445 3679 illuminat.
465 3620 519 3677 Sed
541 3636 607 3677 eum
632 3619 788 3692 aliquando
811 3619 952 3679 elementa
1007 3620 1108 3678 ardore
1134 3624 1188 3687 est,
1207 3619 1256 3675 sed
1277 3625 1377 3691 postea
1399 3619 1585 3691 frigiditatem
1606 3638 1697 3695 usque
1724 3624 1755 3679 iu
1779 3622 1853 3680 oeci-

103 3714 157 3770 sub
172 3714 232 3768 sole
252 3710 473 3784 tempestatibus
487 3708 699 3779 diffunduntur,
726 3707 802 3781 iguis
817 3708 885 3765 solie
905 3708 953 3765 ob
1006 3710 1122 3767 dentem
1146 3707 1201 3764 sibi
1225 3707 1351 3764 attrahit.
1373 3708 1452 3765 Luna
1466 3724 1582 3782 quoqne
1604 3710 1686 3782 prius
1711 3710 1853 3768 deiectum

103 3802 263 3869 nubiletur,
277 3800 357 3857 velut
380 3796 492 3870 eclipsis
507 3799 553 3864 sit,
576 3813 642 3869 quae
662 3812 774 3853 errores
789 3797 952 3869 significans
1006 3814 1091 3855 sunm
1114 3799 1215 3854 lumen
1239 3797 1275 3854 dc
1299 3797 1359 3853 sola
1377 3796 1490 3869 accipit,
1518 3797 1587 3869 quia
1610 3800 1852 3878 sol'exstiuctum

103 3898 173 3946 trine
188 3888 359 3958 ostenditur,
375 3904 442 3945 cum
467 3886 554 3943 corda
577 3890 605 3940 et
619 3889 729 3941 mentes
751 3884 902 3941 hominum
923 3884 953 3940 in
1007 3888 1146 3943 circutum
1161 3887 1239 3942 lunae
1257 3902 1322 3941 cum
1342 3884 1467 3942 scintilla
1487 3887 1569 3959 quasi
1590 3902 1654 3943 cum
1670 3888 1804 3961 tarupade
1820 3906 1853 3945 ex

103 3995 234 4035 errorem
248 3982 411 4045 vertuntur,
433 3976 473 4030 ita
489 3980 520 4030 ut
542 3979 618 4031 recte
633 3974 663 4029 iu
686 3974 750 4045 lege
773 3990 831 4030 non
852 3974 953 4030 ambu-
1007 3975 1071 4048 ipso
1086 3974 1193 4047 spirata
1210 3973 1348 4044 accendit,
1365 3978 1393 4029 et
1416 3979 1486 4029 tunc
1512 3974 1562 4030 illa
1587 3977 1618 4031 iu
1646 3976 1704 4031 olto
1728 3982 1785 4046 est;
1802 3982 1850 4033 scd

105 4068 176 4135 ient,
192 4066 242 4123 sed
257 4066 382 4122 invicem
403 4062 530 4135 plurima
551 4060 709 4119 certamina
732 4066 893 4119 exerceant.
918 4064 955 4120 Et
1007 4068 1162 4136 postquam
1182 4078 1299 4119 accensa
1315 4061 1401 4120 luerit
1423 4062 1564 4119 inlocum
1586 4080 1672 4119 suum
1700 4065 1854 4122 descendit.

105 4156 241 4231 prelatus
259 4153 356 4211 radius
378 4154 525 4209 wraneos
542 4150 670 4206 hominis
695 4151 799 4225 tangit,
816 4151 954 4224 quoniam
1010 4154 1088 4208 litut
1108 4152 1153 4209 sol
1177 4150 1316 4208 circulum
1339 4151 1417 4209 lanae
1445 4152 1572 4208 accendit
1592 4157 1620 4208 et
1646 4152 1800 4225 illuminat,
1815 4155 1856 4211 sic

104 4252 140 4301 ut
166 4242 316 4299 cerebrum
346 4256 449 4313 corpus
471 4238 615 4310 reliquum
634 4237 721 4311 regit,
744 4238 785 4294 itu
805 4240 954 4294 calcaneus
972 4258 995 4314 ῃ
1011 4240 1099 4295 etism
1113 4240 1212 4295 omnia
1226 4239 1397 4307 subteriora,
1420 4244 1480 4296 mm
1502 4241 1679 4298 firmamenti
1703 4259 1790 4315 quem
1805 4260 1855 4298 eo-

106 4337 200 4389 totum
217 4346 320 4403 corpus
338 4327 466 4385 hominis
483 4330 589 4398 portat,
606 4330 635 4383 et
654 4327 695 4382 eie
710 4326 752 4382 sol
775 4326 955 4384 uiribussuis
1009 4344 1076 4386 rum
1102 4344 1168 4400 ques
1194 4328 1247 4383 sub
1274 4327 1456 4385 firmamento
1488 4334 1565 4400 strat,
1590 4329 1696 4396 firmat,
1729 4336 1759 4387 et
1785 4331 1855 4387 iuna

104 4420 204 4477 omnia
224 4418 355 4476 membra
375 4414 502 4472 hominis
533 4420 685 4487 temperat,
709 4415 955 4485 quemadmodum
1009 4416 1136 4489 adjutrix
1149 4414 1226 4472 illius
1239 4419 1292 4484 est,
1317 4416 1479 4472 subteriora
1499 4415 1700 4487 illuminando,
1716 4418 1856 4490 quemad-

106 4514 136 4563 et
152 4505 278 4579 reliquas
293 4508 437 4561 creaturas
457 4507 580 4575 vegetat.
598 4504 630 4559 Et
652 4503 779 4559 emedio
803 4502 876 4575 signi
892 4504 956 4577 pla·
1010 4504 1129 4561 modum
1145 4507 1174 4558 et
1186 4503 1248 4575 ipse
1270 4502 1420 4577 superiora
1434 4506 1463 4558 et
1478 4504 1616 4560 interiore
1629 4504 1783 4561 illuminat.
1799 4505 1853 4561 Sed

106 4593 305 4667 assequitur,
329 4592 380 4666 qui
401 4590 550 4669 proximus
572 4590 625 4646 sub
647 4591 708 4646 sole
729 4596 782 4659 eet,
808 4592 891 4664 quasi
910 4608 957 4647 ra·
1011 4597 1041 4650 et
1056 4594 1126 4649 luna
1140 4592 1176 4648 da
1193 4608 1300 4665 aquosa
1322 4590 1504 4661 humiditate,
1521 4607 1552 4647 ec
1567 4593 1601 4648 de
1625 4593 1701 4649 nube
1722 4610 1787 4667 qnae
1804 4594 1857 4649 snb

108 4684 174 4742 dius
192 4684 309 4756 quidam
330 4696 445 4737 sursum
460 4679 495 4735 ad
516 4678 631 4751 siguum
645 4678 715 4734 solis
737 4678 873 4748 ascendit,
889 4677 958 4751 qnia
1011 4683 1074 4755 ipsa
1087 4684 1139 4749 est,
1159 4685 1188 4735 et
1200 4680 1235 4736 de
1249 4696 1315 4737 aere
1338 4680 1389 4749 qui
1402 4695 1490 4752 snper
1506 4684 1613 4735 terram
1628 4686 1681 4753 ast,
1704 4681 1795 4738 multo
1810 4682 1859 4739 fri-

107 4772 280 4831 fortitudine
297 4768 449 4827 ministerii
464 4768 509 4823 sui
531 4767 609 4823 idem
631 4768 748 4839 planeta
769 4767 824 4823 seli
844 4766 957 4840 subjee·
1012 4770 1107 4843 gidior
1129 4770 1188 4825 sote
1205 4775 1265 4837 cst3
1289 4774 1318 4825 et
1334 4770 1376 4825 sol
1398 4770 1489 4825 multa
1511 4775 1672 4841 perureret,
1688 4773 1712 4825 si
1726 4772 1794 4827 luna
1815 4772 1860 4828 illi

108 4869 156 4921 tus
173 4878 240 4917 enm
257 4860 378 4916 delinire
393 4856 551 4923 contendit,
567 4871 603 4912 ue
618 4856 699 4929 ignes
712 4872 778 4911 suos
799 4871 886 4929 supra
900 4872 960 4911 mo·
1013 4875 1071 4914 uon
1090 4858 1245 4926 resisteret,
1266 4858 1406 4932 quoniam
1424 4858 1556 4914 ardorem
1581 4858 1649 4915 solis
1666 4860 1735 4915 luna
1755 4858 1859 4933 frigido

109 4952 180 5007 dum
197 4948 318 5005 emittat.
341 4946 465 5013 Quidam
486 4962 554 5001 vero
577 4945 611 5000 ed
627 4949 713 5017 eaput
726 4945 833 5011 asueri,
849 4945 959 5017 quoda
1014 4948 1137 5003 hamore
1152 4963 1204 5003 suo
1223 4951 1375 5018 temperat.

111 5041 196 5111 siguo
211 5035 312 5109 capitis
334 5035 397 5107 lupi
411 5034 480 5103 exit,
506 5050 535 5088 se
554 5033 691 5100 extendit,
714 5033 868 5105 designans
882 5034 958 5106 quod
1048 5036 1208 5107 solitaque
1231 5040 1261 5092 et
1280 5037 1349 5091 luna
1368 5036 1422 5093 hoc
1447 5037 1531 5093 modo
1556 5035 1654 5092 diviua
1676 5036 1861 5094 ordinatione

110 5124 392 5197 aroberaejusdem
412 5120 536 5196 piabatae
556 5122 653 5177 radius
677 5122 712 5177 ad
733 5122 850 5178 initium
874 5122 960 5178 colla·
1015 5123 1127 5182 homiui
1151 5125 1288 5195 serviunt,
1318 5124 1403 5196 eique
1431 5130 1481 5180 aut
1510 5128 1673 5192 sanitatem,
1703 5132 1754 5181 aut
1781 5126 1860 5181 debi-

111 5217 212 5274 taralis
235 5214 326 5283 senti,
353 5211 403 5286 qui
425 5228 442 5267 a
464 5210 627 5283 'principati
663 5215 749 5266 vento
779 5211 962 5269 occidentalis
1015 5215 1127 5271 litatem
1164 5215 1321 5269 metandum
1353 5213 1525 5283 temperiem
1558 5214 1633 5268 aeris
1660 5220 1689 5268 et
1715 5230 1791 5270 anre
1819 5214 1862 5270 iu·

112 5306 208 5379 plagas
231 5302 390 5375 egreditur,
411 5316 440 5354 se
464 5298 610 5371 expandit,
639 5298 857 5356 instabilitatem
886 5298 962 5356 illius
1016 5302 1124 5371 lerunt,
1166 5300 1413 5374 quemadmodum
1456 5300 1618 5356 ostenditur
1662 5300 1710 5357 ubi
1747 5301 1862 5375 signum

113 5392 254 5461 retinens,
278 5388 459 5446 relutetiam
480 5389 515 5443 dc
534 5387 598 5442 aliis
620 5387 816 5460 supradictum
831 5392 883 5444 est.
908 5389 963 5445 Sed
1017 5390 1088 5446 solis
1118 5390 1199 5447 vetut
1232 5406 1250 5445 a
1277 5388 1395 5445 cerebro
1428 5404 1520 5462 usqua
1552 5388 1589 5444 ad
1619 5390 1801 5462 calcauenm;
1831 5392 1865 5446 si·

114 5483 236 5560 quidam
259 5480 296 5537 ad
318 5477 467 5535 sinistram
488 5491 577 5532 cornu
603 5476 681 5553 signi
705 5476 781 5536 lunas
802 5492 832 5535 aa
852 5477 962 5554 dirigit,
1018 5494 1109 5555 gnum
1134 5483 1231 5536 autem
1258 5479 1334 5535 lunae
1349 5476 1432 5553 qnasi
1451 5477 1635 5553 asrrpercitio
1652 5494 1745 5551 usque
1768 5480 1804 5538 ed
1825 5484 1866 5538 ta·

297 5576 432 5647 Parnon.
459 5572 604 5645 tactu.
1648 5584 1690 5647 25
