3984 6034
188 215 241 268 367
915 212 944 264 S.
965 209 1201 268 ultnlsuauols
1882 213 1938 268 308
1979 273 1980 276 ,

189 339 532 414 istiasresplendueruut.
554 339 589 392 El
610 339 804 395 audiviillum
827 340 864 395 ad
889 340 1028 412 populum
1047 343 1166 408 Ateste,
1192 341 1311 396 llumiao
1336 342 1433 397 abbati
1462 343 1491 396 in
1522 341 1601 396 nirllo
1625 340 1814 410 detrahimus,
1842 359 1934 416 quem
1979 315 1980 342 ¹

189 435 275 486 istum
291 428 433 484 dicentem
450 443 457 480 :
472 425 605 492 Quandiu
621 427 803 498 splendorem
826 427 983 483 sanctitatis
1005 429 1034 482 in
1087 435 1184 485 minen
1198 435 1326 501 paternas
1349 431 1473 485 lenitatis
1490 447 1542 502 per
1556 431 1646 486 mulla
1664 431 1695 484 in
1720 431 1804 486 nobis
1826 433 1936 487 imme-

188 518 267 574 vobis
290 517 384 584 rideo,
410 531 462 587 pro
487 514 567 569 uobis
590 530 718 587 pugnare
742 516 807 570 vulo
831 518 931 570 contra
950 513 1034 586 nigra
1088 533 1207 582 morem,
1235 522 1263 572 et
1288 519 1458 590 quibusdam
1481 519 1669 574 familiaribus
1694 523 1752 573 suis
1777 519 1866 574 laxius
1889 519 1935 574 in-

183 608 291 680 jacula,
315 622 380 679 qrrae
402 604 437 659 de
458 603 556 674 impiis
580 604 711 674 tyrannis
739 603 775 658 ad
795 603 957 659 habitacula
977 603 1033 658 loci
1087 606 1270 677 dulgentem,
1303 607 1393 662 libera
1426 623 1542 678 quoque
1569 611 1709 678 potestate
1739 608 1770 662 in
1798 609 1936 664 omnibus

186 696 273 750 vestri
286 694 439 764 flagrantia
454 707 603 763 aspexero.
627 693 705 746 Tunc
727 693 849 762 cognovi
871 692 948 764 quud
971 692 1034 746 haec
1085 692 1303 750 immoderatius
1337 701 1465 749 utentem
1498 695 1724 766 ingemiscimus.
1752 695 1783 751 Si
1816 697 1935 767 quidem

185 785 267 855 virga
279 781 394 838 virtutis
407 782 488 853 uirga
506 783 602 834 Aaron
617 779 681 847 fuit,
696 796 762 853 qum
783 780 813 835 iu
837 781 925 834 ramis
938 779 1033 835 virtu·
1086 784 1219 837 maximis
1241 783 1392 837 calumniis
1419 789 1447 837 et
1470 783 1597 838 infamiis
1618 784 1784 855 opinionem
1804 790 1936 839 nostram

184 877 249 928 tum
261 873 381 928 floruit:
398 870 475 942 quod
493 871 565 924 heus
587 869 618 923 iu
634 870 726 940 prima
750 870 797 924 die
820 871 956 940 angelum
983 884 1034 938 po·
1086 887 1172 942 super
1196 871 1257 926 haec
1281 872 1399 927 lacerari
1423 872 1640 943 perpendimus,
1664 878 1692 928 et
1712 873 1857 943 praecipue
1882 890 1935 945 pro

185 965 293 1024 suerat,
310 959 360 1031 qui
376 958 744 1030 persuperbiamseipsum
760 956 1032 1027 efelicitatedepu·
1085 960 1263 1030 lacrymabili
1292 960 1435 1015 discordia
1467 961 1581 1031 pridem
1615 961 1691 1016 inter
1717 977 1770 1015 nos
1804 967 1875 1028 urle,
1908 965 1937 1016 et

185 1051 250 1105 suit.
280 1048 333 1104 Sed
356 1049 432 1102 heus
455 1047 566 1116 uirgam
590 1045 766 1101 baereditatis
788 1045 818 1099 in
842 1051 941 1101 monte
963 1045 1032 1100 Sion
1067 1047 1275 1103 ,nihilominus
1290 1049 1365 1103 inter
1386 1050 1480 1120 ipsum
1504 1049 1633 1104 abbatem
1651 1055 1779 1105 nostrum
1802 1054 1830 1104 et
1852 1051 1935 1121 prio·

185 1138 305 1210 aspexit,
321 1152 385 1208 quac
410 1140 443 1189 nt
464 1134 554 1188 virtus
574 1132 782 1204 magnitudinis
796 1135 826 1186 in
846 1132 964 1187 homine
978 1131 1032 1187 flo-
1086 1150 1146 1190 rem
1169 1151 1263 1208 nuper
1285 1144 1440 1203 commota,
1466 1137 1636 1204 religionem
1670 1144 1794 1193 nostram
1827 1154 1934 1209 quam·

185 1227 254 1294 ruit,
276 1224 327 1280 ubi
351 1223 536 1294 omnipotens
559 1222 634 1276 Deus
655 1221 687 1275 in
709 1221 875 1291 virginitate
898 1222 1030 1276 surrexit.
1085 1224 1211 1278 maximo
1226 1225 1437 1295 contemptnia
1459 1226 1644 1280 saecularibus
1664 1227 1765 1282 baberi
1780 1227 1933 1282 deflemus.

186 1316 219 1368 ut
232 1315 280 1370 hic
293 1314 347 1368 llos
364 1312 400 1367 de
415 1311 481 1367 Sion
497 1310 594 1377 exivit,
616 1311 694 1365 unde
716 1310 802 1365 ctiam
828 1311 927 1365 multae
949 1325 1032 1381 aquae
1085 1311 1268 1384 Quapropter
1282 1313 1385 1368 incerti
1407 1314 1477 1386 quid
1501 1329 1630 1385 agamus,
1649 1321 1681 1369 ut
1702 1315 1804 1369 restris
1826 1316 1935 1370 oratio·

184 1403 308 1457 effluunt
321 1401 522 1456 suavissimum
544 1403 662 1453 ventum
682 1398 792 1464 dautes,
814 1414 878 1470 quae
902 1404 969 1453 snut
992 1399 1031 1452 vi·
1084 1401 1169 1455 uibus
1193 1401 1291 1457 divina
1315 1403 1446 1456 voluntas
1466 1403 1549 1456 nobis
1572 1403 1754 1474 aliquatenus
1777 1419 1865 1474 super
1889 1404 1935 1458 his

183 1493 277 1547 rentia
291 1506 379 1562 opera
389 1488 549 1544 sanctitatis
563 1488 713 1543 inmeutes
726 1487 889 1554 homiuum,
901 1487 942 1542 ita
952 1487 1030 1559 quod
1085 1489 1235 1554 elucescat,
1258 1489 1420 1546 humillime
1445 1491 1643 1562 imploramus.
1669 1491 1752 1556 Quod
1778 1493 1803 1546 si
1829 1493 1935 1547 litteris
1979 1489 1980 1564 l

183 1581 274 1636 ileum
298 1580 328 1634 iu
355 1578 490 1632 omnibus
516 1583 704 1647 cognoscunt.
732 1575 913 1648 Quapropter
934 1577 965 1631 iu
986 1575 1031 1631 his
1084 1578 1291 1645 consolatoriis,
1318 1579 1386 1650 quid
1417 1579 1609 1650 potissimum,
1633 1581 1736 1651 quidve
1761 1582 1816 1636 [leo
1840 1581 1878 1634 sit
1906 1581 1935 1634 iu

182 1669 278 1723 sullus
293 1667 343 1722 [lei
358 1665 588 1737 fulget,quaado
603 1664 817 1735 suggestionem
838 1664 979 1719 diabolis
1001 1681 1031 1719 sc
1051 1637 1132 1723 Bhis
1160 1667 1371 1738 beneplacitum
1400 1682 1452 1739 per
1479 1685 1528 1723 vos
1552 1667 1704 1723 certificari
1730 1669 1933 1736 meruerimus,

181 1756 334 1811 abscidunt
356 1759 456 1809 contra
478 1755 561 1808 illum
584 1754 751 1820 militantes,
774 1753 858 1823 quasi
879 1753 910 1808 in
935 1753 1030 1807 medio
1085 1755 1115 1811 id
1154 1756 1231 1827 quod
1269 1757 1361 1810 solum
1409 1773 1559 1828 possumus
1599 1763 1757 1829 vestraque
1800 1758 1934 1812 charitati

182 1844 333 1916 potestatis
349 1859 418 1908 snae,
434 1841 587 1896 cumduas
602 1841 1029 1912 alashabeut,itaqaod1leum
1086 1842 1279 1913 gratissimum
1320 1842 1436 1909 scimus,
1474 1859 1592 1913 precum
1630 1849 1793 1898 nostrarum
1832 1859 1934 1897 remu·

182 1934 245 2003 plus
258 1947 345 2004 quam
361 1932 471 2002 seipsos
486 1936 595 1997 amant,
611 1935 641 1983 et
657 1930 734 2000 quod
751 1928 929 1985 sanctissima
942 1944 1031 1999 opere
1084 1931 1233 1986 neralioue
1254 1932 1320 1986 huic
1347 1931 1484 1987 beneficio
1511 1933 1670 2004 rependere
1694 1947 1809 2004 semper
1834 1933 1935 1986 stude-

180 2021 298 2083 iaciunt,
316 2025 345 2074 et
357 2025 426 2073 tunc
440 2023 516 2072 stant
530 2016 613 2088 quasi
627 2017 761 2072 columna
775 2017 860 2072 nubis
882 2018 914 2071 in
935 2017 1030 2072 medio
1085 2018 1190 2075 bimos.

182 2109 366 2163 inimicorum
382 2122 512 2171 suorum,
527 2121 594 2161 cum
608 2121 656 2160 eos
671 2121 705 2160 ex
719 2111 841 2177 utraque
864 2111 945 2177 parte
966 2121 1030 2176 pcr-
1271 2143 1475 2201 RESPOYSUM
1496 2145 1731 2202 fflfflmfflms

181 2200 304 2265 cutiunt,
320 2199 410 2253 ileum
425 2196 534 2250 scilicet
548 2200 678 2249 amantes
695 2199 723 2248 et
738 2192 918 2247 sanctissima
940 2209 1030 2264 opera
1385 2180 1391 2200 ¹
1734 2185 1741 2200 ⁹

180 2287 316 2342 facientes
332 2302 340 2341 ι
355 2285 431 2358 quud
446 2284 530 2356 quasi
543 2284 585 2338 sol
602 2282 688 2336 micat
703 2283 733 2336 in
746 2281 945 2352 splendoribus
959 2297 1029 2336 san-

180 2381 304 2428 ctorum.
320 2373 374 2428 Sed
388 2372 501 2444 primus
514 2371 634 2441 angelus
657 2370 749 2440 magis
769 2369 860 2424 volarit
876 2370 966 2424 Deum
980 2385 1027 2424 su-

179 2479 282 2534 perare
297 2469 327 2517 et
340 2462 369 2517 in
383 2461 541 2516 honoribus
554 2461 616 2529 ejus
632 2464 716 2523 stare,
733 2473 821 2530 quam
836 2458 917 2513 illum
930 2474 1028 2514 amare
1118 2461 1226 2516 Serena
1241 2461 1288 2515 lux
1310 2461 1402 2516 dicit:
1427 2461 1449 2518 0
1473 2462 1612 2533 plangens
1634 2461 1718 2529 ovile,
1741 2468 1770 2516 et
1794 2467 1931 2518 ornatum

179 2558 230 2608 aaut
242 2550 318 2606 bona
332 2566 420 2621 opera
435 2550 528 2605 fecere
544 2565 552 2604 :
568 2549 643 2603 rande
668 2549 754 2602 homo
769 2547 947 2602 divinitatem
973 2546 1029 2602 bu·
1083 2549 1112 2605 in
1129 2550 1212 2620 signo
1232 2550 1361 2620 ligatura
1385 2550 1567 2616 obedientiae,
1585 2555 1644 2604 estu
1667 2550 1768 2605 stabile
1794 2552 1823 2605 in
1848 2554 1932 2622 cugi-

179 2640 493 2710 noral,cumscipsum
508 2637 605 2696 vincit.
629 2637 679 2691 ubi
704 2637 734 2690 iu
760 2635 951 2706 possibilitate
976 2651 1029 2690 sua
1082 2637 1240 2694 talionibus
1264 2639 1319 2694 tuis
1340 2643 1369 2693 et
1393 2638 1537 2694 desideria
1559 2645 1608 2694 tua
1630 2639 1766 2694 anhelent
1787 2639 1821 2694 ad
1844 2655 1933 2694 amo·
1979 2647 1980 2688 l

179 2729 362 2784 malefacere
378 2724 947 2798 posset.Quandovirginitasiusexillu
968 2724 1027 2779 lie-
1082 2742 1143 2781 rem
1161 2728 1220 2782 [lei.
1237 2726 1277 2781 Τιι
1298 2728 1532 2798 ergocunsidera
1553 2729 1602 2782 ubi
1626 2728 1662 2782 sit
1685 2728 1861 2799 prosperitas
1886 2731 1932 2783 ael
1979 2693 1980 2764 i

178 2817 223 2889 gis
237 2819 268 2872 in
281 2833 316 2872 eo
335 2821 496 2888 permanet,
512 2820 541 2869 el
555 2815 670 2885 qirando
685 2813 735 2868 alii
758 2814 788 2867 in
810 2818 895 2884 gustu
918 2812 1027 2884 peccati
1080 2814 1245 2871 adversitas.
1268 2815 1343 2870 Audi
1377 2831 1541 2872 mensuram
1574 2817 1701 2875 vallium.
1726 2817 1818 2872 Valles
1843 2818 1933 2873 inter·
1979 2841 1980 2876 1

177 2912 362 2962 revertuntur
376 2906 478 2960 amula
490 2902 651 2974 iniquitatis
667 2902 806 2957 mundum
816 2902 1025 2973 relinquentes,
1045 2917 1066 2974 c
1081 2904 1149 2959 darm
1165 2905 1258 2959 virent
1273 2907 1301 2958 et
1315 2905 1420 2959 florent
1434 2906 1469 2959 de
1489 2921 1554 2959 rore
1569 2905 1633 2960 coeli
1644 2911 1673 2960 et
1689 2906 1724 2960 de
1739 2907 1832 2960 calore
1846 2907 1930 2973 solis,
1979 2899 1980 2902 ’

178 2997 252 3067 qood
280 3000 372 3050 tollam
398 2995 429 3048 iu
450 2991 653 3063 splendoribus
676 2997 842 3045 sauctorum
868 2997 932 3045 est:
955 3005 1027 3061 quos
1078 3006 1111 3044 ac
1130 2990 1276 3045 interdum
1302 2996 1435 3047 arescunt
1460 2994 1489 3045 et
1514 2990 1651 3047 deficiunt
1678 2990 1708 3047 iu
1732 2991 1931 3047 vicissitudine
1979 3033 1980 3042 .

177 3085 297 3139 verbum
313 3084 361 3137 llei
376 3083 406 3136 in
419 3081 564 3136 volumtate
579 3081 669 3134 Patris
690 3080 730 3133 sic
751 3079 882 3150 protulit.
907 3079 941 3132 Et
960 3079 1026 3134 ideo
1079 3083 1293 3149 tempestatum.
1321 3079 1375 3135 Sed
1393 3084 1491 3134 tamen
1511 3080 1599 3134 valles
1616 3079 1696 3149 istas,
1723 3095 1786 3151 quae
1810 3085 1932 3150 propter
1979 3049 1980 3116 i

177 3174 212 3228 ad
237 3172 350 3226 turbam
374 3171 458 3223 istam
492 3170 522 3222 iu
548 3168 655 3239 Spiritu
686 3173 782 3222 sancto
812 3167 962 3222 manifeste
985 3168 1025 3222 sic
1079 3167 1272 3222 diversitatem
1310 3173 1513 3240 tempestatum
1546 3167 1702 3238 aliquando
1734 3168 1931 3238 pulchritudi-

177 3261 303 3317 dicitur:
320 3257 484 3316 Benedictio
501 3257 613 3312 Domini
635 3271 721 3326 super
735 3272 785 3310 vos
806 3256 836 3309 in
860 3255 1026 3326 splendori·
1078 3271 1144 3310 uem
1156 3271 1236 3310 snam
1253 3256 1388 3326 perdunt,
1404 3272 1463 3312 non
1488 3257 1580 3312 habeo
1594 3258 1713 3312 omnino
1735 3257 1766 3312 in
1782 3258 1832 3311 lali
1856 3258 1931 3313 obli-

177 3350 230 3405 bas
245 3357 419 3412 sanctorum,
443 3350 473 3400 et
486 3359 586 3398 omues
601 3344 653 3414 qai
674 3342 753 3399 vobis
777 3343 951 3398 benedicunt
972 3343 1020 3398 bc·
1077 3344 1174 3407 moue,
1190 3345 1271 3413 quasi
1287 3344 1391 3399 amodo
1406 3345 1436 3399 in
1452 3344 1664 3415 pulchritudine
1678 3361 1730 3400 suu
1751 3361 1809 3400 nou
1825 3360 1929 3400 resur-

177 3435 389 3493 nedictionibus
414 3434 591 3504 repleantur,
612 3437 641 3486 ct
662 3432 713 3502 qui
735 3429 814 3485 vobis
839 3431 1023 3500 maledicunt,
1078 3438 1156 3504 gant.
1182 3432 1226 3488 Sic
1249 3433 1336 3488 etiam
1361 3448 1418 3487 nun
1444 3431 1594 3487 obliviscar
1617 3432 1673 3488 loci
1699 3433 1784 3504 hujus
1808 3433 1839 3488 in
1869 3450 1931 3505 qno

176 3520 572 3592 benedictioabillisfussiat.
908 3575 917 3587 ,
1077 3524 1196 3589 tostas,
1219 3520 1286 3592 quia
1314 3521 1455 3592 sapientia
1477 3537 1537 3575 non
1560 3521 1668 3575 carebit
1690 3521 1720 3575 iu
1747 3537 1781 3575 eu
1805 3521 1930 3576 materia

431 3645 600 3702 EPISTOLA
619 3643 774 3699 CXXXVIII·
1077 3609 1244 3668 sanctitatis.
1261 3615 1293 3663 ut
1306 3610 1367 3680 ipse
1384 3611 1510 3680 primum
1534 3610 1563 3664 in
1587 3609 1758 3664 rectitudine
1773 3611 1925 3681 processit,
1979 3663 1980 3670 ,

1076 3697 1117 3752 Τιι
1131 3703 1228 3753 alitem
1243 3703 1304 3752 estu
1319 3697 1445 3753 lucidum
1462 3699 1536 3752 ovile
1556 3698 1586 3752 in
1606 3698 1734 3765 victoria,
1750 3700 1925 3753 conculcans

1077 3786 1155 3854 vilia,
1187 3802 1250 3858 qllae
1282 3787 1313 3840 in
1338 3786 1470 3858 inquieto
1492 3791 1622 3857 tempore
1646 3787 1811 3841 concutiunt
1831 3791 1875 3852 te;
1898 3793 1927 3843 et

175 3859 383 3918 calumme
400 3858 510 3922 ⁰⁶⁶⁰&
527 3854 578 3928 fui
599 3853 845 3926 WWW'W
859 3853 1022 3927 θΡΡΤῡΜί*
1076 3874 1293 3942 nonerubesce,
1312 3875 1389 3946 quod
1415 3881 1443 3928 te
1466 3879 1585 3946 propter
1605 3876 1787 3946 malaopera
1808 3881 1858 3930 tua
1879 3891 1927 3931 ac·
1979 3871 1980 3878 '

210 3953 238 4005 ef
250 3947 406 4006 calumniis
419 3961 544 4002 onerare
563 3959 621 4044 'lfm
643 3942 785 4042 l-'embssh
808 3942 959 4042 ⁰⁰⁰⁰{l'0720
976 3942 1021 3998 ²¹²⁸·
1076 3977 1166 4026 cusas,
1181 3962 1317 4033 quoniam
1335 3965 1407 4017 Deus
1420 3964 1518 4017 omnia
1540 3962 1662 4018 vulnera
1683 3963 1767 4036 ungit
1790 3968 1819 4019 et
1836 3965 1927 4036 tergit

209 4037 327 4093 ⁸⁶⁰7&ss
362 4052 424 4108 9¹¹ae
457 4035 552 4106 ΨΜ
579 4035 657 4088 ’⁷²¹⁸'
682 4032 710 4085 ⁰²
731 4047 858 4103 wem
883 4034 1023 4086 ''fimes'‘
1075 4052 1105 4106 in
1128 4051 1305 4122 poeuitcntia.
1332 4051 1386 4107 Sed
1420 4057 1517 4106 tamen
1550 4051 1648 4107 virens
1680 4053 1781 4108 oculus
1810 4055 1924 4109 notavit

208 4129 298 4182 maf-
1074 4139 1252 4213 praeteritam
1267 4155 1381 4194 causam
1396 4139 1426 4194 in
1442 4139 1540 4195 dolore
1558 4140 1607 4194 illo
1623 4155 1680 4212 quo
1694 4144 1725 4194 tu
1744 4145 1926 4197 commotum

210 4233 339 4288 llorninrn
374 4232 539 4286 llruoeaaaur
565 4232 602 4285 ad
637 4229 856 4284 aedificationem
891 4226 1020 4283 Ecclesiae
1040 4219 1109 4282 Des
1123 4227 1153 4282 in
1176 4227 1356 4282 contumacia
1377 4227 1558 4298 superiorum
1584 4228 1769 4300 prelatorum
1793 4233 1924 4298 taurum,

175 4321 312 4378 divinitus
329 4321 437 4388 electae,
458 4319 664 4373 manachorum
689 4335 760 4389 grex
778 4332 889 4390 pauper
914 4323 943 4371 et
965 4332 1020 4388 pu·
1076 4318 1145 4389 quia
1164 4316 1284 4371 dulcedo
1317 4316 1462 4385 ungentis,
1488 4317 1587 4371 matris
1620 4315 1728 4372 scilicet
1762 4317 1923 4372 miscricor-

174 4411 255 4467 sillus
281 4411 311 4464 in
341 4407 506 4478 llirsaugia,
533 4407 574 4462 sic
602 4408 698 4463 diviua
731 4406 837 4480 pietate
869 4405 1018 4472 adornari,
1075 4405 1145 4472 dim,
1171 4405 1314 4459 subtracta
1342 4405 1396 4460 fuit
1423 4420 1441 4459 a
1467 4404 1639 4477 quibusdam
1672 4405 1772 4460 ovibus
1802 4405 1861 4461 tuis
1895 4407 1926 4461 in

175 4506 206 4556 ut
232 4499 346 4554 noverit
373 4497 498 4552 humiles
530 4495 634 4551 Christi
668 4495 697 4549 in
729 4494 915 4550 tribulatione
948 4509 1021 4548 con·
1074 4494 1159 4566 culpa
1169 4494 1341 4564 jacentibus,
1362 4510 1427 4565 quae
1444 4509 1501 4550 nou
1523 4497 1599 4549 recle
1622 4494 1784 4565 dijudicatae
1806 4500 1873 4549 sunt
1893 4495 1924 4551 in

173 4588 269 4643 solari.
1075 4599 1160 4655 poena
1189 4597 1275 4654 quam
1302 4583 1466 4638 hahuerunt
1489 4583 1519 4638 in
1542 4582 1710 4654 paenitentia
1734 4598 1795 4637 suu.
1819 4583 1925 4638 lucon-

210 4675 361 4732 Benedicte
385 4673 479 4744 gloria
512 4672 635 4741 flumini,
659 4689 725 4744 quae
752 4672 788 4727 de
810 4673 920 4727 excelso
949 4671 1020 4727 solio
1075 4687 1147 4742 grue
1170 4671 1247 4725 euim
1274 4671 1371 4742 pluvia
1393 4669 1460 4725 facit
1487 4676 1594 4726 terram
1620 4670 1740 4726 aridam.
1764 4670 1810 4726 Sic
1836 4671 1925 4726 homo

172 4781 225 4821 siau
252 4763 379 4819 mirabili
405 4767 433 4818 et
460 4762 597 4816 inusitato
631 4761 733 4815 ordine
755 4760 915 4833 prospexit,
949 4759 1019 4815 darm
1075 4761 1124 4832 qui
1143 4759 1348 4832 peccaverit,si
1364 4759 1635 4815 nonhabuitillum
1654 4761 1704 4832 qui
1730 4777 1796 4817 eum
1820 4766 1922 4832 ungat,

172 4858 284 4908 tantum
298 4852 395 4906 lumen
411 4849 511 4920 gratita
527 4864 586 4902 suae
602 4847 711 4902 mundo
727 4863 780 4919 per
793 4863 842 4901 ros
856 4849 1019 4902 illucescere
1073 4849 1206 4921 protinus
1232 4848 1264 4902 in
1294 4847 1521 4918 desperationem
1554 4849 1629 4920 fugit
1654 4855 1681 4904 et
1712 4850 1922 4924 arescit„quo·

171 4941 273 4996 soluit.
295 4939 364 4995 lade
386 4953 487 4993 omnes
508 4936 639 4991 Ecclesia
663 4935 716 4990 filii
738 4936 946 5007 jocundantur;
969 4935 1019 4990 sed
1075 4938 1152 4992 niam
1176 4937 1256 4992 nullu
1277 4935 1418 4991 medicina
1446 4937 1597 4992 exhibetur
1619 4937 1646 4993 ei
1664 4937 1820 4994 secundum
1844 4938 1922 5009 quod

171 5031 317 5102 precipue
330 5044 382 5083 nos
396 5027 446 5098 qui
461 5025 618 5098 spiritualis
639 5041 714 5082 nova
735 5024 932 5080 exsultationis
956 5025 1019 5079 luce
1074 5027 1134 5098 ipse
1160 5025 1303 5081 sustinere
1328 5030 1431 5097 potest.
1454 5026 1546 5092 Nunc,
1571 5026 1651 5082 chari
1672 5026 1734 5094 filii,
1754 5025 1850 5082 audite
1875 5041 1923 5081 vo-

171 5119 384 5191 perfondimur,
416 5116 486 5172 dum
516 5115 547 5171 iu
572 5131 696 5171 moerore
718 5130 805 5186 quem
829 5131 882 5186 pro
907 5112 1018 5169 defectu
1074 5130 1137 5169 cem
1163 5114 1285 5169 viventis
1324 5114 1404 5169 lucis.
1440 5113 1655 5185 apprehendite
1694 5113 1921 5171 nrisericordiam

171 5207 263 5263 nostri
293 5206 402 5263 ordinis
429 5206 596 5270 toleramus,
622 5203 721 5259 divina
743 5204 940 5258 consolatione
966 5217 1019 5274 per
1074 5219 1138 5275 quus
1169 5218 1228 5258 uon
1253 5207 1296 5256 est
1318 5202 1400 5258 vobis
1421 5209 1497 5271 ortu,
1523 5204 1572 5260 sed
1594 5219 1659 5276 qum
1681 5219 1716 5258 ex
1745 5203 1802 5259 Deo
1831 5203 1919 5272 uenit,

171 5312 222 5353 sos
235 5295 374 5352 laetificari
387 5310 545 5366 speramus.
558 5294 627 5359 Quae
640 5293 729 5366 igitur
746 5293 804 5347 sint
822 5308 887 5365 qum
906 5307 1019 5348 summa
1074 5297 1103 5348 et
1115 5293 1180 5347 ideo
1200 5308 1258 5347 non
1274 5292 1430 5348 abstrahite
1458 5308 1522 5348 eam
1546 5292 1581 5348 ab
1605 5293 1663 5349 illis
1683 5293 1788 5365 quibus
1810 5293 1922 5364 impen-

171 5385 254 5442 nobis
289 5383 483 5441 sollicitudine
506 5383 631 5457 pariant,
654 5398 718 5453 quie
744 5380 867 5436 maxime
892 5386 1018 5437 mentem
1071 5380 1162 5436 denda
1178 5384 1229 5435 est.
1246 5381 1392 5436 lletrahite
1406 5396 1475 5453 ergo
1489 5381 1555 5437 illos
1576 5383 1612 5439 sd
1634 5383 1788 5438 sanitatem
1807 5381 1916 5437 anima-

171 5480 300 5530 nostram
333 5472 526 5540 remordeant,
570 5472 668 5544 paucis
707 5469 935 5526 animadvertite.
961 5471 1018 5525 lleo
1073 5484 1137 5524 rum
1152 5484 1279 5526 suarum.

1083 2252 1171 2306 Dmru
1190 2265 1287 2306 eorum
1311 2267 1368 2306 non
1391 2250 1532 2315 obliuisci,
1557 2249 1753 2306 iuratumrnodo
1774 2247 1846 2305 uitia
1870 2267 1935 2304 con·

1265 2338 1379 2393 culeeal
1392 2341 1420 2393 et
1431 2337 1633 2411 penitentium
1646 2339 1746 2410 upnnl.

252 3768 437 3811 NONACHORU!
456 3764 673 3806 nlnsauasrtswtl
692 3765 727 3802 an
747 3764 945 3803 altumaltum.
