3984 6034
65 238 122 287 ortt
729 232 975 288 Stlil'les-llll.
996 231 1045 300 ΙΙΙ,
1066 230 1155 285 Vlsm
1178 230 1207 284 l'.
1774 233 1824 284 ott

64 361 196 418 vindicta
221 361 387 420 iullesibilis
416 361 586 436 iniquitatis,
611 379 663 420 uec
683 363 771 420 ullam
802 361 917 418 medici·
938 369 961 420 A
976 360 1087 418 duabus
1110 360 1202 418 causis
1225 361 1312 418 bmeo
1336 377 1421 418 umus
1442 377 1528 433 opero
1554 377 1625 418 mue.
1651 363 1822 430 Quomodo?

64 465 138 504 nam
153 449 353 519 desiderantis,
369 457 469 522 aperte
482 467 603 522 surgens
622 451 767 506 insinuato
784 450 920 523 mysterio
975 451 1046 505 Cum
1062 451 1172 506 bonum
1187 465 1257 522 opus
1277 447 1360 516 lucio,
1386 465 1487 506 vereor
1510 450 1582 505 illud
1603 467 1662 506 nou
1682 467 1742 506 esse
1757 468 1823 524 per·

64 539 155 594 Verbi
178 540 228 594 uei
248 556 303 612 per
321 539 428 611 llguras
449 546 478 595 et
498 556 551 612 per
571 556 673 595 sonum
694 539 920 610 patriarcharum
974 539 1079 594 lectum
1095 554 1192 592 coram
1207 539 1274 604 lieo,
1298 537 1363 610 quie
1386 537 1456 592 illud
1475 539 1626 610 perspicue
1651 555 1710 594 nou
1735 539 1824 610 inspi-

63 634 97 682 et
130 629 351 700 prophetarum.
381 627 411 682 in
435 627 693 700 significationibus
720 643 823 684 eorum
845 643 921 699 pra·
975 627 1019 682 cio
1041 628 1088 682 sed
1114 627 1232 682 obscura
1253 627 1336 700 quasi
1360 626 1389 682 in
1413 629 1550 699 speculo:
1570 628 1727 699 aliquando
1751 627 1822 683 illud

64 713 207 769 nuntiati.
228 713 273 770 Sic
287 719 317 770 et
333 714 411 771 zelus
426 716 487 783 ejus
505 714 536 771 in
557 715 651 770 lorma
673 716 786 772 ridetur
803 717 918 788 capitis:
974 732 1148 788 cognosceus
1168 715 1199 772 in
1214 715 1326 788 spiritu,
1344 715 1499 786 aliqnando
1522 715 1607 770 otium
1630 715 1767 786 ignoraus
1788 719 1822 771 ab

66 802 210 872 quoniam
243 817 330 874 super
360 818 477 858 omnem
501 803 635 858 timorem
662 805 795 876 cognitus
824 808 868 858 est
890 803 920 858 in
975 821 1062 860 onera
1084 803 1212 876 eorporis
1232 803 1296 858 mei.
1322 804 1426 859 blattam
1449 809 1635 875 autenropus
1653 820 1719 859 cnm
1741 805 1821 862 lucio.

65 890 222 946 severitate
236 889 354 946 ultionis
369 906 440 956 sune,
457 895 489 945 ut
505 891 593 946 homo
611 891 640 946 in
654 891 726 948 lacte
746 907 798 947 soa
812 907 919 963 cogno·
975 909 1039 948 snm
1059 893 1088 948 lu
1109 892 1276 948 contusione
1301 908 1353 964 per
1378 891 1581 947 conscientiam
1615 891 1733 962 spiritus
1755 895 1822 958 mei,

65 979 169 1046 scitur,
203 979 340 1052 ardetque
378 983 478 1035 contra
516 979 769 1051 septentrionalem
808 985 920 1052 partem
975 981 1113 1054 quonium
1130 982 1160 1036 iu
1175 981 1304 1036 interiori
1325 981 1470 1036 intellectu
1488 995 1629 1052 cognosco
1652 981 1728 1052 quod
1751 981 1824 1034 Deris

65 1067 141 1138 quia
161 1066 267 1138 ipsein
289 1069 348 1123 lleo
361 1067 557 1123 velocissimus
576 1073 605 1123 et
619 1084 684 1124 acer
704 1069 808 1124 occidit
822 1069 922 1125 diabo·
976 1086 1035 1126 non
1057 1076 1154 1142 parcet
1169 1070 1318 1126 scientiam
1342 1069 1514 1124 habentibus
1536 1070 1566 1124 in
1589 1070 1720 1140 peccatis,
1747 1071 1824 1140 quod
1848 1073 1850 1078 ’

64 1157 132 1211 Ιιιιιι
157 1161 185 1210 et
208 1172 293 1212 omne
316 1156 437 1225 metum,
459 1172 524 1213 cum
540 1157 627 1212 etiam
643 1158 673 1212 iu
688 1158 832 1214 Abraham
847 1163 875 1212 et
891 1158 920 1213 in
976 1165 1018 1215 est
1031 1160 1145 1232 quando
1167 1159 1253 1214 bomo
1274 1159 1420 1230 intelligit,
1437 1159 1505 1230 quid
1527 1159 1556 1212 iu
1576 1173 1662 1229 opere
1686 1175 1737 1212 sno
1755 1175 1824 1212 con-

65 1243 146 1298 Mose
170 1244 234 1299 dure
254 1250 352 1317 partes
374 1245 551 1302 defensionis
573 1247 765 1318 operantium,
787 1248 921 1320 specula·
976 1250 1098 1304 trarium
1113 1248 1150 1302 sit
1164 1248 1232 1317 lieo,
1248 1249 1295 1302 sad
1307 1264 1373 1302 eum
1386 1247 1637 1319 oportetpurgari,
1653 1249 1697 1303 rel
1715 1248 1824 1302 rrltioue

65 1331 127 1386 tiva
142 1333 247 1388 scilicet
267 1333 387 1390 scientia
406 1335 529 1390 duarum
554 1336 679 1407 optionis
702 1351 865 1405 causarum,
890 1337 919 1392 id
975 1336 1006 1391 in
1020 1352 1149 1410 corpore,
1172 1339 1216 1394 sel
1232 1353 1315 1409 poena
1332 1337 1510 1408 paenitentia
1534 1337 1576 1391 rel
1591 1353 1677 1408 poena
1698 1340 1823 1394 tormen-

65 1425 112 1474 est
133 1421 257 1476 duarum
280 1422 391 1478 riarum
415 1423 483 1478 boni
502 1422 612 1478 scilicet
629 1429 658 1479 et
681 1424 761 1493 mali,
785 1429 814 1480 ct
829 1442 921 1496 genus
974 1431 1070 1482 torum
1087 1427 1117 1481 in
1139 1426 1194 1481 elia
1208 1427 1274 1482 rita.
1292 1427 1324 1482 m
1339 1425 1404 1480 idco
1418 1441 1475 1480 uon
1491 1425 1580 1496 parcit
1599 1425 1780 1496 delinquenti
1801 1425 1824 1480 si

66 1510 230 1564 llumanum
255 1511 285 1565 in
306 1527 393 1583 opere
419 1511 468 1568 Dei
491 1512 681 1584 conjungunt,
701 1513 839 1586 quoniam
859 1515 920 1568 lor·
975 1529 1042 1570 eum
1064 1529 1123 1570 non
1144 1514 1278 1586 poenitet3
1296 1514 1438 1586 quianon
1460 1513 1544 1569 detur
1568 1513 1594 1568 ei
1613 1519 1739 1585 potestas
1759 1529 1822 1586 pec-

67 1597 180 1654 tissime
202 1598 339 1654 adversus
359 1599 507 1655 diabolum
528 1600 558 1655 in
579 1601 698 1656 seientia
723 1602 835 1658 boniet
852 1603 920 1657 mali
974 1601 1059 1658 candi
1083 1607 1115 1658 ut
1136 1604 1243 1672 peccet,
1260 1601 1306 1656 sed
1331 1615 1397 1656 eum
1419 1604 1532 1671 oportet
1553 1601 1685 1672 castigari
1707 1607 1758 1656 aut
1779 1601 1823 1656 bic

66 1686 155 1742 debet
179 1689 268 1742 tremo
292 1688 406 1758 operari
421 1688 452 1743 in
476 1689 610 1744 omnibns
628 1689 720 1744 causis
735 1707 788 1762 per
807 1690 921 1746 bouita·
942 1669 1026 1745 Bant
1050 1689 1116 1745 illic.
1138 1688 1320 1761 Quapropter
1345 1689 1369 1743 si
1393 1689 1432 1743 sic
1456 1688 1564 1760 impius
1583 1705 1657 1758 sum,
1679 1689 1822 1762 taetreque

66 1779 128 1830 tem
160 1777 260 1830 Patris.
294 1775 566 1833 Praeraricationem
594 1781 690 1833 autem
722 1793 786 1850 quse
815 1777 849 1833 lit
870 1793 921 1849 per
976 1779 1173 1835 obdurationis
1187 1783 1219 1834 ut
1236 1777 1270 1834 ad
1291 1779 1346 1834 boe
1360 1793 1420 1832 nou
1436 1778 1521 1832 selim
1539 1777 1646 1833 molliri
1662 1794 1724 1848 quie
1739 1778 1822 1834 dccli-

66 1863 274 1934 speculativam
300 1865 449 1920 scientium
470 1866 500 1922 in
515 1867 650 1939 operibus
675 1867 827 1921 bominum
845 1882 920 1938 prae·
975 1883 1040 1922 nem
1058 1883 1074 1922 a
1092 1865 1218 1939 propriis
1239 1865 1324 1921 rebus
1340 1865 1410 1920 meis
1430 1881 1494 1938 quae
1518 1869 1585 1920 sunt
1607 1868 1723 1935 peccata
1748 1879 1821 1931 mea,

65 1959 152 2023 cepta
181 1953 231 2008 bei
263 1954 539 2024 transgredientium
574 1955 722 2010 ulciscitur
756 1954 834 2011 zelus
865 1954 918 2010 llo-
975 1956 1014 2010 ita
1034 1951 1822 2026 utnonaspiciaminmaguumcertamenilludmibi·

65 2040 152 2109 mini,
171 2041 219 2097 ubi
245 2041 399 2098 locusuon
418 2050 461 2098 est
484 2042 682 2114 indulgentie.
707 2043 760 2098 Ubi
780 2048 823 2098 est
841 2043 921 2099 boo?
973 2044 1030 2116 ipsi
1054 2058 1229 2116 repugnem,
1255 2042 1332 2114 quod
1361 2057 1414 2112 ego
1439 2042 1469 2096 iu
1489 2041 1644 2112 fragilitate
1668 2057 1742 2106 sum,
1773 2039 1822 2094 sed

65 2131 111 2184 lbi
127 2129 261 2186 videlicet
279 2130 329 2185 nbi
352 2147 404 2186 nec
423 2137 466 2187 est
480 2133 568 2188 timor
582 2132 708 2201 Domini,
729 2147 782 2186 nec
795 2131 921 2188 hominis
974 2133 1050 2204 quod
1075 2133 1132 2188 Deo
1158 2147 1271 2203 semper
1289 2130 1449 2186 contrarius
1468 2130 1559 2186 existo
1583 2129 1614 2185 in
1630 2129 1705 2184 notis
1732 2129 1823 2183 causis

65 2220 99 2273 in
114 2219 265 2287 agnitione
286 2220 348 2276 Dei.
373 2223 407 2276 Et
421 2220 477 2276 tale
501 2237 552 2276 cor
565 2221 642 2293 qnod
660 2221 702 2277 ita
722 2221 753 2276 in
768 2220 851 2276 sorde
864 2219 919 2275 ini·
975 2220 1148 2292 meis,'quis
1169 2224 1325 2292 conceptus
1348 2235 1411 2274 sum
1437 2218 1469 2274 iu
1493 2217 1616 2291 peccatis
1643 2233 1757 2290 semper
1779 2232 1824 2272 cu·

64 2309 188 2380 quitatis
209 2309 382 2365 obduratum
402 2314 431 2366 et
449 2316 614 2366 emortuum
636 2315 688 2377 est,
709 2310 787 2382 quod
803 2324 855 2365 nee
868 2325 920 2363 re·
973 2311 1057 2381 piens
1078 2307 1192 2382 operari
1215 2307 1409 2379 iniquitatem,
1435 2322 1488 2362 nee
1511 2310 1642 2362 uretncns
1658 2305 1783 2377 judicari
1807 2323 1823 2360 a

65 2402 151 2451 retur
166 2397 309 2469 judicium
325 2397 385 2466 Dei,
411 2413 464 2452 neo
477 2398 588 2453 ursitum
608 2397 735 2452 bominis
751 2414 757 2453 :
774 2397 829 2452 boc
842 2397 919 2469 justo
975 2398 1111 2466 Domino;
1127 2413 1217 2470 quare
1233 2402 1301 2452 tune
1315 2396 1339 2450 si
1361 2395 1531 2451 constrictus
1545 2411 1608 2450 sum
1624 2394 1655 2450 iu
1675 2399 1733 2450 tam
1748 2410 1823 2450 rano

63 2485 176 2556 judicio
201 2486 352 2542 conlundit
372 2491 401 2542 et
423 2485 559 2558 deprimit
579 2486 688 2542 ultione
702 2501 754 2541 sua
773 2487 850 2542 zelus
864 2487 919 2542 Ilo·
973 2486 1070 2542 labore
1086 2486 1163 2558 qnod
1175 2485 1339 2556 frequenter
1353 2499 1419 2538 cum
1430 2482 1548 2538 scientia
1564 2499 1621 2555 qne
1635 2483 1726 2538 Deum
1741 2498 1824 2556 agno-

70 2573 146 2629 mini
160 2574 190 2628 in
204 2575 267 2646 lege
281 2575 341 2630 Dei.
358 2575 529 2641 Quomodo?
973 2591 1030 2644 sco,
1056 2575 1086 2630 iu
1114 2573 1223 2646 meipso
1249 2571 1394 2644 iniquitati
1424 2571 1604 2628 contradico?
1632 2571 1693 2628 Non
1726 2577 1821 2627 autem

105 2665 173 2717 Post
194 2664 382 2719 constitutum
403 2667 580 2736 praeceptum
600 2663 650 2718 ubi
666 2663 698 2717 lit
720 2663 917 2735 praevaricatio
974 2670 1034 2719 tam
1055 2663 1199 2735 impotens
1223 2677 1287 2717 sum
1311 2666 1343 2716 ut
1357 2661 1489 2733 ignorem
1516 2662 1625 2717 bonum
1650 2665 1679 2716 et
1702 2661 1820 2716 malum.

69 2751 146 2821 legis
159 2757 203 2806 est
216 2752 294 2807 zelus
310 2751 361 2819 qui
380 2751 522 2807 abstrahit
542 2751 712 2823 injustitiam
732 2767 798 2806 eum
820 2752 916 2807 rectis·
975 2753 1055 2809 Unde
1070 2753 1093 2807 si
1114 2749 1326 2818 intelligibilem
1349 2765 1465 2804 sensum
1480 2766 1496 2804 a
1513 2765 1560 2804 me
1585 2749 1695 2820 repello
1716 2748 1755 2803 sio
1776 2749 1822 2802 di-

66 2841 142 2894 simo
154 2840 274 2912 judicio,
288 2839 351 2912 ipsa
375 2841 515 2910 injustitia
535 2840 723 2896 abstractam
742 2840 837 2896 Veteri
855 2841 919 2895 Tes—
973 2856 1058 2896 cens:
1074 2842 1176 2912 ignoro
1197 2839 1299 2908 Deum,
1315 2836 1438 2893 mendax
1453 2853 1527 2900 sum.
1543 2837 1611 2909 quia
1625 2835 1687 2908 ipsa
1705 2836 1822 2892 scientia

67 2933 198 2984 tomento
223 2946 288 2985 cnm
322 2930 488 2985 austeritate
517 2929 696 3001 repensionis
718 2930 749 2985 in
777 2929 917 2985 exteriore
937 2949 957 3004 ρ
974 2929 1069 3000 urgelit
1092 2944 1138 2984 me
1157 2925 1424 3000 reprehensibilem,
1440 2926 1517 2998 quod
1541 2925 1654 2981 debitor
1673 2941 1737 2980 sum
1753 2927 1821 2990 Deo,

66 3017 210 3074 homine:
231 3034 296 3074 cum
322 3017 510 3091 transgressio
531 3019 605 3089 legis
626 3019 815 3090 corporaliter
837 3019 919 3074 ulcis·
973 3035 1038 3074 cum
1054 3017 1161 3089 incipio
1182 3015 1364 3089 iniquitatem
1388 3014 1510 3087 operari.
1528 3013 1581 3070 Sed
1596 3030 1654 3069 nou
1669 3014 1699 3069 in
1714 3029 1819 3068 raunm

67 3106 188 3162 uebatur
206 3107 325 3180 inipso,
350 3112 459 3180 etpost
474 3108 597 3180 gratiam
621 3107 767 3180 Evangelii
782 3113 826 3164 est
841 3109 919 3164 idem
973 3106 1083 3174 laboro,
1106 3121 1171 3160 oum
1190 3105 1221 3160 in
1243 3105 1319 3160 bona
1347 3103 1518 3158 couscientia
1542 3103 1708 3158 contradico
1733 3102 1820 3171 malo,

68 3197 148 3250 zelus
163 3212 217 3268 per
230 3196 441 3268 poenitentiam,
452 3201 538 3269 atque
553 3202 753 3268 postmortem
766 3196 876 3253 bomini
890 3214 918 3252 ru
973 3195 1112 3268 quoniam
1127 3211 1199 3266 opus
1224 3193 1274 3248 Dei
1296 3209 1379 3260 sum;
1407 3191 1482 3247 uude
1504 3195 1533 3246 et
1556 3207 1601 3245 ma
1628 3193 1762 3246 converto
1783 3192 1817 3244 ed

69 3289 113 3338 ost
134 3284 196 3356 ipse
210 3301 264 3358 per
278 3301 376 3358 poenas
390 3288 419 3341 ot
440 3302 492 3358 per
515 3288 659 3342 tormenta
675 3286 825 3358 gehennae,
850 3286 919 3358 quia
973 3286 1079 3357 ipsum,
1095 3299 1128 3338 ex
1143 3283 1197 3338 boc
1211 3283 1314 3337 bonam
1330 3281 1492 3336 mercedem
1507 3279 1658 3352 recipiens.

68 3373 238 3444 iniquitates
267 3374 421 3430 bominum
445 3379 649 3447 concepisset
677 3376 802 3447 prolatas
831 3379 918 3446 atque
1009 3373 1177 3444 ltaqueego
1194 3367 1635 3437 Dominusumuiumtestillcor,
1652 3367 1819 3439 quiaopor-

68 3467 216 3517 contortas
229 3462 260 3518 in
281 3463 476 3536 operantibus,
499 3463 539 3520 ita
554 3462 687 3519 examino
709 3463 786 3535 quod
811 3480 859 3519 eas
874 3463 917 3518 ul·
972 3465 1015 3516 tet
1028 3460 1176 3516 bominem
1199 3475 1264 3515 eum
1288 3458 1385 3514 dolore
1407 3456 1542 3529 gemitus,
1562 3461 1611 3511 eut
1626 3473 1691 3511 cum
1714 3453 1820 3510 contri·

68 3550 163 3606 eiscor
187 3555 236 3606 ant
255 3552 442 3623 corporaliter
460 3552 492 3608 in
515 3567 638 3624 corpore
661 3551 796 3621 bominis,
819 3557 869 3607 aut
888 3554 917 3608 in
973 3551 1052 3606 tione
1067 3547 1254 3622 poenitentiae,
1270 3563 1322 3602 seu
1335 3562 1400 3601 cum
1417 3545 1504 3618 digna
1518 3545 1627 3600 ultione
1642 3547 1757 3616 peccata
1771 3557 1822 3598 sue

68 3657 155 3712 perna
175 3640 265 3696 iuturi
289 3641 395 3709 saeculi,
421 3646 471 3697 sut
491 3640 553 3713 ipse
581 3641 670 3696 bomo
695 3640 832 3713 purgabit
855 3641 918 3696 illus
971 3638 1092 3707 diluere,
1109 3636 1211 3693 sivein
1225 3635 1280 3690 boc
1294 3635 1397 3690 seculo
1421 3632 1479 3687 sive
1493 3632 1523 3687 in
1538 3633 1644 3700 loturo,
1665 3637 1696 3686 ut
1711 3630 1820 3686 dictum

68 3745 121 3800 per
145 3729 343 3799 peonitentiam
375 3730 554 3787 remissionis
587 3730 684 3786 eirene
710 3730 741 3785 in
767 3729 863 3786 anime
891 3735 919 3785 et
973 3731 1027 3783 est.
1049 3725 1220 3792 Quomodo?
1242 3722 1298 3790 Qui
1315 3725 1434 3796 peccant
1456 3737 1521 3777 cum
1540 3719 1645 3776 timore
1669 3723 1699 3774 et
1720 3718 1820 3774 dolore

68 3832 203 3889 corpore,
225 3834 291 3874 cum
323 3819 430 3892 quibus
451 3819 538 3875 etiam
573 3823 708 3892 operatus
733 3823 776 3875 eet
804 3835 861 3887 ees,
887 3824 919 3875 ut
971 3816 1150 3889 poenitentiae
1184 3819 1344 3870 metuentes
1364 3817 1479 3884 peccota
1503 3827 1564 3878 sus,
1599 3813 1747 3865 merentur
1770 3825 1821 3880 per

69 3906 137 3961 dicit
154 3905 184 3961 in
208 3907 311 3979 spiritu
341 3923 405 3962 meo
430 3923 528 3964 servus
551 3923 633 3963 meus
662 3907 715 3963 lob
738 3923 745 3962 :
769 3909 918 3964 committo
973 3906 1094 3979 gretiam
1112 3897 1686 3976 Qeiquodsaepesurguntacommissis
1708 3897 1766 3952 suis
1791 3897 1820 3951 in

68 3992 177 4062 sociem
202 3999 351 4064 meamet
377 3996 475 4052 dolore
493 3999 638 4069 torqueor.
665 3996 791 4052 Verebar
819 3998 918 4052 omniu
971 3995 1144 4068 purgatione
1168 4007 1290 4060 eorum;
1311 4008 1375 4046 cum
1399 3996 1496 4044 tamen
1526 4006 1589 4044 eam
1617 3986 1820 4060 purgationem

69 4099 157 4156 opero
169 4099 244 4152 meo,
263 4085 358 4141 sciens
373 4085 448 4156 quod
460 4102 518 4142 uon
529 4101 666 4158 parceres
684 4082 871 4156 delinquenti.
888 4082 919 4140 Ss'
972 4083 1085 4155 plenius
1100 4099 1159 4138 non
1175 4079 1326 4136 inueniunt
1339 4081 1367 4134 in
1388 4080 1444 4133 boc
1457 4077 1572 4145 seculo,
1588 4075 1738 4132 inveniunt
1757 4089 1821 4129 eam
1913 4077 1916 4086 ¹

67 4175 165 4228 nutem
175 4171 252 4229 etsie
261 4173 451 4247 impiussum,
461 4174 674 4246 quoresrustra
683 4171 837 4230 laborati?
850 4173 918 4243 (dot
971 4173 1002 4227 in
1018 4172 1114 4228 loturo
1129 4169 1278 4227 advitam.
1299 4167 1354 4233 Qui
1370 4181 1436 4222 reru
1452 4171 1519 4222 sunt
1542 4171 1621 4220 tanta
1636 4162 1744 4220 duritia
1757 4178 1819 4217 cor-

70 4263 124 4332 tx.)
142 4262 199 4318 lioc
217 4263 274 4317 tale
292 4263 536 4318 contumuletur
561 4268 707 4335 aspectum
734 4278 830 4317 meum
848 4261 919 4316 inte·
939 4246 1028 4331 Deis,
1044 4267 1074 4316 ut
1091 4276 1143 4316 nec
1163 4258 1335 4324 desiderent,
1362 4271 1414 4312 nec
1429 4256 1518 4311 relint
1532 4254 1604 4310 scire
1623 4253 1654 4309 in
1667 4253 1771 4307 timore
1792 4256 1820 4305 et

69 4351 186 4406 riorem.
205 4350 377 4416 Quomodo?
403 4353 532 4408 Evertam
556 4352 662 4406 scilicet
684 4352 738 4406 boe
760 4351 917 4422 quodsum
970 4350 1071 4406 dolore
1092 4347 1270 4420 poenitentiae
1299 4350 1414 4417 peccata
1443 4361 1506 4415 sua,
1525 4343 1555 4398 in
1585 4347 1663 4397 tanta
1691 4341 1820 4413 nequitia

69 4438 215 4494 mutabilis
230 4445 259 4496 et
272 4440 417 4496 inundans
431 4441 461 4496 in
473 4440 614 4514 sanguine
625 4455 764 4495 venarum
776 4455 916 4508 mearum,
971 4441 1133 4510 permanet,
1154 4435 1235 4510 quasi
1259 4450 1317 4490 non
1332 4433 1369 4489 sit
1393 4433 1434 4488 eis
1454 4434 1528 4488 Dens
1548 4430 1578 4485 iu
1593 4431 1696 4488 timore
1712 4429 1818 4484 haben-

70 4528 179 4583 babcns
203 4527 233 4582 iu
258 4543 303 4583 me
327 4529 484 4601 aliquando
508 4528 739 4596 delectationem,
763 4529 918 4602 aliquando
972 4526 1025 4580 dus
1040 4542 1046 4582 :
1062 4525 1091 4581 hi
1107 4539 1164 4580 nou
1180 4527 1393 4595 consequentur
1416 4519 1616 4594 purgationem
1637 4521 1818 4591 peccatorum

69 4618 155 4673 etiam
176 4616 355 4673 iracundiam
378 4623 407 4674 et
426 4617 583 4691 aliquando
606 4622 802 4674 conterentem
825 4617 918 4673 tristi·
971 4630 1025 4670 nec
1038 4613 1069 4670 in
1084 4613 1208 4668 bacrita
1229 4627 1282 4667 nec
1303 4603 1334 4667 iu
1357 4611 1465 4677 lutura,
1481 4609 1531 4665 sed
1554 4607 1702 4664 habebunt
1720 4621 1820 4678 poenas

69 4706 148 4774 tiam,
164 4706 286 4777 quodiu
302 4723 347 4762 me
369 4707 475 4780 espicio
490 4705 699 4780 quasiridesm
722 4705 918 4762 delectabilem
972 4704 1035 4758 sine
1059 4700 1254 4758 consolatione
1286 4699 1466 4772 purgationis
1498 4698 1534 4753 ad
1555 4697 1660 4764 sitam;
1689 4695 1757 4766 quia
1784 4695 1818 4748 de

69 4794 170 4850 taciem
186 4809 250 4851 cum
270 4794 326 4850 boc
339 4795 435 4868 ipsum
459 4797 582 4852 libenter
603 4795 781 4869 perficerem.
800 4797 831 4851 m
847 4795 918 4851 illud
972 4789 1164 4848 rationalitate
1190 4805 1242 4844 suo
1256 4791 1286 4844 ut
1309 4789 1397 4844 creati
1421 4791 1487 4844 sunt
1511 4801 1562 4858 per
1584 4802 1639 4852 me,
1665 4784 1820 4838 noluerunt

69 4882 187 4937 mutabo
200 4889 301 4939 contra
316 4885 493 4940 voluntatem
519 4901 613 4940 meam
633 4889 802 4940 convertens
822 4899 867 4939 me
883 4883 918 4939 sd
971 4880 1113 4936 rationem
1124 4877 1242 4934 reddere
1259 4875 1470 4932 inobedientiae.
1488 4873 1659 4942 Quomodo?

69 4987 140 5042 opus
154 4970 236 5026 bonae
251 4971 439 5043 operationis.
461 4974 589 5046 Cumque
605 4973 660 5028 hoc
674 4973 780 5040 fecero,
793 4973 919 5044 graviter
983 4966 1170 5025 >Intellectus
1199 4965 1229 5020 iu
1250 4963 1444 5020 rationalitate
1472 4963 1599 5020 hominis
1636 4961 1723 5016 lrabot
1747 4959 1819 5014 duas

70 5059 98 5114 in
111 5059 167 5115 hoo
187 5057 303 5132 llagelto
326 5066 472 5133 torqueor,
497 5062 574 5135 quod
596 5062 754 5134 meipsum
775 5059 917 5116 constrin-
972 5057 1088 5114 semitas
1107 5054 1272 5112 inscientia
1292 5051 1361 5107 boui
1383 5057 1411 5107 et
1433 5053 1511 5116 mali,
1527 5053 1562 5108 ad
1582 5067 1653 5123 quus
1673 5047 1820 5121 pertinent

70 5163 116 5218 go,
141 5147 312 5204 abstrahens
332 5165 378 5205 me
398 5167 415 5205 a
438 5148 625 5222 cognoscibili
649 5149 721 5204 lacis
744 5165 820 5212 mea,
839 5147 916 5220 quod
971 5147 1029 5203 drro
1044 5161 1197 5217 responsus
1219 5142 1330 5198 bonnm
1345 5140 1452 5196 scilicet
1465 5145 1493 5195 et
1508 5141 1624 5195 malum.
1647 5135 1818 5205 Quomodo?

69 5243 110 5291 est
134 5252 208 5308 opus
231 5237 386 5292 rolrrntatis
410 5255 481 5294 mere
502 5239 533 5294 in
554 5237 699 5294 contraria
716 5237 915 5306 delectatione,
972 5235 1084 5291 Bonum
1105 5232 1259 5304 respondet
1274 5228 1361 5298 malo,
1382 5244 1446 5284 cum
1464 5229 1571 5283 resistit
1585 5227 1611 5283 ei
1633 5229 1664 5282 iu
1685 5225 1817 5282 Domino.

69 5325 229 5396 adjungens
261 5343 307 5382 mc
343 5329 570 5400 contemplativae
608 5326 799 5400 speculationi
827 5327 916 5382 Deum
972 5325 1076 5381 ldalum
1091 5338 1157 5378 raro
1172 5319 1327 5392 respondet
1345 5319 1432 5385 bono,
1449 5332 1513 5370 cum
1529 5321 1671 5388 repugnat
1694 5315 1734 5370 illi
1754 5329 1818 5368 cnm

70 5415 167 5470 ridens
185 5413 216 5469 in
237 5415 313 5470 bona
334 5412 519 5483 conscientia,
536 5422 565 5472 et
586 5432 645 5472 non
666 5417 698 5472 in
717 5415 918 5486 concupiscen·
971 5412 1094 5468 diabolo.
1117 5409 1172 5466 Sed
1198 5409 1228 5465 bi
1249 5408 1278 5464 in
1303 5409 1379 5462 bono
1408 5403 1583 5476 respondent
1607 5403 1691 5472 malo,
1717 5403 1765 5474 qui
1790 5419 1819 5453 se

70 5504 107 5560 tia
124 5503 229 5571 carnis,
253 5520 306 5577 per
324 5520 410 5578 qnam
436 5505 516 5560 illum
542 5521 601 5562 uon
624 5504 750 5562 attendo.
776 5503 808 5560 lit
822 5503 857 5559 ab
874 5502 919 5560 bis
972 5499 1120 5558 refrenant
1134 5513 1248 5572 sempor
1261 5495 1292 5552 in
1306 5495 1391 5561 malo,
1407 5510 1443 5551 ne
1459 5493 1635 5550 delectentur
1649 5491 1679 5546 in
1695 5491 1820 5564 propriis
