3984 6034
88 279 139 333 209
751 275 941 334 eristum.
954 274 1110 334 -ttt’tsu
1131 275 1209 332 xttt.
1795 277 1849 333 2l0

87 412 272 484 plantatores
286 412 419 470 Euctesiae
438 428 473 468 er
490 410 625 468 reteriet
649 429 724 470 nora
745 414 810 483 lege
833 413 939 484 legalia
956 414 1025 467 Asa
1050 411 1112 480 seit,
1142 411 1174 466 in
1204 411 1350 468 dubietate
1380 411 1459 478 dicit,
1485 428 1542 468 non
1563 428 1642 480 aum;
1667 414 1737 484 quia
1755 413 1845 470 etiam

89 507 238 574 praecepta
269 505 468 574 sumpserunt.
495 503 582 557 vatus
611 501 691 558 enim
721 504 766 557 lex
797 501 943 557 ebriatum
998 515 1104 571 parvus
1119 500 1212 572 pulvis
1226 500 1333 573 absque
1356 501 1413 556 nso
1434 515 1493 556 non
1516 506 1568 554 eat.
1590 501 1646 556 Sed
1669 516 1735 556 cum
1757 501 1845 556 bomo

90 591 251 647 Dominum
284 592 463 646 nasciturum
492 591 692 662 prophetando
725 591 861 647 ostendit.
886 589 943 646 Sed
999 587 1029 642 in
1043 587 1097 643 bac
1117 587 1264 644 dubietate
1284 604 1388 659 corpus
1406 603 1491 643 suurn
1514 593 1640 660 superat,
1662 589 1691 643 in
1708 589 1845 661 spiritua-

88 679 147 750 ipse
162 679 301 735 Christus
314 679 435 734 verbum
449 693 536 733 suum
555 678 716 734 iuomuem
741 683 849 733 terram
868 693 942 749 prae·
998 675 1073 732 libus
1092 677 1178 732 etiam
1202 677 1341 749 nequitiis
1360 676 1506 732 diabolum
1529 677 1654 732 occidit:
1680 679 1755 733 unde
1774 693 1845 750 pre·

89 767 214 822 urendo
229 767 338 823 emisit.
363 767 557 823 lolcudinum
578 781 704 838 namque
726 771 810 822 retus
832 767 876 821 ter
899 770 944 822 est
996 763 1089 820 mium
1111 771 1141 820 et
1161 780 1299 820 coronam
1325 780 1421 820 eoram
1447 765 1504 820 Deo
1528 769 1556 820 at
1578 765 1688 835 angelis
1718 767 1791 838 ejus,
1816 771 1845 821 et

89 871 151 926 quae
167 855 201 910 in
214 855 331 910 Christo
351 870 439 910 omna
459 869 584 925 granum
607 854 737 910 raritatis
759 855 896 926 protulit;
913 859 944 910 et
995 867 1095 908 rorum
1130 852 1210 908 omni
1245 853 1353 908 coelesti
1383 852 1510 908 exercitu
1545 851 1674 924 accipiet.
1708 853 1844 909 Suillates

89 959 159 1015 pura
180 943 292 1012 iuius,
316 959 383 1014 quie
406 943 443 999 de
472 942 551 998 omni
586 949 682 1014 strage
704 943 857 1010 cribratur,
887 943 942 998 vir·
995 956 1113 1012 φιοιιιιο
1135 941 1242 996 diaboli
1265 941 1355 996 multu
1377 940 1477 995 illicita
1506 939 1619 996 homini
1650 941 1746 1008 infert,
1777 958 1842 1014 quae

89 1033 193 1102 ginitas
213 1031 282 1086 est?
295 1047 361 1103 quae
387 1031 523 1087 materies
542 1031 639 1087 omnis
661 1030 798 1103 spiritalis
822 1031 888 1087 ritae
910 1032 941 1087 in
996 1030 1074 1086 buna
1105 1029 1225 1086 scientia
1254 1029 1349 1085 dicere
1378 1029 1529 1085 erubescit.
1561 1029 1719 1085 Consilium
1746 1035 1842 1085 eutem

90 1119 216 1174 Ecdesia
235 1120 345 1188 existit,
366 1124 395 1174 et
421 1120 482 1174 brec
505 1120 616 1190 prolem
640 1119 812 1176 obedientiae
835 1119 940 1192 gignit.
995 1119 1058 1188 ejus
1077 1123 1128 1186 est,
1153 1119 1328 1190 quodiana
1357 1117 1449 1188 gloria
1480 1115 1628 1173 bominem
1653 1118 1746 1183 adest,
1772 1118 1844 1174 sicut

91 1209 169 1264 Unde
194 1208 288 1262 etiarn
310 1207 477 1263 obedientes
505 1207 570 1276 lilii,
594 1207 723 1263 omnium
753 1208 813 1262 oris
835 1206 942 1264 Christi
995 1205 1036 1262 ibi
1066 1206 1143 1273 lecit,
1173 1207 1223 1262 ubi
1262 1221 1398 1278 magnam
1431 1206 1547 1261 ruinam
1589 1205 1750 1272 edificavit,
1786 1223 1844 1279 qua

89 1301 165 1351 sunt.
201 1296 338 1367 Hagister
366 1311 484 1368 quoque
521 1295 688 1351 obedientes
725 1295 880 1369 discipulos
910 1297 941 1351 in
995 1297 1088 1350 rotam
1122 1294 1279 1350 nativitatis
1311 1293 1436 1350 bominis
1462 1297 1604 1350 torrenter
1633 1294 1754 1350 circuire
1777 1295 1844 1350 lecit

88 1384 274 1456 amplexione
296 1384 453 1446 charitatis,
478 1400 536 1439 uon
567 1383 598 1439 in
627 1383 784 1440 offensione
815 1385 866 1439 irre
888 1383 940 1440 ba·
994 1383 1071 1454 (luc.
1085 1383 1137 1452 nt).
1154 1383 1320 1438 incendium
1335 1397 1452 1454 quoque
1466 1397 1552 1437 suum
1566 1389 1618 1448 est,
1642 1381 1720 1454 qnod
1744 1383 1843 1438 bomi-

87 1472 169 1538 beat;
190 1473 264 1544 quia
282 1472 413 1528 osculum
427 1471 480 1528 nai
503 1475 623 1535 suntet
644 1487 719 1542 pane
738 1488 819 1542 purte
841 1472 941 1528 tarinae
995 1487 1072 1539 nem,
1089 1487 1174 1544 quem
1198 1471 1233 1525 ad
1249 1471 1405 1542 imaginem
1426 1470 1478 1526 Dei
1503 1470 1610 1524 lectuna
1633 1486 1695 1524 esee
1718 1471 1779 1538 scit,
1805 1472 1841 1525 ad

88 1561 227 1632 pasoendi
246 1566 326 1616 sunt.
340 1559 575 1627 lnobedientibus
597 1564 696 1616 autem
717 1560 785 1616 liliis
802 1561 875 1616 dura
897 1561 939 1616 la·
994 1559 1121 1632 plurima
1142 1559 1241 1615 illicita
1265 1563 1418 1628 provocat:
1440 1559 1515 1614 trude
1538 1557 1625 1614 etiem
1650 1559 1682 1613 in
1703 1559 1842 1614 creaturis

88 1649 160 1716 rina,
175 1649 207 1703 id
223 1652 268 1703 est
281 1664 385 1720 aspera
406 1648 546 1704 correctio
560 1647 656 1704 danda
674 1653 727 1703 ast
745 1649 801 1704 Sed
823 1648 869 1704 his
888 1649 939 1720 qui
994 1649 1085 1704 multe
1100 1647 1288 1720 impossibilia
1307 1647 1333 1702 ei
1348 1647 1485 1703 ostendit.
1499 1646 1554 1702 Sed
1571 1646 1631 1719 ipse
1646 1648 1757 1702 nuttern
1772 1663 1841 1718 pos-

87 1737 285 1794 obedientium
313 1737 433 1793 omniuo
463 1737 644 1809 relinquunt,
677 1737 804 1792 turtures
831 1753 938 1808 propo·
959 1709 1160 1792 Bsibilltatem
1197 1736 1226 1790 in
1258 1735 1299 1791 eis
1326 1735 1424 1791 habet.
1449 1735 1528 1790 Unde
1551 1735 1752 1806 persuasiones
1778 1752 1843 1792 suas

87 1826 176 1881 uendi
203 1830 285 1893 sunt,
304 1841 378 1897 quos
401 1825 537 1880 animalia
551 1825 601 1880 illu
623 1825 790 1893 comedunt,
805 1841 871 1897 que
894 1826 939 1881 in-
992 1826 1104 1881 bomini
1133 1825 1274 1893 immittit,
1305 1828 1336 1880 ut
1362 1825 1422 1896 ipse
1446 1824 1585 1880 melitium
1611 1839 1693 1879 snam
1717 1825 1747 1880 in
1774 1825 1841 1896 opi·

88 1914 204 1970 tellecta
220 1919 329 1968 went.
351 1913 393 1968 Τιι
412 1919 510 1969 autem
529 1913 665 1985 providus
688 1918 761 1980 esto,
781 1919 811 1969 et
826 1929 938 1969 memo·
992 1915 1080 1970 niune
1099 1913 1239 1985 perficiat,
1263 1917 1293 1968 et
1315 1913 1356 1969 sie
1374 1914 1431 1969 iter
1450 1913 1523 1985 legis
1547 1910 1597 1969 Dei
1620 1912 1649 1967 in
1668 1912 1841 1970 'irrisionem

88 2003 158 2058 nam
173 2003 341 2058 sanctitatis
361 2001 490 2068 illonun,
506 2001 940 2074 quemminomcndumuenmi
993 2004 1082 2072 ducit,
1108 2007 1251 2076 quatenus
1284 2001 1481 2074 unusquisque
1506 2002 1595 2057 homo
1621 2001 1727 2074 legem,
1758 2003 1841 2074 quasi

89 2093 179 2156 (loon.
205 2090 258 2161 ιιι),
282 2095 357 2152 ιοιιο,
378 2091 408 2144 et
429 2089 465 2145 de
484 2090 583 2146 rivulis
607 2107 692 2162 aquae
713 2090 785 2146 rive
805 2088 881 2155 bibe,
909 2094 940 2145 et
992 2094 1081 2160 Deus,
1101 2108 1154 2163 per
1172 2091 1380 2164 proprietatem
1405 2090 1560 2146 voluntatis
1581 2105 1640 2144 sure
1663 2089 1718 2145 sibi
1742 2095 1840 2162 ponet.

89 2181 238 2249 pacificus,
270 2185 301 2234 et
325 2179 479 2234 timoratus
501 2183 563 2234 esto
585 2179 618 2234 in
648 2180 718 2246 beo,
742 2182 885 2250 quatenus
907 2177 939 2233 iu
992 2181 1094 2237 Ethoc
1112 2181 1249 2237 iltivalde
1262 2181 1370 2252 placet;
1394 2178 1531 2252 quoniam
1547 2194 1600 2234 nec
1621 2193 1661 2247 ae,
1677 2194 1730 2234 nec
1753 2179 1842 2234 aliurn

88 2268 170 2323 burto
184 2268 281 2340 ipsius
294 2267 331 2322 de
345 2266 488 2324 viriditate
501 2267 626 2323 aliorum
644 2267 788 2324 bonorum
804 2267 940 2340 pigmen·
993 2271 1052 2326 lleo
1065 2269 1212 2325 subditum
1234 2285 1295 2323 esse
1311 2267 1380 2324 vult.
1405 2269 1447 2324 Τιι
1461 2273 1568 2334 eutem,
1584 2283 1601 2322 o
1622 2266 1664 2323 tili
1679 2267 1739 2334 liei,
1766 2268 1840 2323 Deus

90 2361 182 2412 torum
196 2357 318 2423 florem
333 2360 364 2413 ct
376 2355 529 2412 stultitiam
543 2355 660 2413 illorum
682 2357 760 2428 luge,
782 2357 834 2429 qui
848 2355 938 2411 solem
992 2357 1044 2429 qui
1060 2363 1088 2412 te
1103 2357 1220 2425 crearit,
1235 2372 1288 2428 per
1302 2355 1451 2411 victorium
1467 2354 1577 2410 militiae
1592 2371 1651 2410 sure
1667 2359 1695 2410 te
1713 2355 1784 2421 vult,
1808 2359 1841 2411 ut

89 2461 172 2515 οιιοιιι
190 2444 303 2512 vident,
319 2444 500 2516 relinquunt,
512 2447 542 2498 et
556 2445 647 2500 alium
661 2460 749 2517 quem
763 2461 817 2500 nec
831 2444 937 2514 rident,
992 2445 1024 2502 in
1044 2447 1127 2502 oculo
1152 2446 1279 2502 scientiar
1300 2461 1359 2501 suae
1383 2461 1542 2518 appareas;
1566 2445 1704 2517 quoniam
1730 2450 1758 2500 ιο
1782 2459 1840 2500 non

88 2549 138 2588 uec
155 2532 292 2588 invenire
310 2535 441 2603 possunt,
456 2537 602 2604 quierunt.
616 2532 672 2588 Sed
698 2548 786 2588 novos
801 2532 939 2605 pigmen·
992 2535 1182 2608 derelinquet.
1198 2535 1292 2590 Solem
1309 2549 1378 2606 ergo
1393 2550 1445 2604 per
1465 2533 1553 2590 fidem
1573 2533 1678 2606 aspice,
1695 2539 1727 2590 ut
1748 2533 1842 2590 fidelis

88 2621 174 2677 tarios
197 2621 280 2693 luge,
302 2620 354 2692 qui
381 2620 412 2676 in
435 2622 611 2692 proprietate
631 2637 683 2676 sua
710 2621 806 2693 legem
830 2637 938 2693 ponere
990 2639 1090 2680 semus
1104 2623 1153 2690 sis,
1174 2629 1203 2678 et
1218 2624 1248 2678 in
1264 2627 1347 2678 nocte
1370 2623 1469 2678 lunam
1488 2621 1613 2685 attende,
1630 2622 1744 2694 quando
1769 2622 1839 2676 vitiu

86 2711 205 2774 rulant,
222 2713 253 2764 et
272 2725 330 2765 non
349 2710 516 2781 prevalent.
542 2711 623 2765 Nunc
644 2726 714 2783 ergo
736 2710 832 2782 incipe
852 2710 883 2766 in
904 2726 939 2766 eo
990 2717 1021 2768 te
1035 2713 1200 2784 opprimere
1214 2710 1377 2778 voluut3ita
1388 2716 1420 2766 ut
1433 2711 1520 2767 timor
1531 2710 1646 2766 Domini
1662 2711 1760 2765 omnia
1772 2709 1802 2764 in
1812 2715 1841 2766 te

85 2799 134 2871 qui
147 2803 206 2866 est,
223 2801 256 2852 ut
268 2797 298 2852 in
311 2797 363 2852 illo
383 2797 495 2852 finiaris
509 2798 560 2869 qui
583 2803 655 2866 arat,
677 2798 773 2871 etqui
798 2805 938 2854 venturus
992 2805 1180 2872 pertranseat,
1194 2804 1223 2855 et
1235 2815 1296 2854 non
1312 2798 1439 2868 luderis3
1458 2798 1507 2853 sed
1533 2797 1564 2852 in
1588 2801 1728 2854 eternum
1751 2797 1837 2852 rives.

84 2894 133 2942 est.
148 2888 184 2942 ln
200 2885 315 2942 duabus
327 2885 380 2940 riis
395 2903 410 2940 ο
424 2887 482 2942 lieo
496 2886 669 2942 constitutus
684 2903 724 2954 es,
737 2887 779 2942 ita
791 2886 868 2958 quod
879 2887 939 2958 ipse
1282 2905 1447 2962 gppgpogp
1467 2903 1545 2960 χιῃ,

85 2975 112 3030 ῑῡ
125 2975 209 3031 Ῑιθῦθ
224 2973 345 3030 ”lenm
358 2979 385 3029 20
400 2978 491 3044 mi»
507 2980 535 3030 ⁰²
548 2991 564 3030 ὓ
578 2976 653 3030 meta
665 2975 784 3031 ”5⁰⁰¹st
797 2981 826 3030 ¹⁶
840 2979 938 3047 9¹⁰¹?
957 3009 978 3065 g
1079 3011 1229 3051 aretusae
1248 3011 1271 3049 s.
1293 3009 1468 3050 οιοιιοοιιιιιιο
1487 3009 1521 3047 ιιι
1543 3007 1746 3049 utuueusuneu.

84 3064 134 3133 81¹¹
152 3064 186 3117 ¹⁰
200 3060 250 3117 Μ’
264 3060 343 3116 ‘nim
365 3060 420 3115 'ii'
432 3061 574 3134 mmm
587 3077 675 3134 ⁰1³⁰ra
699 3066 728 3117 ⁰²
746 3061 846 3118 ’ΝΜ
870 3077 935 3132 [Μ’
990 3082 1163 3140 Anuietutea
1180 3085 1209 3138 et
1221 3081 1415 3137 dubitationes
1427 3097 1497 3136 suus
1512 3079 1637 3152 ceponii,
1654 3079 1749 3135 edum
1760 3079 1839 3136 mul-

84 3152 180 3206 siones
205 3149 429 3206 tribulationum
447 3155 479 3204 et
498 3165 694 3206 erumnarum
718 3154 796 3215 sunt,
819 3149 936 3221 quando
1163 3157 1257 3210 torum
1272 3153 1389 3209 unimur
1400 3168 1499 3221 repere
1513 3150 1633 3226 cupitur.
1651 3171 1665 3202 u

85 3240 277 3310 temetipsum
286 3253 341 3309 per
354 3239 426 3293 dues
439 3239 500 3294 alas
513 3239 640 3294 scientie
655 3238 724 3295 boni
739 3244 768 3294 et
790 3238 859 3293 mali
877 3238 936 3294 ele·
1027 3242 1209 3300 cbarissimae
1228 3242 1281 3297 sibi
1305 3242 1336 3298 in
1355 3241 1466 3298 Christo
1490 3241 1581 3295 sorori
1596 3240 1722 3296 dominae
1738 3241 1839 3296 iluna-

85 3345 140 3381 aas.
173 3326 258 3383 Unde
286 3326 374 3381 ettam
402 3333 459 3382 tres
490 3328 564 3382 viras
590 3327 738 3396 addente,
764 3343 835 3400 quas
863 3328 937 3382 usus
991 3347 1085 3399 erum,
1117 3334 1149 3386 Α.
1175 3330 1326 3400 abbatissa,
1355 3328 1486 3401 quamvis
1515 3329 1643 3400 indigna,
1672 3329 1700 3385 S·
1730 3328 1838 3384 Glode-

85 3416 197 3472 bomini
212 3415 323 3487 posuit,
335 3415 444 3471 scilicet
457 3415 646 3483 intellectum,
663 3420 693 3471 et
710 3416 934 3484 sensualitatem,
990 3421 1082 3477 sindis
1096 3420 1127 3476 in
1140 3420 1213 3476 tteti.
1230 3421 1351 3474 salutem
1366 3419 1397 3475 in
1410 3434 1476 3473 vero
1490 3417 1625 3473 Salutari.

84 3511 111 3558 et
133 3501 269 3575 corporis
290 3503 473 3558 motionem:
491 3518 556 3575 quie
580 3503 679 3558 omnia
700 3503 756 3574 ipsi
777 3503 935 3559 secundum
1026 3509 1099 3574 Quia
1122 3509 1158 3565 de
1185 3508 1277 3578 gratia
1308 3513 1401 3562 restra
1431 3512 1461 3561 et
1483 3504 1682 3561 benevolentia
1715 3505 1837 3561 multum

84 3591 309 3663 possibilitetem
332 3606 414 3646 suem
429 3596 496 3646 note
517 3596 595 3660 eunt·
611 3593 644 3646 ln
666 3591 729 3646 istis
751 3591 844 3646 tribue
865 3593 936 3647 viri-
989 3597 1205 3670 praesumimus,
1221 3597 1356 3651 nolumus
1374 3610 1424 3649 vos
1445 3595 1534 3650 latere
1558 3595 1636 3666 quod
1660 3593 1689 3649 in
1710 3595 1838 3666 periculo

84 3682 189 3749 bus,et
203 3679 235 3734 in
252 3679 315 3734 istis
335 3679 478 3752 predictis
502 3680 615 3736 duabus
637 3680 705 3748 riis,
731 3681 806 3736 [leus
831 3686 860 3736 te
883 3681 933 3736 ba-
989 3701 1097 3758 magno
1115 3685 1216 3758 positar
1239 3700 1349 3752 sumus,
1375 3683 1445 3739 dum
1467 3683 1625 3738 multorum
1648 3697 1747 3752 regere
1772 3682 1832 3736 ani-

83 3770 139 3825 bet.
160 3771 236 3825 Nam
248 3768 460 3841 perspiritum,
481 3771 572 3827 Deum
593 3784 661 3825 cum
675 3769 822 3826 intellectu
837 3770 933 3827 rides:
988 3790 1051 3830 mas
1072 3773 1215 3846 cogimur,
1240 3787 1305 3844 que
1320 3771 1402 3827 nobis
1425 3787 1483 3826 non
1500 3769 1675 3842 {sulllcirnua
1697 3769 1767 3825 inde
1793 3775 1838 3825 est

85 3865 112 3914 et
133 3873 324 3930 percorpus,
348 3858 423 3914 mala
452 3873 518 3913 cum
544 3857 730 3914 sensualitate
754 3858 853 3914 sentis.
876 3861 934 3916 Bo·
989 3863 1067 3937 qnod
1100 3862 1279 3918 sanctitatem
1311 3866 1434 3916 vestrum
1467 3873 1605 3930 rogamus
1637 3857 1786 3926 attentius,
1809 3863 1838 3913 et

84 3965 155 4003 num
169 3947 253 4003 enim
268 3954 299 4003 et
316 3949 425 4002 malurn
447 3947 511 4016 scis,
536 3952 565 4002 et
588 3947 756 4020 spiritualis,
780 3953 810 4004 et
828 3964 934 4021 corpo-
989 3953 1173 4010 obsecramus
1202 3949 1232 4004 in
1264 3947 1387 4005 ltomino
1412 3948 1487 4016 lesu,
1520 3950 1661 4020 quatenus
1692 3945 1834 4000 inscitiam

83 4036 151 4092 ratis
175 4053 219 4091 ea.
250 4035 346 4092 Gretie
369 4035 420 4090 Ilei
451 4035 482 4090 in
509 4035 704 4092 admonitione
728 4041 757 4092 ιο
789 4041 880 4105 rocat,
905 4043 935 4093 et
989 4045 1116 4098 nostram
1147 4039 1251 4094 littaris
1282 4036 1384 4092 vestris
1421 4036 1592 4091 confirmare
1630 4039 1660 4090 et
1690 4035 1836 4090 exhortari

83 4124 207 4196 Spiritus
228 4130 344 4179 sanctus
370 4124 437 4195 igne
461 4140 514 4180 suo
547 4131 576 4180 tc
605 4125 746 4193 accendit,
778 4131 812 4181 ut
844 4127 934 4182 Derim
988 4130 1105 4198 curetis,
1133 4127 1204 4201 quid
1234 4127 1327 4184 lacere
1355 4126 1522 4192 debeamus,
1542 4123 1588 4180 vel
1609 4127 1684 4181 stare
1710 4123 1742 4179 in
1769 4125 1836 4180 obe·

82 4214 186 4286 diliges
202 4218 232 4268 et
252 4228 318 4267 cum
340 4211 425 4268 bonis
451 4211 587 4284 operibus
610 4213 646 4268 td
672 4215 763 4270 Deum
785 4214 931 4270 ascendes·
987 4218 1096 4276 dieutie
1115 4217 1199 4273 uobis
1222 4215 1360 4288 injuncta,
1377 4216 1420 4270 vel
1446 4214 1557 4280 cedere,
1573 4217 1604 4268 nt
1623 4213 1679 4268 aliu
1693 4213 1835 4280 suecedet,

83 4303 135 4357 Sed
149 4301 300 4374 suggestio
313 4300 422 4356 diaboli
442 4298 589 4356 interdum
603 4301 638 4356 ab
662 4301 855 4358 admonitione
884 4304 933 4360 Dei
952 4291 1017 4362 Det
1032 4307 1135 4362 melius
1150 4308 1226 4378 aget,
1250 4305 1275 4359 si
1299 4303 1367 4376 quid
1391 4303 1531 4358 [lominus
1559 4303 1639 4358 lesus
1660 4301 1727 4358 inda
1755 4301 1835 4357 vobis

83 4390 235 4457 abstrahit,
265 4395 294 4445 et
321 4389 453 4460 probibet
477 4405 515 4445 ne
550 4391 641 4446 Deum
674 4390 788 4462 diligas,
821 4398 851 4447 et
881 4408 933 4463 per
986 4395 1112 4451 revelare
1126 4393 1301 4465 dignabitur.
1311 4393 1417 4460 Valete,
1431 4396 1460 4445 et
1473 4406 1527 4463 pro
1543 4391 1599 4446 ileo
1613 4389 1703 4446 Deum
1718 4406 1771 4463 pro
1787 4407 1832 4446 rne

83 4479 255 4536 incendium
270 4493 356 4534 suum
369 4483 398 4533 te
412 4477 562 4534 bominem
576 4495 638 4534 esse
652 4481 789 4548 ostendit,
811 4487 840 4536 et
862 4498 932 4554 pro·
986 4499 1080 4550 orare,
1096 4488 1125 4539 et
1133 4481 1344 4554 beneplacitum
1358 4483 1484 4535 restrum
1500 4478 1572 4534 mihi
1586 4478 1642 4534 cito
1659 4479 1815 4535 rescribite.

82 4575 146 4640 pter
166 4569 226 4624 boc
240 4567 329 4622 etiam
353 4567 487 4635 declarat,
504 4566 681 4640 impossibile
699 4569 751 4624 tibi
767 4586 838 4638 esse,
854 4571 932 4643 qnod
1174 4587 1380 4644 pggpoppsgg
1402 4585 1644 4643 gpgpggpfflppg,

82 4657 242 4713 invisibilia
254 4655 401 4712 interdum
416 4656 512 4712 iacias.
536 4657 696 4722 Quumdam
717 4659 796 4714 enim
820 4660 932 4730 nigram
990 4675 1084 4732 parra
1092 4676 1144 4731 aar
1158 4674 1269 4730 monita
1282 4673 1321 4729 ad
1331 4675 1407 4728 recte
1415 4672 1582 4754 rependum²
1592 4674 1621 4727 ei
1628 4673 1833 4744 prefecturam

80 4753 108 4801 et
133 4747 246 4802 matam
269 4744 494 4801 vicissitudinem
517 4744 663 4816 suggestio
688 4745 796 4801 diaboli
829 4748 862 4802 ad
884 4748 933 4802 ho
1076 4787 1078 4792 -
1108 4745 1374 4817 noudepouendcm
1387 4743 1462 4799 sutis
1475 4743 1554 4799 clara
1568 4741 1708 4800 induunt.

80 4837 193 4890 minem
206 4833 268 4894 tlat,
283 4849 350 4888 curn
373 4834 465 4889 Deum
487 4839 587 4905 negat:
610 4849 676 4889 cum
698 4834 775 4889 enim
801 4834 933 4890 diabolus
1023 4837 1100 4891 Mons
1133 4834 1200 4890 Sion
1226 4835 1302 4889 ultus
1328 4837 1379 4900 est,
1407 4837 1435 4887 et
1462 4832 1563 4888 umbre
1585 4831 1675 4904 ipsius
1695 4832 1725 4885 in
1748 4831 1834 4886 valles

80 4928 171 4982 licum
186 4922 554 4995 essenegut3selallacem
569 4922 633 4989 scit,
649 4923 717 4995 quia
740 4938 805 4978 cum
824 4939 855 4979 sc
870 4939 932 4978 esse
985 4923 1159 4991 extenditur,
1185 4922 1368 4978 altitudinem
1395 4921 1486 4993 ipsius
1514 4921 1555 4977 sic
1587 4921 1751 4977 ostendens.
1776 4919 1833 4975 ulti

80 5015 255 5080 reiensem
278 5027 340 5066 esse
360 5012 449 5067 norit.
475 5013 539 5082 lpse
562 5015 660 5066 eutem
681 5011 713 5067 iu
735 5017 851 5084 peccato
877 5028 931 5067 na·
985 5013 1073 5068 etiam
1093 5017 1205 5068 montes
1218 5011 1249 5066 iu
1264 5013 1318 5066 hec
1329 5011 1484 5084 peregrina
1497 5015 1574 5066 terra
1595 5015 1670 5076 sunt,
1687 5025 1739 5081 per
1759 5025 1833 5081 quos

80 5103 226 5158 mentium
257 5099 409 5156 bominum
442 5099 570 5172 aliquam
602 5106 714 5172 partem
748 5100 851 5168 babet,
879 5115 933 5173 per
984 5102 1046 5174 ipse
1061 5101 1202 5168 flrrnatur,
1222 5107 1252 5156 et
1275 5101 1325 5174 qui
1349 5101 1437 5156 etiem
1463 5099 1577 5172 populis
1601 5099 1636 5154 ed
1658 5099 1832 5154 intuendum

81 5207 169 5262 quam
209 5190 315 5244 multos
351 5189 382 5242 in
417 5203 504 5244 carne
542 5189 657 5244 lecerat.
695 5189 748 5253 Qui
785 5188 862 5244 euim
902 5189 931 5243 in
984 5190 1098 5263 pulchri
1114 5195 1189 5245 sunt.
1207 5192 1238 5245 ln
1250 5189 1402 5245 altitudine
1416 5189 1483 5245 Sion
1506 5193 1534 5242 et
1550 5187 1673 5242 aliorum
1690 5187 1831 5242 montium

80 5281 166 5336 eorde
188 5295 245 5333 suo
278 5279 370 5333 Deum
398 5293 456 5332 non
485 5292 547 5333 esse
575 5276 644 5332 dicit
673 5277 769 5348 (Psoi,
800 5279 857 5347 ιιι),
875 5294 933 5334 coe·
984 5279 1139 5351 prelatiat
1159 5277 1355 5350 magistriani
1374 5277 1589 5332 firmamentum
1615 5275 1744 5331 Ecclesiae
1766 5279 1834 5331 aunt

81 5370 138 5424 luru
159 5373 193 5424 et
212 5372 330 5432 terram,
351 5370 381 5420 et
404 5365 502 5421 omnia
526 5365 743 5437 virentiaque
767 5367 797 5420 in
822 5368 880 5422 lleo
902 5371 931 5422 st
985 5367 1183 5438 designentur,
1213 5373 1242 5422 et
1268 5365 1417 5436 discipule
1440 5365 1507 5420 tlliae
1539 5365 1608 5420 Sion
1633 5365 1841 5420 nominentur.-

81 5475 143 5513 cum
167 5459 231 5512 Deo
252 5459 331 5521 stunt,
359 5461 388 5509 ct
402 5453 529 5525 seipsum
552 5470 613 5508 esse
636 5460 731 5526 negat.
756 5455 856 5527 ldegna
880 5471 930 5510 nu·
984 5457 1039 5513 Sed
1056 5457 1079 5510 si
1099 5473 1182 5511 mons
1205 5455 1257 5510 iste
1283 5454 1406 5520 cederet,
1431 5455 1473 5508 ret
1497 5453 1520 5508 si
1543 5469 1609 5508 eum
1632 5454 1682 5509 elii
1708 5451 1833 5510 destrue-

84 5552 140 5601 tem
170 5542 345 5616 insipientie
366 5547 420 5610 est,
443 5543 521 5615 quod
540 5543 639 5610 bomo,
658 5544 709 5616 qui
736 5561 766 5600 se
793 5544 879 5612 videt,
902 5551 932 5600 et
984 5549 1060 5612 rent,
1085 5559 1191 5617 magna
1211 5543 1318 5615 injuria
1340 5547 1424 5599 esset.
1449 5543 1519 5600 llinc
1541 5542 1761 5618 uniusquisque
1783 5543 1833 5617 qui
