3984 6034
161 186 211 236 ιιῑι
528 170 530 173 ’
888 179 915 230 s.
939 173 1174 233 ultbthAttttls
1858 181 1873 226 ει
1886 183 1892 226 ι
1904 187 1923 222 ι.

160 313 240 370 illam
258 312 349 368 intret
362 326 450 382 super
471 324 558 381 qoam
580 324 609 363 se
627 309 815 366 dillondendo
826 308 905 380 jacit.
928 307 1002 374 Quid
1020 306 1192 363 dvirtutem
1218 307 1267 362 Dei
1286 305 1410 362 trabitur
1435 309 1465 361 et
1495 307 1600 362 iterum
1624 306 1791 376 remittitur,
1815 306 1857 362 ita
1882 307 1923 360 in

160 400 234 456 troci
248 400 359 473 Sponsa
375 399 439 454 l'itii
454 399 523 467 mei,
548 398 723 454 oblationem
739 398 821 468 panis
841 403 870 452 et
884 396 943 452 vini
957 412 1007 451 su·
1062 397 1155 452 calore
1169 395 1274 451 divinae
1289 395 1443 465 majestatis
1463 395 1586 464 levetur,
1610 395 1687 467 quod
1703 411 1769 450 caro
1792 401 1821 452 et
1848 411 1926 452 san-

160 505 212 560 per
226 491 315 546 altare
329 504 428 545 meum
438 488 625 544 devotissima
639 485 801 543 intentione
814 485 908 541 offert.
927 484 1007 550 Quo·
1061 485 1125 556 guis
1141 483 1288 555 Unigeniti
1302 483 1352 540 lici
1368 483 1500 538 eflicitur.

161 578 268 634 modo?
297 577 433 633 Videlicet
458 592 512 648 per
536 591 655 630 manum
683 573 836 630 sacerdotis
863 572 943 630 tideli
966 589 1009 627 re-
1097 573 1175 629 ldem
1203 572 1373 643 mysterium
1407 571 1574 629 hominibus
1606 572 1715 628 carnali
1743 589 1829 628 sensu
1850 589 1925 628 non

160 666 328 722 cordatione
351 680 472 720 monens
494 679 550 731 me,
567 669 598 718 ot
612 663 642 718 in
657 663 758 718 eadem
778 661 924 718 oblatione
942 679 1004 716 car·
1062 662 1245 718 cernentibus
1264 661 1346 733 qussi
1381 661 1486 733 aliquis
1513 661 1755 732 pretiosissimum
1781 678 1924 734 unguen-

160 771 227 811 uem
242 762 272 811 et
285 754 458 826 sauguinem
475 752 537 808 Filii
553 751 609 808 mei
624 753 680 823 ipsi
699 752 822 807 tradem.
838 750 1008 817 Quomodo?
1062 756 1124 808 turn
1147 750 1271 822 simplici
1286 749 1353 822 pani
1367 750 1529 818 involverit,
1540 755 1569 806 et
1592 749 1761 823 sapphirum
1775 750 1843 806 vino
1860 751 1924 806 im-

160 844 232 911 Quis
255 844 404 916 passiones
425 843 553 914 ejusdem
580 841 727 913 Unigeniti
754 840 811 896 mei
833 841 865 897 in
885 840 1007 897 ccelesti-
1062 844 1161 913 ponet,
1177 845 1204 896 ιι
1217 855 1271 912 ego
1284 840 1356 896 illud
1370 840 1401 895 in
1416 845 1476 895 tani
1500 840 1613 896 dulcem
1638 855 1771 912 saporem
1796 856 1925 896 conver·

159 933 214 990 bus
231 933 347 990 secretis
374 947 489 1002 semper
509 935 665 1002 apparent:
681 930 746 986 ideo
769 936 800 986 et
819 928 869 985 ilia
900 929 1008 987 oblatio
1062 935 1122 987 tere
1134 935 1168 986 ut
1190 930 1221 986 in
1244 944 1294 986 ore
1311 934 1372 997 tuo,
1392 928 1522 997 obomo,
1547 945 1601 984 nec
1625 944 1729 1000 penem
1745 929 1828 984 illum
1843 945 1921 984 cum

161 1023 233 1079 sitio
246 1039 312 1079 meo
335 1022 365 1078 iu
379 1022 496 1078 ardente
512 1022 607 1076 calore
630 1036 696 1076 meo
714 1020 940 1092 profundissima
962 1019 1008 1076 ed·
1063 1022 1213 1090 unguento
1227 1033 1280 1073 uec
1304 1017 1404 1074 vinum
1424 1017 1499 1074 illud
1511 1032 1576 1074 cnm
1593 1018 1728 1090 sepphim
1748 1017 1922 1074 discernere

160 1113 313 1167 inustione
337 1112 377 1167 ite
401 1112 589 1181 coadunatur,
611 1113 645 1166 ιιι
671 1125 738 1165 caro
757 1113 786 1165 ιι
810 1108 1009 1181 sanguisejus
1062 1122 1171 1178 posses,
1197 1105 1245 1162 sed
1268 1110 1380 1163 tantum
1401 1123 1518 1164 suavem
1541 1121 1673 1178 saporem
1688 1105 1824 1174 sentires;
1840 1123 1923 1180 quo·

161 1201 342 1257 veracissima
383 1198 556 1256 certitudine
589 1198 740 1264 efficiatur,
775 1198 854 1254 unde
884 1197 1009 1254 Ecclesia
1062 1195 1142 1250 niam
1156 1199 1186 1250 et
1199 1193 1286 1251 Filius
1301 1209 1382 1251 mens
1397 1195 1492 1251 suavis
1506 1200 1536 1250 et
1549 1194 1623 1252 lenis
1636 1200 1689 1252 est.
1700 1194 1772 1260 Quid
1783 1196 1862 1252 boe?
1881 1195 1922 1250 ln

159 1279 325 1346 felicissima
349 1288 532 1360 vegetatione
556 1286 716 1342 roboratur.
741 1286 811 1341 Nem
836 1285 906 1342 dum
933 1302 1007 1358 prae·
1062 1287 1210 1356 unguento
1226 1285 1278 1339 hoc
1293 1283 1465 1357 intelligitur
1479 1283 1565 1340 Filius
1587 1299 1716 1339 meuses
1733 1284 1849 1356 Virgine
1865 1300 1923 1339 nu·

160 1378 355 1434 interioritas
380 1377 557 1433 oblationem
586 1376 666 1430 illem
695 1374 744 1442 ita,
767 1381 800 1430 ιιι
819 1375 928 1430 dictum
953 1379 1006 1442 est,
1061 1378 1107 1430 tus
1122 1371 1169 1445 qui
1186 1372 1550 1444 pretiosissimounguento
1563 1377 1665 1428 unctus
1675 1376 1728 1428 est.
1740 1372 1922 1438 Quomodo?

160 1467 289 1532 irradiat,
312 1481 426 1523 sursum
448 1481 511 1520 eam
536 1465 572 1520 ed
600 1469 710 1519 secreta
730 1463 795 1519 coeli
825 1463 1009 1519 invisibiliter
1062 1461 1134 1527 Quia
1157 1466 1255 1517 sancte
1279 1461 1459 1516 humanitate
1480 1461 1599 1518 indutus
1614 1467 1667 1531 est,
1685 1478 1748 1534 quae
1765 1467 1824 1518 tam
1845 1477 1919 1534 pre·

160 1555 297 1622 sustollit;
314 1554 382 1627 quia
397 1554 496 1610 eedem
520 1553 606 1625 ignea
632 1553 803 1620 coruscatio,
821 1553 890 1608 dum
912 1551 1008 1623 ipsum
1062 1550 1170 1606 tiosum
1185 1554 1368 1622 unguentum
1391 1553 1443 1616 ιιι,
1468 1550 1546 1622 quod
1562 1548 1701 1606 suavitate
1720 1566 1771 1606 sua
1786 1550 1923 1606 mertile·

160 1648 370 1700 monumentum
396 1659 449 1698 sua
481 1642 672 1697 illustratione
705 1641 862 1711 pertundit,
895 1657 1009 1696 sursum
1028 1610 1398 1696 Brevulneralrominurn
1418 1639 1459 1694 ita
1481 1637 1636 1710 perfundit,
1662 1639 1784 1695 utultre
1799 1639 1828 1693 in
1845 1655 1921 1711 per·

159 1732 231 1788 illud
244 1733 282 1788 ed
296 1732 345 1786 iila
359 1732 470 1787 occulta
481 1746 546 1802 qum
561 1729 691 1786 mortalis
714 1729 814 1784 oculus
833 1728 930 1784 ridere
949 1745 1009 1785 uon
1064 1727 1174 1783 ditione
1188 1727 1258 1783 nde
1274 1743 1326 1782 nec
1341 1731 1518 1798 putrescant,
1533 1743 1586 1783 nec
1605 1727 1723 1794 feteant,
1745 1743 1810 1784 cum
1831 1744 1860 1783 ιι
1876 1729 1921 1782 ed

160 1821 245 1888 valet,
260 1819 399 1875 invisibili
415 1820 520 1874 virtute
541 1819 639 1874 trahit.
663 1819 696 1873 Et
709 1817 815 1872 iterum
828 1816 900 1873 illud
922 1817 1009 1872 deor·
1063 1816 1145 1872 illum
1169 1821 1349 1872 convertunt.
1374 1817 1406 1871 lu
1428 1816 1565 1887 sapphiro
1584 1819 1683 1872 eutem
1706 1817 1762 1872 isto
1778 1815 1920 1873 divinitas

161 1925 225 1965 sum
239 1908 413 1978 supcridem
429 1908 518 1962 altere
530 1906 661 1972 remittit,
675 1906 812 1978 quoniam
828 1905 924 1976 ipsum
943 1921 1010 1960 con·
1064 1908 1182 1959 notetur
1201 1919 1266 1974 quse
1285 1903 1317 1958 in
1333 1902 1435 1958 eodem
1451 1903 1522 1959 Filio
1538 1919 1603 1959 meo
1625 1908 1677 1971 est
1704 1904 1754 1976 qui
1769 1904 1843 1976 lapis
1865 1920 1922 1959 an·

162 1996 354 2054 descensionis
378 1989 525 2067 respectus
553 2010 639 2066 super
662 2005 793 2050 mensum
815 1993 1011 2050 sanctificatio·
1064 1991 1172 2064 gularis
1195 1992 1320 2046 existens
1346 1992 1424 2048 mitis
1446 1997 1475 2046 ιι
1496 1991 1616 2049 humilis
1642 1995 1854 2065 aequoniam
1878 1995 1920 2050 de

162 2086 207 2141 nis
221 2083 389 2140 suavissime
403 2083 538 2154 deponit;
551 2083 640 2139 veluti
655 2098 721 2138 cum
745 2083 833 2138 homo
849 2082 1009 2139 subelitum
1063 2081 1159 2136 radice
1174 2081 1309 2136 humana
1320 2081 1414 2136 carnis
1428 2081 1478 2153 qui
1492 2081 1527 2136 de
1542 2082 1603 2136 viro
1617 2086 1646 2137 ιι
1660 2082 1783 2138 muliere
1802 2087 1919 2138 estnon

162 2189 246 2228 suum
271 2172 429 2226 introrsum
451 2170 538 2226 trahit
563 2170 719 2226 etiterum
744 2186 812 2226 eum
847 2177 1009 2228 extrorsum
1064 2167 1210 2237 radicavit,
1222 2168 1270 2224 sed
1285 2168 1317 2222 in
1329 2169 1423 2224 calore
1438 2183 1503 2224 meo
1518 2169 1730 2226 mirabiliterex
1744 2170 1921 2226 suavissima

162 2260 284 2327 emittit3
303 2258 372 2314 dum
396 2259 458 2331 ipse
479 2259 655 2330 spiraculum
679 2257 799 2316 viventis
820 2259 1011 2331 vegetationis
1064 2258 1179 2331 Virgine
1200 2259 1366 2314 incarnatus
1385 2262 1437 2313 est.
1460 2259 1540 2314 Unde
1563 2259 1651 2315 etiam
1665 2275 1732 2315 earo
1753 2264 1783 2314 et
1797 2261 1921 2331 sanguis

162 2349 306 2422 quesivit
328 2363 381 2420 per
399 2347 561 2403 mirabilem
583 2347 802 2419 dispositionem
824 2347 876 2403 liei
895 2348 951 2404 sibi
967 2348 1010 2403 in·
1064 2347 1225 2418 ejusdnleis
1238 2351 1266 2401 et
1277 2345 1371 2402 suavis
1385 2346 1422 2401 ed
1437 2347 1609 2403 sumendum
1626 2347 1784 2404 credendus
1798 2354 1851 2404 est.

162 2443 287 2494 trorsum
303 2436 393 2492 mittit
414 2442 445 2491 et
459 2451 586 2501 rursum,
602 2442 634 2490 ut
650 2436 746 2491 vivere
767 2425 1009 2507 ponteseram
1099 2437 1152 2492 Sed
1172 2441 1214 2502 tu,
1237 2452 1254 2491 o
1279 2437 1378 2503 homo,
1400 2436 1454 2490 lmc
1473 2437 1622 2508 spirituale
1638 2438 1747 2494 donum
1762 2438 1803 2494 itu
1818 2438 1921 2493 visibi-

162 2525 286 2582 deducit.
303 2525 344 2579 lta
356 2539 420 2578 eam
434 2523 612 2579 oblationem
622 2539 721 2580 veram
736 2540 852 2580 carnem
867 2530 896 2580 ιι
909 2541 1009 2581 verum
1066 2523 1130 2579 liter
1151 2539 1264 2579 sumere
1288 2539 1345 2579 nun
1368 2530 1452 2595 potes
1479 2525 1556 2580 velut
1575 2525 1717 2582 visibilem
1733 2541 1851 2582 carnem
1872 2543 1921 2579 co·
1986 2573 1987 2606 ,

163 2613 333 2685 sauguinem
349 2613 488 2681 effectam,
504 2612 636 2684 quamvis
650 2612 680 2668 in
690 2619 843 2685 conspectu
856 2609 1010 2671 hominum
1066 2612 1174 2678 medes,
1185 2617 1214 2666 ιι
1230 2613 1307 2667 velut
1317 2611 1458 2667 visibilem
1480 2614 1650 2684 sauguinem
1668 2613 1761 2676 bibes,
1776 2614 1922 2686 quoniam
1986 2615 1987 2678 ζ

162 2700 334 2772 velutpeuis
348 2705 376 2755 et
390 2699 487 2755 viuum
513 2704 663 2772 appareat:
680 2699 749 2772 quia
770 2704 803 2754 ut
823 2699 898 2757 Deus
926 2717 1010 2756 verer
1064 2700 1186 2772 putredo
1204 2699 1265 2756 limi
1287 2715 1333 2768 es;
1356 2700 1416 2766 sed,
1442 2704 1475 2755 ut
1496 2699 1732 2772 ιιιιιιιίριιιιιιι
1755 2707 1822 2758 tous
1841 2703 1873 2756 in
1890 2708 1922 2756 te
1986 2697 1987 2700 ’

162 2790 277 2845 estsine
298 2789 443 2857 illusione,
466 2788 506 2844 ita
533 2788 621 2845 etiam
644 2793 673 2845 et
695 2789 745 2844 ilia
767 2788 890 2844 altitudo
913 2805 1009 2846 sacra·
1064 2789 1218 2844 invisibilis
1246 2794 1300 2844 est:
1318 2789 1357 2844 ita
1373 2789 1459 2844 etiam
1487 2789 1541 2844 hoc
1572 2791 1669 2845 vivens
1697 2796 1917 2847 sacramentum

162 2879 254 2934 menti
268 2877 352 2934 tirme
362 2877 485 2933 altitudo
500 2883 544 2934 ιιι
560 2893 648 2950 quam
662 2878 760 2933 nullus
772 2877 896 2948 dejicere
906 2881 1009 2949 potest,
1030 2877 1095 2963 Cio
1112 2877 1257 2932 oblatione
1275 2876 1328 2932 ista
1345 2876 1487 2934 invisibile
1508 2879 1644 2948 existens,
1660 2884 1718 2935 ate
1731 2879 1921 2935 invisibiliter
1986 2931 1987 2942 ,

162 2983 230 3023 vere
254 2984 321 3023 cero
344 2971 373 3022 et
402 2967 522 3038 sanguis
543 2967 669 3022 existens
696 2967 807 3038 absque
829 2965 1008 3038 deceptione.
1065 2966 1278 3037 suscipiendum
1300 2971 1352 3021 est.
1375 2965 1449 3030 Quia
1474 2968 1719 3039 quemadmodum
1734 2983 1839 3041 corpus
1852 2970 1922 3026 Filii

163 3056 305 3123 Quoniam
328 3059 359 3108 ut
374 3053 471 3108 anime
486 3053 626 3110 veraciter
645 3052 724 3123 viget
748 3051 780 3106 in
794 3067 879 3107 carus
894 3056 924 3106 ιι
944 3065 1010 3105 sen·
1066 3055 1123 3110 mei
1144 3059 1174 3110 iu
1196 3059 1279 3110 utero
1309 3054 1437 3127 Virginis·
1459 3057 1593 3122 surrexit,
1617 3057 1657 3113 sie
1683 3059 1772 3114 etiem
1793 3064 1823 3114 ιι
1838 3075 1919 3115 nunc

162 3144 252 3216 guine
284 3143 353 3199 drrm
377 3142 466 3196 bomo
488 3140 557 3196 vivit
578 3141 611 3196 in
632 3156 762 3213 corporo,
788 3139 831 3196 ita
858 3146 903 3196 est
923 3139 1010 3195 etiam
1065 3159 1131 3198 cero
1146 3143 1275 3214 ejusdem
1303 3143 1449 3215 Unigeniti
1475 3147 1533 3200 mei
1556 3147 1587 3200 in
1601 3147 1826 3202 sancbticatione
1844 3148 1920 3204 alte·
1986 3179 1987 3212 ι

162 3232 218 3287 hoc
245 3230 414 3301 mysterium
434 3230 465 3284 in
480 3245 555 3301 pane
576 3234 607 3284 ιι
630 3228 696 3283 vino
720 3229 769 3284 ubi
792 3228 896 3283 colitur
919 3227 1011 3282 voraci
1064 3231 1104 3287 ris
1128 3231 1266 3286 escendit.
1290 3231 1364 3297 Quid
1379 3232 1456 3288 boc?
1481 3234 1554 3289 Num
1574 3234 1692 3306 spiritus
1722 3234 1848 3291 bominis
1864 3237 1919 3308 qui

161 3318 364 3375 celebratione.
392 3318 437 3374 Sic
458 3319 545 3374 etiem
570 3334 714 3390 apparens
737 3317 916 3374 bominibus:
942 3316 1011 3388 quis
1064 3318 1218 3375 invisibilis
1232 3319 1327 3376 existit
1350 3327 1562 3376 sacramentum
1591 3322 1644 3377 boc
1666 3323 1744 3395 quod
1759 3323 1790 3378 in
1805 3323 1920 3394 oblige-

162 3412 196 3462 ιιι
210 3423 302 3462 casem
324 3406 425 3463 oculos
447 3405 576 3461 bominis
595 3407 686 3462 Deum
701 3405 825 3477 perfecte
840 3404 937 3463 videre
952 3421 1010 3460 non
1065 3409 1144 3464 tione
1160 3407 1214 3464 bec
1230 3407 1373 3463 invisibile
1396 3413 1438 3463 ιιι
1450 3409 1633 3466 invisibiliter
1648 3411 1776 3482 suscipit,
1796 3427 1921 3484 corpore

162 3500 265 3569 potest,
287 3496 328 3551 ite
350 3495 438 3550 etiem
461 3496 548 3550 homo
573 3497 710 3567 mysteria
743 3494 796 3549 istu
823 3494 1012 3566 corporaliter·
1066 3496 1194 3552 bominis
1208 3496 1286 3568 quod
1305 3495 1418 3552 visibile
1440 3502 1483 3553 est
1507 3498 1682 3555 oblationem
1707 3499 1791 3555 istam
1805 3515 1873 3572 quoe
1887 3501 1921 3556 in
1986 3547 1987 3566 ,

162 3586 270 3641 intueri
291 3600 351 3640 nou
372 3584 456 3639 valet.
473 3583 625 3653 Quoniam,
650 3588 683 3639 ut
700 3584 788 3640 bomo
804 3599 909 3654 corpus
920 3583 1012 3638 ιιοιιιι-
1065 3591 1245 3640 sacremento
1262 3584 1382 3641 visibilis
1405 3587 1501 3643 existit
1525 3587 1677 3644 visibiliter
1693 3588 1861 3659 accipiente,
1877 3588 1920 3644 ite

162 3675 208 3732 nis
221 3684 251 3730 ιι
265 3689 323 3728 non
339 3672 474 3745 spiritum
488 3673 552 3744 ejus
565 3672 653 3739 videt,
669 3673 710 3728 sic
722 3672 811 3728 etism
828 3672 916 3729 bomo
929 3671 1012 3743 panis
1066 3678 1164 3727 tamen
1188 3687 1278 3727 unum
1300 3678 1511 3729 sacramentnm
1531 3673 1730 3742 existentibus,
1755 3676 1829 3730 sicut
1844 3676 1922 3731 Deus

162 3760 271 3818 etvini
290 3761 416 3833 speciem
437 3764 467 3814 et
485 3774 545 3815 non
566 3759 628 3816 hoec
649 3767 828 3816 sacramente
849 3758 1011 3832 perspicere
1069 3761 1201 3815 ethome
1227 3776 1303 3815 unus
1327 3761 1458 3817 Christus
1484 3767 1537 3831 est,
1559 3767 1588 3818 ιι
1602 3768 1636 3818 ut
1655 3763 1752 3818 anime
1766 3763 1932 3819 rationalis·

161 3856 266 3924 potest.
283 3849 358 3915 Quid
379 3847 453 3904 troc?
477 3849 598 3904 Claritas
620 3864 684 3921 quse
706 3865 796 3921 super
819 3864 926 3921 corpus
946 3847 1010 3902 Filii
1065 3851 1094 3900 ιι
1108 3861 1174 3900 cero
1196 3846 1326 3900 mortalis
1342 3846 1373 3900 iu
1391 3847 1509 3904 bomine
1525 3865 1601 3904 ιιιιιιι
1620 3853 1707 3905 bomo
1722 3850 1834 3916 eristit3
1851 3865 1922 3920 quo-

162 3939 214 3995 liei
233 3939 265 3993 iu
287 3938 418 4009 sepulcro
446 3939 593 4009 sepultum
621 3939 756 4009 apparuit
769 3938 1010 4009 ipsumaeopore
1064 3935 1144 3990 niem
1161 3935 1248 3989 homo
1268 3934 1318 4006 qui
1342 3941 1420 3991 recte
1441 3937 1497 3992 fide
1518 3952 1564 3992 me
1583 3939 1709 4010 inspicit,
1732 3953 1798 3994 cum
1822 3955 1917 3994 sacru-

162 4027 263 4083 mortis
278 4027 460 4093 resuscitans,
473 4025 536 4081 baec
558 4025 645 4080 etiam
664 4026 695 4081 in
714 4025 798 4080 altari
816 4041 904 4097 super
919 4040 1010 4079 sacra·
1066 4029 1197 4078 mentum
1215 4023 1291 4079 istud
1315 4025 1427 4096 accipit.
1452 4025 1488 4080 ad
1504 4026 1760 4082 sanctificationem
1781 4025 1827 4082 eui
1843 4027 1919 4082 illud

162 4120 295 4172 mentum
317 4112 448 4184 corporis
478 4119 509 4169 ιι
529 4114 678 4185 sauguinis
706 4114 836 4185 ejusdem
865 4113 1011 4184 Unigeniti
1064 4111 1187 4168 ildeliter
1200 4110 1329 4182 suscipit.
1350 4112 1425 4177 Quid
1440 4113 1514 4170 hoc?
1537 4115 1625 4171 Filius
1640 4131 1722 4170 meos
1744 4114 1920 4172 mirabiliter
1986 4127 1987 4138 ¹

161 4204 221 4258 mei
236 4201 411 4273 resplendet,
429 4200 499 4256 illud
521 4200 562 4256 ιιι
575 4203 606 4255 iu
618 4209 775 4273 conspectu
795 4201 947 4256 bominum
970 4205 1010 4256 te·
1030 4205 1151 4260 linatus
1166 4205 1209 4256 est
1223 4215 1256 4256 ex
1281 4201 1471 4273 integerrima
1494 4203 1620 4276 Virgine,
1636 4205 1718 4275 cujus
1739 4219 1805 4260 caro
1824 4204 1852 4262 in
1869 4205 1920 4260 de-

163 4380 221 4436 nisi
231 4379 263 4435 in
277 4378 371 4452 speeie
385 4379 470 4451 penis
485 4385 514 4435 ιι
529 4379 590 4435 vini
602 4380 762 4435 secundum
777 4379 855 4452 quod
875 4378 925 4434 iile
937 4379 1014 4435 obta-
1067 4381 1263 4446 clamarem,
1285 4379 1353 4444 onis
1372 4395 1420 4434 vas
1441 4381 1533 4453 ipsius
1557 4381 1681 4454 Virginis
1697 4381 1921 4440 mundissimum

162 4469 204 4526 tio
224 4468 309 4525 ultori
332 4468 514 4540 superposite
543 4473 596 4524 est.
628 4468 708 4524 Sicut
725 4467 814 4524 etiam
835 4467 1013 4525 humanitem
1066 4466 1183 4523 initzin
1191 4481 1248 4539 qno
1256 4467 1351 4538 ipsum
1361 4467 1548 4541 Unigenitum
1558 4485 1655 4526 meum
1667 4469 1811 4526 incarnari
1819 4473 1920 4528 voluit.

164 4557 229 4614 Filii
250 4557 301 4614 liei
324 4556 457 4612 divinitas
480 4571 546 4629 quse
569 4556 678 4628 inipso
700 4560 762 4612 erat
783 4557 822 4611 ιιι
848 4555 1014 4613 hominibus
1069 4554 1148 4610 Unde
1164 4571 1222 4610 uon
1246 4554 1363 4626 permisi
1389 4561 1420 4612 ιιι
1442 4572 1494 4614 ιιι
1513 4558 1610 4630 ipsum
1626 4558 1716 4630 ipsius
1743 4559 1922 4616 suavissima

163 4645 357 4703 obtectsiuit:
372 4645 452 4717 quod
478 4661 545 4701 eum
560 4661 621 4702 nou
636 4644 692 4700 uisi
705 4649 737 4700 ut
751 4644 901 4700 hominem
916 4645 1014 4700 videre
1068 4645 1193 4717 Virginis
1208 4646 1238 4701 in
1260 4648 1355 4703 calore
1377 4647 1488 4704 ardoris
1509 4647 1671 4706 difflueret:
1685 4649 1825 4721 quoniam
1842 4651 1871 4706 in
1885 4667 1921 4706 eo

164 4737 334 4806 potueruut,
358 4748 424 4788 cum
445 4732 516 4803 ipsis
529 4740 563 4789 ιιι
585 4733 746 4799 hominem,
769 4733 819 4789 ssd
834 4738 930 4789 tamen
951 4733 1014 4788 sine
1068 4733 1155 4789 lilius
1170 4749 1251 4790 meus
1265 4735 1426 4792 humanum
1440 4751 1546 4808 corpus
1555 4737 1729 4796 mirabiliter
1743 4740 1878 4810 suscepit.

164 4827 292 4894 peceato,
314 4827 541 4878 conversantem.
567 4821 639 4887 Quid
654 4823 736 4900 „boc'l
756 4823 814 4894 ligo
837 4823 889 4894 qui
915 4823 1015 4878 omnia
1104 4821 1159 4878 Sed
1184 4822 1261 4894 qood
1281 4824 1345 4894 ipse
1367 4825 1532 4881 beatissime
1561 4827 1647 4898 Virgo
1675 4843 1727 4899 per
1760 4827 1922 4899 angelicum

165 4911 278 4968 creavi:
304 4925 370 4966 cum
390 4911 427 4965 ub
450 4910 575 4966 Ecclesia
597 4927 651 4982 per
672 4909 880 4966 sacerdotalem
895 4926 1013 4966 menum
1069 4925 1233 4966 sermonem
1260 4910 1291 4967 in
1317 4912 1420 4969 eodem
1449 4919 1560 4970 secreto
1589 4929 1686 4970 versru
1715 4915 1920 4972 allocutionem

165 4998 302 5072 praedicta
320 4998 428 5054 oblatio
450 4999 523 5054 mibi
546 4999 677 5065 otientur,
700 5014 765 5054 earu
782 4998 910 5070 benigne
924 4999 1013 5054 susci·
1069 4997 1180 5054 audivit
1193 5007 1222 5054 et
1233 5001 1339 5057 ericus
1362 5002 1480 5058 credule
1491 5001 1591 5060 siisota
1606 5004 1731 5076 suspiria
1744 5007 1849 5060 mentis
1862 5021 1923 5061 sue

166 5086 226 5162 pio.
251 5086 395 5153 Quonim
415 5091 449 5144 ut
475 5087 614 5144 Divinitas
636 5087 781 5144 mirabilia
804 5103 857 5142 soa
878 5088 910 5142 in
931 5092 1014 5143 utero
1070 5103 1184 5145 sursum
1196 5089 1299 5158 tenuit,
1314 5105 1380 5146 cum
1394 5091 1726 5152 uicsrctzuccecncittc
1736 5091 1924 5164 Denthalioi

166 5176 291 5249 Virginis
314 5176 452 5247 ostendit,
487 5177 574 5232 etiam
601 5175 632 5230 in
652 5175 706 5231 lrsc
734 5174 880 5230 oblatione
905 5180 1016 5231 secreta
1068 5174 1310 5235 miisirecnndum
1330 5179 1447 5236 uerbum
1463 5183 1543 5236 tuum
1559 5181 1639 5253 (Luc.
1661 5185 1765 5252 r),mox
1786 5182 1924 5252 Unigeni-

166 5282 219 5322 sue
239 5265 427 5322 demonstrat.
457 5263 631 5330 Quomodo?
652 5263 725 5329 Quia
752 5279 818 5319 caro
841 5268 869 5320 ιι
898 5264 1015 5336 sanguis
1070 5269 1133 5320 tuus
1148 5267 1201 5322 liei
1225 5267 1336 5341 Spiritu
1365 5274 1464 5326 sancto
1485 5270 1717 5343 superveniente,
1745 5271 1922 5342 concipiens,

168 5353 233 5409 sitit
260 5355 310 5410 noi
338 5355 550 5410 manifestatur.
579 5352 751 5419 Quomodo?
780 5351 921 5417 Quoniam
944 5353 1014 5409 dum
1068 5353 1288 5429 desiguetquod
1312 5357 1496 5430 omnipotens
1514 5359 1588 5415 Qeus
1609 5375 1663 5432 per
1680 5359 1768 5416 verba
1788 5359 1918 5415 sacerdo-

167 5440 338 5500 oblstieilta
360 5458 477 5500 sursum
497 5441 681 5500 invisibiliter
698 5441 776 5498 velut
795 5439 826 5496 iu
841 5446 946 5513 puncto
962 5459 1015 5515 per
1071 5443 1108 5498 tis
1133 5443 1163 5499 in
1187 5443 1282 5501 olticio
1306 5446 1476 5504 sacerdotali
1507 5448 1685 5506 invocandus
1711 5454 1764 5506 est.
1787 5449 1829 5504 lta
1843 5449 1921 5522 qued
