<?xml version="1.0" encoding="UTF-8"?>
<!DOCTYPE html PUBLIC "-//W3C//DTD XHTML 1.0 Transitional//EN"
    "http://www.w3.org/TR/xhtml1/DTD/xhtml1-transitional.dtd">
<html xmlns="http://www.w3.org/1999/xhtml" xml:lang="en" lang="en">
 <head>
  <title>
</title>
<meta http-equiv="Content-Type" content="text/html;charset=utf-8" />
  <meta name='ocr-system' content='tesseract 3.04.00' />
  <meta name='ocr-capabilities' content='ocr_page ocr_carea ocr_par ocr_line ocrx_word'/>
</head>
<body>
  <div class='ocr_page' id='page_1' title='image "./patrologiaecurs125unkngoog_0233.png"; bbox 0 0 3984 6034; ppageno 0'>
   <div class='ocr_carea' id='block_1_1' title="bbox 67 223 120 274">
    <p class='ocr_par' dir='ltr' id='par_1_1' title="bbox 67 223 120 274">
     <span class='ocr_line' id='line_1_1' title="bbox 67 223 120 274; baseline 0 -1"><span class='ocrx_word' id='word_1_1' title='bbox 67 223 120 274; x_wconf 67' lang='lat' dir='ltr'><strong>tot</strong></span> 
     </span>
    </p>
   </div>
   <div class='ocr_carea' id='block_1_2' title="bbox 694 224 1211 291">
    <p class='ocr_par' dir='ltr' id='par_1_2' title="bbox 694 224 1211 291">
     <span class='ocr_line' id='line_1_2' title="bbox 694 224 1211 291; baseline 0.021 -17"><span class='ocrx_word' id='word_1_2' title='bbox 694 224 839 278; x_wconf 76' lang='lat' dir='ltr'><strong>Sllll&#39;le.</strong></span> <span class='ocrx_word' id='word_1_3' title='bbox 854 254 889 265; x_wconf 95' lang='lat'>-</span> <span class='ocrx_word' id='word_1_4' title='bbox 905 225 969 280; x_wconf 75' lang='lat' dir='ltr'><strong>lle.</strong></span> <span class='ocrx_word' id='word_1_5' title='bbox 992 227 1027 291; x_wconf 93' lang='lat' dir='ltr'><strong>ll,</strong></span> <span class='ocrx_word' id='word_1_6' title='bbox 1051 226 1140 281; x_wconf 86' lang='lat' dir='ltr'><strong>l&#39;lSlll</strong></span> <span class='ocrx_word' id='word_1_7' title='bbox 1161 229 1211 285; x_wconf 94' lang='grc' dir='ltr'><strong>ΙΙΙ.</strong></span> 
     </span>
    </p>
   </div>
   <div class='ocr_carea' id='block_1_3' title="bbox 1773 235 1824 289">
    <p class='ocr_par' dir='ltr' id='par_1_3' title="bbox 1773 235 1824 289">
     <span class='ocr_line' id='line_1_3' title="bbox 1773 235 1824 289; baseline 0.02 -2"><span class='ocrx_word' id='word_1_8' title='bbox 1773 235 1824 289; x_wconf 75' lang='lat' dir='ltr'><strong>lte</strong></span> 
     </span>
    </p>
   </div>
   <div class='ocr_carea' id='block_1_4' title="bbox 68 349 1820 438">
    <p class='ocr_par' dir='ltr' id='par_1_4' title="bbox 68 349 1820 438">
     <span class='ocr_line' id='line_1_4' title="bbox 68 349 1820 438; baseline 0.011 -35"><span class='ocrx_word' id='word_1_9' title='bbox 68 349 195 404; x_wconf 89' lang='lat' dir='ltr'><strong>sicerum</strong></span> <span class='ocrx_word' id='word_1_10' title='bbox 224 350 361 406; x_wconf 79' lang='lat' dir='ltr'><strong>undis-de</strong></span> <span class='ocrx_word' id='word_1_11' title='bbox 382 351 447 422; x_wconf 89' lang='lat' dir='ltr'><strong>ipsa</strong></span> <span class='ocrx_word' id='word_1_12' title='bbox 472 353 528 408; x_wconf 91' lang='lat' dir='ltr'><strong>hoc</strong></span> <span class='ocrx_word' id='word_1_13' title='bbox 548 354 690 408; x_wconf 87' lang='lat' dir='ltr'><strong>cauticum</strong></span> <span class='ocrx_word' id='word_1_14' title='bbox 710 355 792 428; x_wconf 87' lang='lat' dir='ltr'><strong>qnasi</strong></span> <span class='ocrx_word' id='word_1_15' title='bbox 814 372 920 413; x_wconf 88' lang='lat' dir='ltr'><strong>aurora</strong></span> <span class='ocrx_word' id='word_1_16' title='bbox 938 363 960 412; x_wconf 79' lang='grc' dir='ltr'>Α</span> <span class='ocrx_word' id='word_1_17' title='bbox 973 358 1122 413; x_wconf 88' lang='lat' dir='ltr'><strong>suasiones</strong></span> <span class='ocrx_word' id='word_1_18' title='bbox 1160 362 1318 416; x_wconf 85' lang='lat' dir='ltr'><strong>multorum</strong></span> <span class='ocrx_word' id='word_1_19' title='bbox 1357 361 1509 419; x_wconf 85' lang='lat' dir='ltr'><strong>hominurn</strong></span> <span class='ocrx_word' id='word_1_20' title='bbox 1543 369 1745 438; x_wconf 87' lang='lat' dir='ltr'><strong>oppugnatur;</strong></span> <span class='ocrx_word' id='word_1_21' title='bbox 1774 369 1820 422; x_wconf 87' lang='lat' dir='ltr'><strong>sed</strong></span> 
     </span>
    </p>
   </div>
   <div class='ocr_carea' id='block_1_5' title="bbox 63 439 918 1660">
    <p class='ocr_par' dir='ltr' id='par_1_5' title="bbox 63 439 918 1660">
     <span class='ocr_line' id='line_1_5' title="bbox 67 439 918 512; baseline 0.008 -21"><span class='ocrx_word' id='word_1_22' title='bbox 67 439 150 492; x_wconf 87' lang='lat' dir='ltr'><strong>valde</strong></span> <span class='ocrx_word' id='word_1_23' title='bbox 173 439 294 494; x_wconf 79' lang='lat' dir='ltr'><strong>rutilans</strong></span> <span class='ocrx_word' id='word_1_24' title='bbox 321 440 485 508; x_wconf 89' lang='lat' dir='ltr'><strong>decantari;</strong></span> <span class='ocrx_word' id='word_1_25' title='bbox 509 443 644 512; x_wconf 90' lang='lat' dir='ltr'><strong>quoniam</strong></span> <span class='ocrx_word' id='word_1_26' title='bbox 671 443 763 498; x_wconf 86' lang='lat' dir='ltr'><strong>omnis</strong></span> <span class='ocrx_word' id='word_1_27' title='bbox 783 461 834 498; x_wconf 82' lang='lat' dir='ltr'><strong>vox</strong></span> <span class='ocrx_word' id='word_1_28' title='bbox 854 461 918 498; x_wconf 90' lang='lat' dir='ltr'><strong>cre-</strong></span> 
     </span>
     <span class='ocr_line' id='line_1_6' title="bbox 64 527 916 602; baseline 0.007 -22"><span class='ocrx_word' id='word_1_29' title='bbox 64 527 199 582; x_wconf 88' lang='lat' dir='ltr'><strong>dentium</strong></span> <span class='ocrx_word' id='word_1_30' title='bbox 224 534 257 583; x_wconf 93' lang='lat' dir='ltr'><strong>ut</strong></span> <span class='ocrx_word' id='word_1_31' title='bbox 280 528 440 584; x_wconf 82' lang='lat' dir='ltr'><strong>intellectui</strong></span> <span class='ocrx_word' id='word_1_32' title='bbox 467 536 517 584; x_wconf 91' lang='lat' dir='ltr'><strong>tuo</strong></span> <span class='ocrx_word' id='word_1_33' title='bbox 539 531 702 586; x_wconf 70' lang='lat' dir='ltr'>infunditur</span> <span class='ocrx_word' id='word_1_34' title='bbox 724 533 916 602; x_wconf 88' lang='lat' dir='ltr'><strong>virginitatem</strong></span> 
     </span>
     <span class='ocr_line' id='line_1_7' title="bbox 64 616 918 686; baseline 0.007 -18"><span class='ocrx_word' id='word_1_35' title='bbox 64 616 144 670; x_wconf 90' lang='lat' dir='ltr'><strong>illins</strong></span> <span class='ocrx_word' id='word_1_36' title='bbox 170 616 288 670; x_wconf 71' lang='lat' dir='ltr'><strong>illibatas</strong></span> <span class='ocrx_word' id='word_1_37' title='bbox 325 617 446 686; x_wconf 78' lang='lat' dir='ltr'><strong>virginis</strong></span> <span class='ocrx_word' id='word_1_38' title='bbox 472 624 531 672; x_wconf 88' lang='lat' dir='ltr'><strong>tota</strong></span> <span class='ocrx_word' id='word_1_39' title='bbox 561 619 720 674; x_wconf 85' lang='lat' dir='ltr'><strong>intentione</strong></span> <span class='ocrx_word' id='word_1_40' title='bbox 743 621 773 674; x_wconf 91' lang='lat' dir='ltr'><strong>in</strong></span> <span class='ocrx_word' id='word_1_41' title='bbox 795 621 918 674; x_wconf 76' lang='lat' dir='ltr'><strong>Ecclesia</strong></span> 
     </span>
     <span class='ocr_line' id='line_1_8' title="bbox 63 705 918 780; baseline 0.006 -22"><span class='ocrx_word' id='word_1_42' title='bbox 63 705 201 774; x_wconf 89' lang='lat' dir='ltr'><strong>amplecti</strong></span> <span class='ocrx_word' id='word_1_43' title='bbox 224 705 319 760; x_wconf 88' lang='lat' dir='ltr'><strong>debet.</strong></span> <span class='ocrx_word' id='word_1_44' title='bbox 344 706 425 770; x_wconf 80' lang='lat' dir='ltr'><strong>Quod</strong></span> <span class='ocrx_word' id='word_1_45' title='bbox 450 722 517 760; x_wconf 90' lang='lat' dir='ltr'><strong>vero</strong></span> <span class='ocrx_word' id='word_1_46' title='bbox 541 709 640 764; x_wconf 89' lang='lat' dir='ltr'><strong>eadem</strong></span> <span class='ocrx_word' id='word_1_47' title='bbox 666 709 762 779; x_wconf 87' lang='lat' dir='ltr'><strong>imago</strong></span> <span class='ocrx_word' id='word_1_48' title='bbox 781 709 918 780; x_wconf 81' lang='lat' dir='ltr'><strong>expandit</strong></span> 
     </span>
     <span class='ocr_line' id='line_1_9' title="bbox 64 792 917 870; baseline 0.008 -26"><span class='ocrx_word' id='word_1_49' title='bbox 64 792 251 862; x_wconf 79' lang='lat' dir='ltr'><strong>splendorem</strong></span> <span class='ocrx_word' id='word_1_50' title='bbox 277 810 362 848; x_wconf 91' lang='lat' dir='ltr'><strong>suum</strong></span> <span class='ocrx_word' id='word_1_51' title='bbox 384 796 462 849; x_wconf 86' lang='lat' dir='ltr'><strong>velut</strong></span> <span class='ocrx_word' id='word_1_52' title='bbox 489 797 692 850; x_wconf 86' lang='lat' dir='ltr'><strong>vestimentum</strong></span> <span class='ocrx_word' id='word_1_53' title='bbox 716 797 814 851; x_wconf 90' lang='lat' dir='ltr'><strong>diceus</strong></span> <span class='ocrx_word' id='word_1_54' title='bbox 838 797 917 870; x_wconf 91' lang='lat' dir='ltr'><strong>quod</strong></span> 
     </span>
     <span class='ocr_line' id='line_1_10' title="bbox 64 882 917 957; baseline 0.007 -23"><span class='ocrx_word' id='word_1_55' title='bbox 64 886 199 951; x_wconf 87' lang='lat' dir='ltr'><strong>oporteat</strong></span> <span class='ocrx_word' id='word_1_56' title='bbox 223 882 316 954; x_wconf 88' lang='lat' dir='ltr'><strong>ipsam</strong></span> <span class='ocrx_word' id='word_1_57' title='bbox 340 884 491 954; x_wconf 79' lang='lat' dir='ltr'>concipere</span> <span class='ocrx_word' id='word_1_58' title='bbox 505 889 532 938; x_wconf 89' lang='lat' dir='ltr'><strong>et</strong></span> <span class='ocrx_word' id='word_1_59' title='bbox 564 901 683 956; x_wconf 87' lang='lat' dir='ltr'><strong>parere:</strong></span> <span class='ocrx_word' id='word_1_60' title='bbox 711 886 765 940; x_wconf 89' lang='lat' dir='ltr'><strong>hoc</strong></span> <span class='ocrx_word' id='word_1_61' title='bbox 780 890 823 940; x_wconf 84' lang='lat' dir='ltr'><strong>est</strong></span> <span class='ocrx_word' id='word_1_62' title='bbox 839 887 917 957; x_wconf 89' lang='lat' dir='ltr'><strong>qnod</strong></span> 
     </span>
     <span class='ocr_line' id='line_1_11' title="bbox 66 969 918 1028; baseline 0.007 -6"><span class='ocrx_word' id='word_1_63' title='bbox 66 970 96 1022; x_wconf 92' lang='lat' dir='ltr'><strong>in</strong></span> <span class='ocrx_word' id='word_1_64' title='bbox 140 969 264 1024; x_wconf 74' lang='lat' dir='ltr'>Ecclesia</span> <span class='ocrx_word' id='word_1_65' title='bbox 295 971 432 1025; x_wconf 87' lang='lat' dir='ltr'><strong>dilatatur</strong></span> <span class='ocrx_word' id='word_1_66' title='bbox 479 979 690 1028; x_wconf 84' lang='lat' dir='ltr'><strong>sacramentum</strong></span> <span class='ocrx_word' id='word_1_67' title='bbox 730 973 918 1028; x_wconf 88' lang='lat' dir='ltr'><strong>confessionis</strong></span> 
     </span>
     <span class='ocr_line' id='line_1_12' title="bbox 66 1059 918 1134; baseline 0.009 -26"><span class='ocrx_word' id='word_1_68' title='bbox 66 1072 142 1113; x_wconf 71' lang='lat' dir='ltr'><strong>verae</strong></span> <span class='ocrx_word' id='word_1_69' title='bbox 170 1059 314 1125; x_wconf 87' lang='lat' dir='ltr'><strong>trinitatis,</strong></span> <span class='ocrx_word' id='word_1_70' title='bbox 343 1060 411 1130; x_wconf 89' lang='lat' dir='ltr'><strong>quia</strong></span> <span class='ocrx_word' id='word_1_71' title='bbox 438 1061 558 1115; x_wconf 88' lang='lat' dir='ltr'><strong>amictus</strong></span> <span class='ocrx_word' id='word_1_72' title='bbox 583 1061 672 1132; x_wconf 90' lang='lat' dir='ltr'><strong>ipsius</strong></span> <span class='ocrx_word' id='word_1_73' title='bbox 698 1070 742 1116; x_wconf 87' lang='lat' dir='ltr'><strong>est</strong></span> <span class='ocrx_word' id='word_1_74' title='bbox 770 1063 799 1116; x_wconf 94' lang='lat' dir='ltr'><strong>iu</strong></span> <span class='ocrx_word' id='word_1_75' title='bbox 825 1071 918 1134; x_wconf 82' lang='lat' dir='ltr'><strong>prote-</strong></span> 
     </span>
     <span class='ocr_line' id='line_1_13' title="bbox 65 1146 918 1222; baseline 0.006 -22"><span class='ocrx_word' id='word_1_76' title='bbox 65 1146 164 1201; x_wconf 87' lang='lat' dir='ltr'><strong>ctione</strong></span> <span class='ocrx_word' id='word_1_77' title='bbox 178 1146 306 1202; x_wconf 83' lang='lat' dir='ltr'><strong>fidelium</strong></span> <span class='ocrx_word' id='word_1_78' title='bbox 321 1148 503 1219; x_wconf 89' lang='lat' dir='ltr'><strong>populorum,</strong></span> <span class='ocrx_word' id='word_1_79' title='bbox 517 1165 571 1220; x_wconf 88' lang='lat' dir='ltr'><strong>per</strong></span> <span class='ocrx_word' id='word_1_80' title='bbox 593 1166 666 1220; x_wconf 91' lang='lat' dir='ltr'><strong>quos</strong></span> <span class='ocrx_word' id='word_1_81' title='bbox 680 1150 743 1221; x_wconf 85' lang='lat' dir='ltr'><strong>ipsa</strong></span> <span class='ocrx_word' id='word_1_82' title='bbox 765 1156 918 1222; x_wconf 79' lang='lat' dir='ltr'>consurget</span> 
     </span>
     <span class='ocr_line' id='line_1_14' title="bbox 66 1235 916 1308; baseline 0.005 -20"><span class='ocrx_word' id='word_1_83' title='bbox 66 1235 98 1288; x_wconf 91' lang='lat' dir='ltr'><strong>in</strong></span> <span class='ocrx_word' id='word_1_84' title='bbox 114 1235 339 1290; x_wconf 76' lang='lat' dir='ltr'><strong>aedificationem</strong></span> <span class='ocrx_word' id='word_1_85' title='bbox 358 1235 516 1290; x_wconf 89' lang='lat' dir='ltr'><strong>viventium</strong></span> <span class='ocrx_word' id='word_1_86' title='bbox 532 1235 659 1308; x_wconf 89' lang='lat' dir='ltr'><strong>tapidum</strong></span> <span class='ocrx_word' id='word_1_87' title='bbox 681 1236 710 1290; x_wconf 92' lang='lat' dir='ltr'><strong>iu</strong></span> <span class='ocrx_word' id='word_1_88' title='bbox 725 1237 803 1292; x_wconf 90' lang='lat' dir='ltr'><strong>fonte</strong></span> <span class='ocrx_word' id='word_1_89' title='bbox 823 1239 916 1308; x_wconf 92' lang='lat' dir='ltr'><strong>puris-</strong></span> 
     </span>
     <span class='ocr_line' id='line_1_15' title="bbox 65 1323 918 1396; baseline 0.007 -20"><span class='ocrx_word' id='word_1_90' title='bbox 65 1324 134 1378; x_wconf 86' lang='lat' dir='ltr'><strong>simi</strong></span> <span class='ocrx_word' id='word_1_91' title='bbox 154 1323 258 1378; x_wconf 84' lang='lat' dir='ltr'><strong>lsvacri</strong></span> <span class='ocrx_word' id='word_1_92' title='bbox 285 1323 493 1390; x_wconf 77' lang='lat' dir='ltr'><strong>dealbatorum,</strong></span> <span class='ocrx_word' id='word_1_93' title='bbox 516 1326 590 1380; x_wconf 92' lang='lat' dir='ltr'><strong>sicut</strong></span> <span class='ocrx_word' id='word_1_94' title='bbox 628 1332 657 1380; x_wconf 89' lang='lat' dir='ltr'><strong>et</strong></span> <span class='ocrx_word' id='word_1_95' title='bbox 681 1326 742 1396; x_wconf 92' lang='lat' dir='ltr'><strong>ipsa</strong></span> <span class='ocrx_word' id='word_1_96' title='bbox 765 1327 918 1382; x_wconf 81' lang='lat' dir='ltr'><strong>confitetur</strong></span> 
     </span>
     <span class='ocr_line' id='line_1_16' title="bbox 65 1412 916 1484; baseline 0.002 -18"><span class='ocrx_word' id='word_1_97' title='bbox 65 1427 182 1466; x_wconf 86' lang='lat' dir='ltr'><strong>necesse</strong></span> <span class='ocrx_word' id='word_1_98' title='bbox 203 1412 239 1466; x_wconf 90' lang='lat' dir='ltr'><strong>ad</strong></span> <span class='ocrx_word' id='word_1_99' title='bbox 267 1412 454 1466; x_wconf 78' lang='lat' dir='ltr'><strong>salvationem</strong></span> <span class='ocrx_word' id='word_1_100' title='bbox 472 1417 501 1466; x_wconf 91' lang='lat' dir='ltr'><strong>ot</strong></span> <span class='ocrx_word' id='word_1_101' title='bbox 516 1413 659 1484; x_wconf 70' lang='lat' dir='ltr'><strong>concipiat</strong></span> <span class='ocrx_word' id='word_1_102' title='bbox 682 1415 755 1468; x_wconf 89' lang='lat' dir='ltr'><strong>lilios</strong></span> <span class='ocrx_word' id='word_1_103' title='bbox 775 1414 804 1469; x_wconf 93' lang='lat' dir='ltr'><strong>in</strong></span> <span class='ocrx_word' id='word_1_104' title='bbox 831 1415 916 1468; x_wconf 88' lang='lat' dir='ltr'><strong>bene·</strong></span> 
     </span>
     <span class='ocr_line' id='line_1_17' title="bbox 64 1499 918 1574; baseline 0.005 -22"><span class='ocrx_word' id='word_1_105' title='bbox 64 1499 202 1566; x_wconf 87' lang='lat' dir='ltr'><strong>dictione,</strong></span> <span class='ocrx_word' id='word_1_106' title='bbox 219 1503 247 1553; x_wconf 89' lang='lat' dir='ltr'><strong>at</strong></span> <span class='ocrx_word' id='word_1_107' title='bbox 262 1507 294 1553; x_wconf 90' lang='lat' dir='ltr'><strong>ut</strong></span> <span class='ocrx_word' id='word_1_108' title='bbox 319 1500 411 1570; x_wconf 87' lang='lat' dir='ltr'><strong>pariat</strong></span> <span class='ocrx_word' id='word_1_109' title='bbox 425 1516 475 1553; x_wconf 89' lang='lat' dir='ltr'><strong>eos</strong></span> <span class='ocrx_word' id='word_1_110' title='bbox 499 1501 530 1554; x_wconf 91' lang='lat' dir='ltr'><strong>in</strong></span> <span class='ocrx_word' id='word_1_111' title='bbox 555 1501 702 1556; x_wconf 89' lang='lat' dir='ltr'><strong>ablutione</strong></span> <span class='ocrx_word' id='word_1_112' title='bbox 724 1518 777 1574; x_wconf 89' lang='lat' dir='ltr'><strong>per</strong></span> <span class='ocrx_word' id='word_1_113' title='bbox 799 1518 918 1572; x_wconf 82' lang='lat' dir='ltr'><strong>regene-</strong></span> 
     </span>
     <span class='ocr_line' id='line_1_18' title="bbox 65 1587 918 1660; baseline 0.005 -20"><span class='ocrx_word' id='word_1_114' title='bbox 65 1587 211 1642; x_wconf 89' lang='lat' dir='ltr'><strong>rationem</strong></span> <span class='ocrx_word' id='word_1_115' title='bbox 233 1587 350 1658; x_wconf 88' lang='lat' dir='ltr'><strong>spiritus</strong></span> <span class='ocrx_word' id='word_1_116' title='bbox 379 1593 408 1641; x_wconf 88' lang='grc' dir='ltr'><strong>ει</strong></span> <span class='ocrx_word' id='word_1_117' title='bbox 435 1604 527 1658; x_wconf 83' lang='lat' dir='ltr'><strong>aquae.</strong></span> <span class='ocrx_word' id='word_1_118' title='bbox 552 1588 732 1660; x_wconf 78' lang='lat' dir='ltr'><strong>Quapropter</strong></span> <span class='ocrx_word' id='word_1_119' title='bbox 751 1595 858 1645; x_wconf 75' lang='lat' dir='ltr'><strong>elmon</strong></span> <span class='ocrx_word' id='word_1_120' title='bbox 877 1606 918 1644; x_wconf 85' lang='lat' dir='ltr'><strong>ac·</strong></span> 
     </span>
    </p>
   </div>
   <div class='ocr_carea' id='block_1_6' title="bbox 970 447 1822 1673">
    <p class='ocr_par' dir='ltr' id='par_1_6' title="bbox 970 447 1822 1673">
     <span class='ocr_line' id='line_1_19' title="bbox 972 447 1821 524; baseline 0.015 -25"><span class='ocrx_word' id='word_1_121' title='bbox 972 450 1068 501; x_wconf 85' lang='lat' dir='ltr'><strong>tamen</strong></span> <span class='ocrx_word' id='word_1_122' title='bbox 1092 447 1152 519; x_wconf 90' lang='lat' dir='ltr'><strong>ipsa</strong></span> <span class='ocrx_word' id='word_1_123' title='bbox 1173 465 1226 520; x_wconf 90' lang='lat' dir='ltr'><strong>per</strong></span> <span class='ocrx_word' id='word_1_124' title='bbox 1249 449 1392 505; x_wconf 88' lang='lat' dir='ltr'><strong>orationes</strong></span> <span class='ocrx_word' id='word_1_125' title='bbox 1410 469 1475 506; x_wconf 88' lang='lat' dir='ltr'><strong>suas</strong></span> <span class='ocrx_word' id='word_1_126' title='bbox 1492 469 1563 524; x_wconf 88' lang='lat' dir='ltr'><strong>quas</strong></span> <span class='ocrx_word' id='word_1_127' title='bbox 1587 453 1683 510; x_wconf 90' lang='lat' dir='ltr'><strong>fundit</strong></span> <span class='ocrx_word' id='word_1_128' title='bbox 1707 456 1742 510; x_wconf 94' lang='lat' dir='ltr'><strong>ad</strong></span> <span class='ocrx_word' id='word_1_129' title='bbox 1770 457 1821 512; x_wconf 86' lang='lat' dir='ltr'><strong>Do-</strong></span> 
     </span>
     <span class='ocr_line' id='line_1_20' title="bbox 972 535 1821 603; baseline 0.013 -15"><span class='ocrx_word' id='word_1_130' title='bbox 972 535 1095 603; x_wconf 87' lang='lat' dir='ltr'><strong>minum,</strong></span> <span class='ocrx_word' id='word_1_131' title='bbox 1115 553 1132 590; x_wconf 87' lang='lat' dir='ltr'><strong>a</strong></span> <span class='ocrx_word' id='word_1_132' title='bbox 1155 537 1363 594; x_wconf 85' lang='lat' dir='ltr'><strong>tentationibus</strong></span> <span class='ocrx_word' id='word_1_133' title='bbox 1387 539 1504 595; x_wconf 89' lang='lat' dir='ltr'><strong>illorum</strong></span> <span class='ocrx_word' id='word_1_134' title='bbox 1535 547 1650 598; x_wconf 88' lang='lat' dir='ltr'><strong>strenue</strong></span> <span class='ocrx_word' id='word_1_135' title='bbox 1684 543 1821 599; x_wconf 88' lang='lat' dir='ltr'><strong>liberatur</strong></span> 
     </span>
     <span class='ocr_line' id='line_1_21' title="bbox 970 627 1818 698; baseline 0.014 -21"><span class='ocrx_word' id='word_1_136' title='bbox 970 640 1140 680; x_wconf 87' lang='lat' dir='ltr'><strong>conservans</strong></span> <span class='ocrx_word' id='word_1_137' title='bbox 1162 627 1371 698; x_wconf 81' lang='lat' dir='ltr'><strong>benignitatem</strong></span> <span class='ocrx_word' id='word_1_138' title='bbox 1401 646 1491 686; x_wconf 80' lang='lat' dir='ltr'><strong>stram.</strong></span> <span class='ocrx_word' id='word_1_139' title='bbox 1513 631 1555 686; x_wconf 87' lang='lat' dir='ltr'><strong>lla</strong></span> <span class='ocrx_word' id='word_1_140' title='bbox 1583 633 1668 688; x_wconf 87' lang='lat' dir='ltr'><strong>eliam</strong></span> <span class='ocrx_word' id='word_1_141' title='bbox 1697 633 1818 689; x_wconf 78' lang='lat' dir='ltr'><strong>Ecclesia</strong></span> 
     </span>
     <span class='ocr_line' id='line_1_22' title="bbox 971 713 1820 793; baseline 0.012 -27"><span class='ocrx_word' id='word_1_142' title='bbox 971 713 1151 785; x_wconf 79' lang='lat' dir='ltr'><strong>repugnabat</strong></span> <span class='ocrx_word' id='word_1_143' title='bbox 1187 715 1370 787; x_wconf 89' lang='lat' dir='ltr'><strong>nequissimis</strong></span> <span class='ocrx_word' id='word_1_144' title='bbox 1411 719 1628 790; x_wconf 83' lang='lat' dir='ltr'><strong>corruptoribus</strong></span> <span class='ocrx_word' id='word_1_145' title='bbox 1669 721 1717 793; x_wconf 93' lang='lat' dir='ltr'><strong>qui</strong></span> <span class='ocrx_word' id='word_1_146' title='bbox 1753 729 1820 776; x_wconf 91' lang='lat' dir='ltr'><strong>sunt</strong></span> 
     </span>
     <span class='ocr_line' id='line_1_23' title="bbox 971 802 1819 872; baseline 0.014 -18"><span class='ocrx_word' id='word_1_147' title='bbox 971 816 1082 856; x_wconf 88' lang='lat' dir='ltr'><strong>errores</strong></span> <span class='ocrx_word' id='word_1_148' title='bbox 1113 802 1323 872; x_wconf 68' lang='lat' dir='ltr'><strong>hereticorum,</strong></span> <span class='ocrx_word' id='word_1_149' title='bbox 1349 807 1455 864; x_wconf 86' lang='lat' dir='ltr'><strong>scilicet</strong></span> <span class='ocrx_word' id='word_1_150' title='bbox 1478 811 1537 863; x_wconf 87' lang='lat' dir='ltr'><strong>tam</strong></span> <span class='ocrx_word' id='word_1_151' title='bbox 1572 809 1713 864; x_wconf 88' lang='lat' dir='ltr'><strong>malorum</strong></span> <span class='ocrx_word' id='word_1_152' title='bbox 1744 811 1819 866; x_wconf 90' lang='lat' dir='ltr'><strong>Chri·</strong></span> 
     </span>
     <span class='ocr_line' id='line_1_24' title="bbox 970 889 1817 964; baseline 0.015 -23"><span class='ocrx_word' id='word_1_153' title='bbox 970 889 1129 945; x_wconf 85' lang='lat' dir='ltr'><strong>stianorum</strong></span> <span class='ocrx_word' id='word_1_154' title='bbox 1149 909 1235 964; x_wconf 89' lang='lat' dir='ltr'><strong>quam</strong></span> <span class='ocrx_word' id='word_1_155' title='bbox 1261 893 1426 950; x_wconf 76' lang='lat' dir='ltr'><strong>ludaeorum</strong></span> <span class='ocrx_word' id='word_1_156' title='bbox 1453 901 1481 950; x_wconf 89' lang='lat' dir='ltr'><strong>et</strong></span> <span class='ocrx_word' id='word_1_157' title='bbox 1507 895 1630 950; x_wconf 87' lang='lat' dir='ltr'><strong>aliorvrm</strong></span> <span class='ocrx_word' id='word_1_158' title='bbox 1658 897 1817 954; x_wconf 87' lang='lat' dir='ltr'><strong>infidelium</strong></span> 
     </span>
     <span class='ocr_line' id='line_1_25' title="bbox 970 976 1819 1056; baseline 0.016 -28"><span class='ocrx_word' id='word_1_159' title='bbox 970 976 1020 1046; x_wconf 91' lang='lat' dir='ltr'><strong>qui</strong></span> <span class='ocrx_word' id='word_1_160' title='bbox 1041 993 1104 1032; x_wconf 90' lang='lat' dir='ltr'><strong>eam</strong></span> <span class='ocrx_word' id='word_1_161' title='bbox 1131 979 1275 1048; x_wconf 88' lang='lat' dir='ltr'><strong>infestant,</strong></span> <span class='ocrx_word' id='word_1_162' title='bbox 1300 981 1496 1052; x_wconf 86' lang='lat' dir='ltr'><strong>virginitatem</strong></span> <span class='ocrx_word' id='word_1_163' title='bbox 1517 983 1579 1054; x_wconf 87' lang='lat' dir='ltr'><strong>ejus</strong></span> <span class='ocrx_word' id='word_1_164' title='bbox 1603 1001 1666 1056; x_wconf 76' lang='lat' dir='ltr'><strong>quae</strong></span> <span class='ocrx_word' id='word_1_165' title='bbox 1688 985 1757 1040; x_wconf 84' lang='lat' dir='ltr'><strong>fides</strong></span> <span class='ocrx_word' id='word_1_166' title='bbox 1777 1004 1819 1041; x_wconf 89' lang='lat' dir='ltr'><strong>ca-</strong></span> 
     </span>
     <span class='ocr_line' id='line_1_26' title="bbox 970 1064 1820 1144; baseline 0.013 -25"><span class='ocrx_word' id='word_1_167' title='bbox 970 1064 1076 1120; x_wconf 90' lang='lat' dir='ltr'><strong>tholica</strong></span> <span class='ocrx_word' id='word_1_168' title='bbox 1102 1072 1154 1134; x_wconf 89' lang='lat' dir='ltr'><strong>est,</strong></span> <span class='ocrx_word' id='word_1_169' title='bbox 1179 1085 1365 1140; x_wconf 86' lang='lat' dir='ltr'><strong>corrumpere</strong></span> <span class='ocrx_word' id='word_1_170' title='bbox 1399 1071 1537 1140; x_wconf 87' lang='lat' dir='ltr'><strong>volentes,</strong></span> <span class='ocrx_word' id='word_1_171' title='bbox 1573 1072 1635 1144; x_wconf 89' lang='lat' dir='ltr'><strong>ipsa</strong></span> <span class='ocrx_word' id='word_1_172' title='bbox 1656 1078 1751 1128; x_wconf 88' lang='lat' dir='ltr'><strong>tamen</strong></span> <span class='ocrx_word' id='word_1_173' title='bbox 1779 1075 1820 1130; x_wconf 87' lang='lat' dir='ltr'><strong>eis</strong></span> 
     </span>
     <span class='ocr_line' id='line_1_27' title="bbox 971 1152 1821 1234; baseline 0.014 -28"><span class='ocrx_word' id='word_1_174' title='bbox 971 1152 1092 1208; x_wconf 86' lang='lat' dir='ltr'><strong>viriliter</strong></span> <span class='ocrx_word' id='word_1_175' title='bbox 1121 1156 1280 1224; x_wconf 79' lang='lat' dir='ltr'><strong>resistente,</strong></span> <span class='ocrx_word' id='word_1_176' title='bbox 1311 1174 1346 1213; x_wconf 89' lang='lat' dir='ltr'><strong>ue</strong></span> <span class='ocrx_word' id='word_1_177' title='bbox 1370 1165 1581 1232; x_wconf 84' lang='lat' dir='ltr'><strong>corrumpatur,</strong></span> <span class='ocrx_word' id='word_1_178' title='bbox 1612 1161 1680 1232; x_wconf 89' lang='lat' dir='ltr'><strong>quia</strong></span> <span class='ocrx_word' id='word_1_179' title='bbox 1708 1179 1821 1234; x_wconf 89' lang='lat' dir='ltr'><strong>semper</strong></span> 
     </span>
     <span class='ocr_line' id='line_1_28' title="bbox 970 1241 1822 1319; baseline 0.013 -24"><span class='ocrx_word' id='word_1_180' title='bbox 970 1241 1051 1311; x_wconf 84' lang='lat' dir='ltr'><strong>virgo</strong></span> <span class='ocrx_word' id='word_1_181' title='bbox 1075 1241 1131 1298; x_wconf 91' lang='lat' dir='ltr'><strong>fuit</strong></span> <span class='ocrx_word' id='word_1_182' title='bbox 1153 1250 1181 1298; x_wconf 91' lang='lat' dir='ltr'><strong>et</strong></span> <span class='ocrx_word' id='word_1_183' title='bbox 1204 1251 1247 1300; x_wconf 91' lang='lat' dir='ltr'><strong>est</strong></span> <span class='ocrx_word' id='word_1_184' title='bbox 1271 1251 1300 1301; x_wconf 91' lang='lat' dir='ltr'><strong>et</strong></span> <span class='ocrx_word' id='word_1_185' title='bbox 1329 1249 1520 1318; x_wconf 85' lang='lat' dir='ltr'><strong>permanebit,</strong></span> <span class='ocrx_word' id='word_1_186' title='bbox 1544 1264 1611 1303; x_wconf 87' lang='lat' dir='ltr'><strong>vera</strong></span> <span class='ocrx_word' id='word_1_187' title='bbox 1636 1251 1704 1319; x_wconf 82' lang='lat' dir='ltr'><strong>side,</strong></span> <span class='ocrx_word' id='word_1_188' title='bbox 1729 1251 1822 1308; x_wconf 85' lang='lat' dir='ltr'><strong>idest</strong></span> 
     </span>
     <span class='ocr_line' id='line_1_29' title="bbox 970 1331 1820 1406; baseline 0.014 -22"><span class='ocrx_word' id='word_1_189' title='bbox 970 1331 1092 1386; x_wconf 90' lang='lat' dir='ltr'><strong>materia</strong></span> <span class='ocrx_word' id='word_1_190' title='bbox 1132 1331 1302 1405; x_wconf 86' lang='lat' dir='ltr'><strong>virginitatis</strong></span> <span class='ocrx_word' id='word_1_191' title='bbox 1332 1335 1394 1406; x_wconf 89' lang='lat' dir='ltr'><strong>ejus</strong></span> <span class='ocrx_word' id='word_1_192' title='bbox 1430 1342 1528 1392; x_wconf 89' lang='lat' dir='ltr'><strong>contra</strong></span> <span class='ocrx_word' id='word_1_193' title='bbox 1552 1353 1667 1392; x_wconf 78' lang='lat' dir='ltr'><strong>omnent</strong></span> <span class='ocrx_word' id='word_1_194' title='bbox 1693 1357 1820 1396; x_wconf 89' lang='lat' dir='ltr'><strong>errorem</strong></span> 
     </span>
     <span class='ocr_line' id='line_1_30' title="bbox 970 1416 1820 1498; baseline 0.014 -26"><span class='ocrx_word' id='word_1_195' title='bbox 970 1416 1081 1490; x_wconf 87' lang='lat' dir='ltr'><strong>integra</strong></span> <span class='ocrx_word' id='word_1_196' title='bbox 1104 1429 1309 1492; x_wconf 80' lang='lat' dir='ltr'><strong>permanente3</strong></span> <span class='ocrx_word' id='word_1_197' title='bbox 1333 1429 1365 1478; x_wconf 91' lang='lat' dir='ltr'><strong>ut</strong></span> <span class='ocrx_word' id='word_1_198' title='bbox 1386 1429 1414 1478; x_wconf 89' lang='lat' dir='ltr'><strong>et</strong></span> <span class='ocrx_word' id='word_1_199' title='bbox 1438 1424 1530 1479; x_wconf 89' lang='lat' dir='ltr'><strong>honor</strong></span> <span class='ocrx_word' id='word_1_200' title='bbox 1546 1431 1629 1482; x_wconf 78' lang='lat' dir='ltr'><strong>castre</strong></span> <span class='ocrx_word' id='word_1_201' title='bbox 1650 1427 1769 1498; x_wconf 89' lang='lat' dir='ltr'><strong>virginis</strong></span> <span class='ocrx_word' id='word_1_202' title='bbox 1790 1429 1820 1484; x_wconf 92' lang='lat' dir='ltr'><strong>in</strong></span> 
     </span>
     <span class='ocr_line' id='line_1_31' title="bbox 970 1507 1821 1583; baseline 0.014 -23"><span class='ocrx_word' id='word_1_203' title='bbox 970 1507 1093 1562; x_wconf 85' lang='lat' dir='ltr'><strong>materia</strong></span> <span class='ocrx_word' id='word_1_204' title='bbox 1119 1511 1237 1580; x_wconf 86' lang='lat' dir='ltr'><strong>pudoris</strong></span> <span class='ocrx_word' id='word_1_205' title='bbox 1261 1513 1391 1583; x_wconf 90' lang='lat' dir='ltr'><strong>corporis</strong></span> <span class='ocrx_word' id='word_1_206' title='bbox 1420 1514 1481 1582; x_wconf 86' lang='lat' dir='ltr'><strong>ejus</strong></span> <span class='ocrx_word' id='word_1_207' title='bbox 1512 1519 1611 1570; x_wconf 89' lang='lat' dir='ltr'><strong>contra</strong></span> <span class='ocrx_word' id='word_1_208' title='bbox 1637 1533 1751 1571; x_wconf 91' lang='lat' dir='ltr'><strong>omnem</strong></span> <span class='ocrx_word' id='word_1_209' title='bbox 1782 1523 1821 1572; x_wconf 86' lang='lat' dir='ltr'><strong>la-</strong></span> 
     </span>
     <span class='ocr_line' id='line_1_32' title="bbox 970 1597 1821 1673; baseline 0.015 -25"><span class='ocrx_word' id='word_1_210' title='bbox 970 1601 1048 1650; x_wconf 87' lang='lat' dir='ltr'><strong>ctum</strong></span> <span class='ocrx_word' id='word_1_211' title='bbox 1089 1597 1215 1652; x_wconf 85' lang='lat' dir='ltr'><strong>lrlndrms</strong></span> <span class='ocrx_word' id='word_1_212' title='bbox 1249 1600 1431 1673; x_wconf 80' lang='lat' dir='ltr'><strong>incorruptus</strong></span> <span class='ocrx_word' id='word_1_213' title='bbox 1474 1608 1645 1673; x_wconf 88' lang='lat' dir='ltr'><strong>perseverat.</strong></span> <span class='ocrx_word' id='word_1_214' title='bbox 1682 1605 1761 1660; x_wconf 90' lang='lat' dir='ltr'><strong>Unde</strong></span> <span class='ocrx_word' id='word_1_215' title='bbox 1792 1613 1821 1661; x_wconf 88' lang='lat' dir='ltr'><strong>et</strong></span> 
     </span>
    </p>
   </div>
   <div class='ocr_carea' id='block_1_7' title="bbox 65 1658 1820 1762">
    <p class='ocr_par' dir='ltr' id='par_1_7' title="bbox 65 1658 1820 1762">
     <span class='ocr_line' id='line_1_33' title="bbox 65 1658 1820 1762; baseline 0.011 -33"><span class='ocrx_word' id='word_1_216' title='bbox 65 1677 159 1730; x_wconf 88' lang='lat' dir='ltr'><strong>currit</strong></span> <span class='ocrx_word' id='word_1_217' title='bbox 183 1677 210 1731; x_wconf 89' lang='lat' dir='ltr'><strong>ci</strong></span> <span class='ocrx_word' id='word_1_218' title='bbox 231 1682 261 1730; x_wconf 93' lang='lat' dir='ltr'><strong>nt</strong></span> <span class='ocrx_word' id='word_1_219' title='bbox 281 1675 379 1748; x_wconf 85' lang='lat' dir='ltr'><strong>fulgur</strong></span> <span class='ocrx_word' id='word_1_220' title='bbox 407 1675 562 1731; x_wconf 85' lang='lat' dir='ltr'><strong>mvrltitudo</strong></span> <span class='ocrx_word' id='word_1_221' title='bbox 583 1679 752 1748; x_wconf 79' lang='lat' dir='ltr'><strong>angelorum</strong></span> <span class='ocrx_word' id='word_1_222' title='bbox 768 1679 873 1749; x_wconf 87' lang='lat' dir='ltr'><strong>gradus</strong></span> <span class='ocrx_word' id='word_1_223' title='bbox 888 1684 916 1733; x_wconf 88' lang='lat' dir='ltr'><strong>et</strong></span> <span class='ocrx_word' id='word_1_224' title='bbox 935 1658 955 1710; x_wconf 74' lang='grc' dir='ltr'><strong>Β</strong></span> <span class='ocrx_word' id='word_1_225' title='bbox 973 1684 1095 1739; x_wconf 80' lang='lat' dir='ltr'><strong>Ecclesia</strong></span> <span class='ocrx_word' id='word_1_226' title='bbox 1109 1687 1239 1742; x_wconf 92' lang='lat' dir='ltr'><strong>omnium</strong></span> <span class='ocrx_word' id='word_1_227' title='bbox 1254 1689 1482 1745; x_wconf 86' lang='lat' dir='ltr'><strong>Christianorum</strong></span> <span class='ocrx_word' id='word_1_228' title='bbox 1505 1691 1635 1762; x_wconf 84' lang='lat' dir='ltr'><strong>virginea</strong></span> <span class='ocrx_word' id='word_1_229' title='bbox 1658 1699 1749 1748; x_wconf 86' lang='lat' dir='ltr'><strong>muter</strong></span> <span class='ocrx_word' id='word_1_230' title='bbox 1762 1701 1820 1762; x_wconf 90' lang='lat' dir='ltr'><strong>est;</strong></span> 
     </span>
    </p>
   </div>
   <div class='ocr_carea' id='block_1_8' title="bbox 65 1763 919 2898">
    <p class='ocr_par' dir='ltr' id='par_1_8' title="bbox 66 1763 918 2366">
     <span class='ocr_line' id='line_1_34' title="bbox 67 1763 916 1838; baseline 0.002 -20"><span class='ocrx_word' id='word_1_231' title='bbox 67 1764 150 1819; x_wconf 84' lang='lat' dir='ltr'><strong>sedes</strong></span> <span class='ocrx_word' id='word_1_232' title='bbox 171 1765 202 1818; x_wconf 90' lang='lat' dir='ltr'><strong>in</strong></span> <span class='ocrx_word' id='word_1_233' title='bbox 226 1781 260 1818; x_wconf 88' lang='lat' dir='ltr'><strong>ea</strong></span> <span class='ocrx_word' id='word_1_234' title='bbox 280 1764 447 1819; x_wconf 90' lang='lat' dir='ltr'><strong>homiuibus</strong></span> <span class='ocrx_word' id='word_1_235' title='bbox 470 1763 635 1819; x_wconf 90' lang='lat' dir='ltr'><strong>facientium</strong></span> <span class='ocrx_word' id='word_1_236' title='bbox 657 1782 708 1836; x_wconf 89' lang='lat' dir='ltr'><strong>per</strong></span> <span class='ocrx_word' id='word_1_237' title='bbox 730 1783 801 1838; x_wconf 91' lang='lat' dir='ltr'><strong>quos</strong></span> <span class='ocrx_word' id='word_1_238' title='bbox 817 1767 916 1820; x_wconf 89' lang='lat' dir='ltr'><strong>eadem</strong></span> 
     </span>
     <span class='ocr_line' id='line_1_35' title="bbox 66 1852 916 1925; baseline 0 -18"><span class='ocrx_word' id='word_1_239' title='bbox 66 1854 165 1923; x_wconf 87' lang='lat' dir='ltr'><strong>imago</strong></span> <span class='ocrx_word' id='word_1_240' title='bbox 180 1852 354 1922; x_wconf 88' lang='lat' dir='ltr'><strong>perficienda</strong></span> <span class='ocrx_word' id='word_1_241' title='bbox 370 1859 428 1917; x_wconf 85' lang='lat' dir='ltr'><strong>est;</strong></span> <span class='ocrx_word' id='word_1_242' title='bbox 451 1855 518 1924; x_wconf 90' lang='lat' dir='ltr'><strong>quia</strong></span> <span class='ocrx_word' id='word_1_243' title='bbox 535 1855 639 1925; x_wconf 87' lang='lat' dir='ltr'><strong>cuique</strong></span> <span class='ocrx_word' id='word_1_244' title='bbox 661 1856 788 1910; x_wconf 88' lang='lat' dir='ltr'><strong>eredenti</strong></span> <span class='ocrx_word' id='word_1_245' title='bbox 804 1856 916 1910; x_wconf 87' lang='lat' dir='ltr'><strong>homini</strong></span> 
     </span>
     <span class='ocr_line' id='line_1_36' title="bbox 67 1941 917 2012; baseline 0 -16"><span class='ocrx_word' id='word_1_246' title='bbox 67 1943 149 1996; x_wconf 86' lang='lat' dir='ltr'><strong>adest</strong></span> <span class='ocrx_word' id='word_1_247' title='bbox 175 1941 362 1996; x_wconf 88' lang='lat' dir='ltr'><strong>metuendum</strong></span> <span class='ocrx_word' id='word_1_248' title='bbox 382 1948 411 1995; x_wconf 89' lang='lat' dir='ltr'><strong>ot</strong></span> <span class='ocrx_word' id='word_1_249' title='bbox 437 1941 613 2012; x_wconf 89' lang='lat' dir='ltr'><strong>diligendum</strong></span> <span class='ocrx_word' id='word_1_250' title='bbox 637 1941 829 1998; x_wconf 86' lang='lat' dir='ltr'><strong>ministerium</strong></span> <span class='ocrx_word' id='word_1_251' title='bbox 853 1945 917 1998; x_wconf 75' lang='lat' dir='ltr'><strong>tica·</strong></span> 
     </span>
     <span class='ocr_line' id='line_1_37' title="bbox 67 2029 916 2101; baseline 0.001 -17"><span class='ocrx_word' id='word_1_252' title='bbox 67 2037 166 2085; x_wconf 91' lang='lat' dir='ltr'><strong>tornm</strong></span> <span class='ocrx_word' id='word_1_253' title='bbox 181 2029 337 2100; x_wconf 89' lang='lat' dir='ltr'><strong>spirituum</strong></span> <span class='ocrx_word' id='word_1_254' title='bbox 352 2045 484 2084; x_wconf 87' lang='lat' dir='ltr'><strong>ascensus</strong></span> <span class='ocrx_word' id='word_1_255' title='bbox 508 2047 560 2100; x_wconf 90' lang='lat' dir='ltr'><strong>per</strong></span> <span class='ocrx_word' id='word_1_256' title='bbox 582 2031 668 2086; x_wconf 87' lang='lat' dir='ltr'><strong>tidem</strong></span> <span class='ocrx_word' id='word_1_257' title='bbox 684 2036 712 2086; x_wconf 92' lang='lat' dir='ltr'><strong>et</strong></span> <span class='ocrx_word' id='word_1_258' title='bbox 726 2031 916 2101; x_wconf 86' lang='lat' dir='ltr'><strong>repositiones</strong></span> 
     </span>
     <span class='ocr_line' id='line_1_38' title="bbox 68 2117 917 2190; baseline 0.004 -19"><span class='ocrx_word' id='word_1_259' title='bbox 68 2134 119 2189; x_wconf 89' lang='lat' dir='ltr'><strong>per</strong></span> <span class='ocrx_word' id='word_1_260' title='bbox 138 2133 282 2172; x_wconf 88' lang='lat' dir='ltr'><strong>summam</strong></span> <span class='ocrx_word' id='word_1_261' title='bbox 312 2117 439 2189; x_wconf 89' lang='lat' dir='ltr'><strong>quietem</strong></span> <span class='ocrx_word' id='word_1_262' title='bbox 464 2118 521 2171; x_wconf 93' lang='lat' dir='ltr'><strong>illis</strong></span> <span class='ocrx_word' id='word_1_263' title='bbox 541 2117 675 2172; x_wconf 83' lang='lat' dir='ltr'><strong>fidelibus</strong></span> <span class='ocrx_word' id='word_1_264' title='bbox 691 2122 917 2190; x_wconf 74' lang='lat' dir='ltr'><strong>properantium</strong></span> 
     </span>
     <span class='ocr_line' id='line_1_39' title="bbox 67 2205 918 2277; baseline 0.002 -16"><span class='ocrx_word' id='word_1_265' title='bbox 67 2205 223 2277; x_wconf 90' lang='lat' dir='ltr'><strong>inquibus</strong></span> <span class='ocrx_word' id='word_1_266' title='bbox 243 2206 305 2277; x_wconf 91' lang='lat' dir='ltr'><strong>ipsa</strong></span> <span class='ocrx_word' id='word_1_267' title='bbox 329 2205 398 2260; x_wconf 81' lang='lat' dir='ltr'><strong>felix</strong></span> <span class='ocrx_word' id='word_1_268' title='bbox 420 2212 512 2260; x_wconf 88' lang='lat' dir='ltr'><strong>mater</strong></span> <span class='ocrx_word' id='word_1_269' title='bbox 535 2207 657 2262; x_wconf 84' lang='lat' dir='ltr'><strong>Ecclesia</strong></span> <span class='ocrx_word' id='word_1_270' title='bbox 675 2208 857 2264; x_wconf 77' lang='lat' dir='ltr'><strong>adducerem</strong></span> <span class='ocrx_word' id='word_1_271' title='bbox 873 2209 918 2264; x_wconf 92' lang='lat' dir='ltr'><strong>sni</strong></span> 
     </span>
     <span class='ocr_line' id='line_1_40' title="bbox 67 2295 455 2366; baseline -0.003 -18"><span class='ocrx_word' id='word_1_272' title='bbox 67 2295 252 2366; x_wconf 85' lang='lat' dir='ltr'><strong>perducenda</strong></span> <span class='ocrx_word' id='word_1_273' title='bbox 265 2295 455 2364; x_wconf 85' lang='lat' dir='ltr'><strong>cognoscitur.</strong></span> 
     </span>
    </p>

    <p class='ocr_par' dir='ltr' id='par_1_9' title="bbox 65 2382 919 2898">
     <span class='ocr_line' id='line_1_41' title="bbox 102 2382 919 2456; baseline 0.004 -18"><span class='ocrx_word' id='word_1_274' title='bbox 102 2385 159 2438; x_wconf 88' lang='lat' dir='ltr'><strong>Sed</strong></span> <span class='ocrx_word' id='word_1_275' title='bbox 186 2389 216 2438; x_wconf 90' lang='grc' dir='ltr'><strong>ει</strong></span> <span class='ocrx_word' id='word_1_276' title='bbox 229 2382 334 2439; x_wconf 88' lang='lat' dir='ltr'><strong>deinde</strong></span> <span class='ocrx_word' id='word_1_277' title='bbox 348 2383 427 2438; x_wconf 85' lang='lat' dir='ltr'><strong>vides</strong></span> <span class='ocrx_word' id='word_1_278' title='bbox 450 2385 548 2455; x_wconf 84' lang='lat' dir='ltr'><strong>nigros</strong></span> <span class='ocrx_word' id='word_1_279' title='bbox 572 2383 697 2440; x_wconf 88' lang='lat' dir='ltr'><strong>infantes</strong></span> <span class='ocrx_word' id='word_1_280' title='bbox 712 2385 793 2456; x_wconf 81' lang='lat' dir='ltr'><strong>justa</strong></span> <span class='ocrx_word' id='word_1_281' title='bbox 811 2392 919 2441; x_wconf 88' lang='lat' dir='ltr'><strong>terram</strong></span> 
     </span>
     <span class='ocr_line' id='line_1_42' title="bbox 65 2471 918 2544; baseline 0.001 -16"><span class='ocrx_word' id='word_1_282' title='bbox 65 2473 96 2528; x_wconf 93' lang='lat' dir='ltr'><strong>iu</strong></span> <span class='ocrx_word' id='word_1_283' title='bbox 122 2488 190 2527; x_wconf 87' lang='lat' dir='ltr'><strong>aere</strong></span> <span class='ocrx_word' id='word_1_284' title='bbox 218 2473 299 2544; x_wconf 88' lang='lat' dir='ltr'><strong>quasi</strong></span> <span class='ocrx_word' id='word_1_285' title='bbox 318 2471 411 2542; x_wconf 87' lang='lat' dir='ltr'><strong>pisces</strong></span> <span class='ocrx_word' id='word_1_286' title='bbox 435 2472 466 2528; x_wconf 92' lang='lat' dir='ltr'><strong>in</strong></span> <span class='ocrx_word' id='word_1_287' title='bbox 496 2489 571 2543; x_wconf 90' lang='lat' dir='ltr'><strong>aqua</strong></span> <span class='ocrx_word' id='word_1_288' title='bbox 595 2479 728 2544; x_wconf 89' lang='lat' dir='ltr'><strong>repentes</strong></span> <span class='ocrx_word' id='word_1_289' title='bbox 746 2478 774 2529; x_wconf 85' lang='lat' dir='ltr'><strong>et</strong></span> <span class='ocrx_word' id='word_1_290' title='bbox 788 2480 918 2530; x_wconf 68' lang='lat' dir='ltr'><strong>ventrem</strong></span> 
     </span>
     <span class='ocr_line' id='line_1_43' title="bbox 67 2558 918 2633; baseline 0.004 -19"><span class='ocrx_word' id='word_1_291' title='bbox 67 2559 203 2633; x_wconf 88' lang='lat' dir='ltr'><strong>imaginis</strong></span> <span class='ocrx_word' id='word_1_292' title='bbox 213 2560 244 2614; x_wconf 93' lang='lat' dir='ltr'><strong>iu</strong></span> <span class='ocrx_word' id='word_1_293' title='bbox 266 2558 456 2615; x_wconf 76' lang='lat' dir='ltr'><strong>foraminibus</strong></span> <span class='ocrx_word' id='word_1_294' title='bbox 482 2561 596 2631; x_wconf 91' lang='lat' dir='ltr'><strong>(quibus</strong></span> <span class='ocrx_word' id='word_1_295' title='bbox 622 2561 735 2632; x_wconf 79' lang='lat' dir='ltr'><strong>ingredi</strong></span> <span class='ocrx_word' id='word_1_296' title='bbox 756 2563 918 2618; x_wconf 85' lang='lat' dir='ltr'><strong>volentibus</strong></span> 
     </span>
     <span class='ocr_line' id='line_1_44' title="bbox 67 2649 917 2722; baseline 0 -18"><span class='ocrx_word' id='word_1_297' title='bbox 67 2657 168 2722; x_wconf 87' lang='lat' dir='ltr'><strong>aperta</strong></span> <span class='ocrx_word' id='word_1_298' title='bbox 186 2653 277 2721; x_wconf 86' lang='lat' dir='ltr'><strong>patet)</strong></span> <span class='ocrx_word' id='word_1_299' title='bbox 292 2649 448 2716; x_wconf 81' lang='lat' dir='ltr'><strong>intrantes3</strong></span> <span class='ocrx_word' id='word_1_300' title='bbox 475 2665 539 2721; x_wconf 73' lang='lat' dir='ltr'><strong>quae</strong></span> <span class='ocrx_word' id='word_1_301' title='bbox 554 2654 597 2704; x_wconf 88' lang='lat' dir='ltr'><strong>est</strong></span> <span class='ocrx_word' id='word_1_302' title='bbox 621 2651 743 2722; x_wconf 67' lang='lat' dir='ltr'><strong>nigfedo</strong></span> <span class='ocrx_word' id='word_1_303' title='bbox 762 2652 917 2706; x_wconf 88' lang='lat' dir='ltr'><strong>stultorum</strong></span> 
     </span>
     <span class='ocr_line' id='line_1_45' title="bbox 67 2735 919 2809; baseline 0 -17"><span class='ocrx_word' id='word_1_304' title='bbox 67 2739 222 2793; x_wconf 89' lang='lat' dir='ltr'><strong>hominum</strong></span> <span class='ocrx_word' id='word_1_305' title='bbox 264 2737 313 2809; x_wconf 90' lang='lat' dir='ltr'><strong>qni</strong></span> <span class='ocrx_word' id='word_1_306' title='bbox 351 2738 482 2792; x_wconf 92' lang='lat' dir='ltr'><strong>nondum</strong></span> <span class='ocrx_word' id='word_1_307' title='bbox 517 2735 606 2792; x_wconf 88' lang='lat' dir='ltr'><strong>abluti</strong></span> <span class='ocrx_word' id='word_1_308' title='bbox 640 2743 707 2794; x_wconf 91' lang='lat' dir='ltr'><strong>sunt</strong></span> <span class='ocrx_word' id='word_1_309' title='bbox 742 2739 772 2794; x_wconf 90' lang='lat' dir='ltr'><strong>iu</strong></span> <span class='ocrx_word' id='word_1_310' title='bbox 806 2740 919 2794; x_wconf 90' lang='lat' dir='ltr'><strong>lavacro</strong></span> 
     </span>
     <span class='ocr_line' id='line_1_46' title="bbox 67 2824 919 2898; baseline 0 -18"><span class='ocrx_word' id='word_1_311' title='bbox 67 2826 245 2894; x_wconf 86' lang='lat' dir='ltr'><strong>salvationis,</strong></span> <span class='ocrx_word' id='word_1_312' title='bbox 279 2824 329 2880; x_wconf 88' lang='lat' dir='ltr'><strong>sed</strong></span> <span class='ocrx_word' id='word_1_313' title='bbox 351 2825 406 2897; x_wconf 90' lang='lat' dir='ltr'><strong>ipsi</strong></span> <span class='ocrx_word' id='word_1_314' title='bbox 439 2830 554 2881; x_wconf 86' lang='lat' dir='ltr'><strong>terrena</strong></span> <span class='ocrx_word' id='word_1_315' title='bbox 579 2826 744 2898; x_wconf 87' lang='lat' dir='ltr'><strong>diligentes,</strong></span> <span class='ocrx_word' id='word_1_316' title='bbox 773 2833 802 2883; x_wconf 88' lang='lat' dir='ltr'><strong>et</strong></span> <span class='ocrx_word' id='word_1_317' title='bbox 822 2827 854 2883; x_wconf 92' lang='lat' dir='ltr'><strong>in</strong></span> <span class='ocrx_word' id='word_1_318' title='bbox 879 2829 919 2882; x_wconf 86' lang='lat' dir='ltr'><strong>eis</strong></span> 
     </span>
    </p>
   </div>
   <div class='ocr_carea' id='block_1_9' title="bbox 970 1771 1822 2906">
    <p class='ocr_par' dir='ltr' id='par_1_10' title="bbox 970 1771 1822 2906">
     <span class='ocr_line' id='line_1_47' title="bbox 970 1771 1821 1854; baseline 0.018 -31"><span class='ocrx_word' id='word_1_319' title='bbox 970 1771 1109 1842; x_wconf 89' lang='lat' dir='ltr'><strong>quoniam</strong></span> <span class='ocrx_word' id='word_1_320' title='bbox 1135 1773 1163 1826; x_wconf 94' lang='lat' dir='ltr'><strong>in</strong></span> <span class='ocrx_word' id='word_1_321' title='bbox 1191 1781 1299 1829; x_wconf 86' lang='lat' dir='ltr'><strong>secreto</strong></span> <span class='ocrx_word' id='word_1_322' title='bbox 1320 1775 1441 1848; x_wconf 77' lang='lat' dir='ltr'><strong>Spiritus</strong></span> <span class='ocrx_word' id='word_1_323' title='bbox 1465 1779 1553 1832; x_wconf 89' lang='lat' dir='ltr'><strong>sancti</strong></span> <span class='ocrx_word' id='word_1_324' title='bbox 1577 1796 1624 1834; x_wconf 86' lang='lat' dir='ltr'><strong>eos</strong></span> <span class='ocrx_word' id='word_1_325' title='bbox 1650 1781 1773 1854; x_wconf 85' lang='lat' dir='ltr'><strong>concipit</strong></span> <span class='ocrx_word' id='word_1_326' title='bbox 1794 1789 1821 1838; x_wconf 88' lang='lat' dir='ltr'><strong>ot</strong></span> 
     </span>
     <span class='ocr_line' id='line_1_48' title="bbox 970 1859 1821 1937; baseline 0.014 -25"><span class='ocrx_word' id='word_1_327' title='bbox 970 1859 1057 1930; x_wconf 91' lang='lat' dir='ltr'><strong>parit,</strong></span> <span class='ocrx_word' id='word_1_328' title='bbox 1080 1860 1143 1915; x_wconf 91' lang='lat' dir='ltr'><strong>illos</strong></span> <span class='ocrx_word' id='word_1_329' title='bbox 1165 1863 1222 1916; x_wconf 85' lang='lat' dir='ltr'><strong>lieo</strong></span> <span class='ocrx_word' id='word_1_330' title='bbox 1244 1861 1376 1932; x_wconf 88' lang='lat' dir='ltr'><strong>olicreus,</strong></span> <span class='ocrx_word' id='word_1_331' title='bbox 1412 1865 1452 1918; x_wconf 87' lang='lat' dir='ltr'><strong>ita</strong></span> <span class='ocrx_word' id='word_1_332' title='bbox 1479 1866 1555 1937; x_wconf 90' lang='lat' dir='ltr'><strong>quod</strong></span> <span class='ocrx_word' id='word_1_333' title='bbox 1576 1871 1604 1920; x_wconf 89' lang='lat' dir='ltr'><strong>et</strong></span> <span class='ocrx_word' id='word_1_334' title='bbox 1629 1867 1680 1923; x_wconf 88' lang='lat' dir='ltr'><strong>lilii</strong></span> <span class='ocrx_word' id='word_1_335' title='bbox 1702 1869 1751 1924; x_wconf 82' lang='lat' dir='ltr'><strong>nei</strong></span> <span class='ocrx_word' id='word_1_336' title='bbox 1768 1886 1821 1924; x_wconf 91' lang='lat' dir='ltr'><strong>vo-</strong></span> 
     </span>
     <span class='ocr_line' id='line_1_49' title="bbox 970 1949 1821 2026; baseline 0.013 -25"><span class='ocrx_word' id='word_1_337' title='bbox 970 1953 1082 2003; x_wconf 89' lang='lat' dir='ltr'><strong>eantur.</strong></span> <span class='ocrx_word' id='word_1_338' title='bbox 1100 1949 1132 2003; x_wconf 89' lang='lat' dir='ltr'><strong>Et</strong></span> <span class='ocrx_word' id='word_1_339' title='bbox 1146 1955 1178 2005; x_wconf 91' lang='lat' dir='ltr'><strong>ut</strong></span> <span class='ocrx_word' id='word_1_340' title='bbox 1202 1950 1396 2007; x_wconf 88' lang='lat' dir='ltr'><strong>beatissimam</strong></span> <span class='ocrx_word' id='word_1_341' title='bbox 1419 1959 1541 2008; x_wconf 90' lang='lat' dir='ltr'><strong>matrem</strong></span> <span class='ocrx_word' id='word_1_342' title='bbox 1563 1955 1686 2026; x_wconf 87' lang='lat' dir='ltr'><strong>Spiritus</strong></span> <span class='ocrx_word' id='word_1_343' title='bbox 1707 1963 1821 2012; x_wconf 87' lang='lat' dir='ltr'><strong>sanctus</strong></span> 
     </span>
     <span class='ocr_line' id='line_1_50' title="bbox 971 2035 1820 2110; baseline 0.009 -20"><span class='ocrx_word' id='word_1_344' title='bbox 971 2035 1162 2105; x_wconf 78' lang='lat' dir='ltr'><strong>obumbravit,</strong></span> <span class='ocrx_word' id='word_1_345' title='bbox 1190 2037 1230 2093; x_wconf 88' lang='lat' dir='ltr'><strong>ita</strong></span> <span class='ocrx_word' id='word_1_346' title='bbox 1254 2039 1329 2110; x_wconf 92' lang='lat' dir='ltr'><strong>qnod</strong></span> <span class='ocrx_word' id='word_1_347' title='bbox 1356 2039 1418 2095; x_wconf 90' lang='lat' dir='ltr'><strong>sine</strong></span> <span class='ocrx_word' id='word_1_348' title='bbox 1447 2041 1546 2096; x_wconf 87' lang='lat' dir='ltr'><strong>dolore</strong></span> <span class='ocrx_word' id='word_1_349' title='bbox 1583 2042 1753 2099; x_wconf 87' lang='lat' dir='ltr'><strong>mirabiliter</strong></span> <span class='ocrx_word' id='word_1_350' title='bbox 1776 2045 1820 2100; x_wconf 85' lang='lat' dir='ltr'><strong>Ei·</strong></span> 
     </span>
     <span class='ocr_line' id='line_1_51' title="bbox 970 2123 1820 2204; baseline 0.009 -26"><span class='ocrx_word' id='word_1_351' title='bbox 970 2123 1043 2178; x_wconf 91' lang='lat' dir='ltr'><strong>lium</strong></span> <span class='ocrx_word' id='word_1_352' title='bbox 1066 2124 1114 2178; x_wconf 84' lang='lat' dir='ltr'><strong>Dei</strong></span> <span class='ocrx_word' id='word_1_353' title='bbox 1136 2127 1267 2197; x_wconf 83' lang='lat' dir='ltr'><strong>concepit</strong></span> <span class='ocrx_word' id='word_1_354' title='bbox 1289 2133 1315 2181; x_wconf 89' lang='lat' dir='ltr'><strong>et</strong></span> <span class='ocrx_word' id='word_1_355' title='bbox 1342 2127 1453 2200; x_wconf 89' lang='lat' dir='ltr'><strong>peperit</strong></span> <span class='ocrx_word' id='word_1_356' title='bbox 1476 2135 1504 2184; x_wconf 90' lang='lat' dir='ltr'><strong>et</strong></span> <span class='ocrx_word' id='word_1_357' title='bbox 1534 2133 1632 2184; x_wconf 89' lang='lat' dir='ltr'><strong>tamen</strong></span> <span class='ocrx_word' id='word_1_358' title='bbox 1656 2131 1737 2204; x_wconf 82' lang='lat' dir='ltr'><strong>virgo</strong></span> <span class='ocrx_word' id='word_1_359' title='bbox 1755 2147 1820 2204; x_wconf 92' lang='lat' dir='ltr'><strong>per-</strong></span> 
     </span>
     <span class='ocr_line' id='line_1_52' title="bbox 971 2211 1819 2280; baseline 0.011 -14"><span class='ocrx_word' id='word_1_360' title='bbox 971 2211 1094 2280; x_wconf 90' lang='lat' dir='ltr'><strong>mansit;</strong></span> <span class='ocrx_word' id='word_1_361' title='bbox 1111 2211 1151 2268; x_wconf 88' lang='lat' dir='ltr'><strong>sie</strong></span> <span class='ocrx_word' id='word_1_362' title='bbox 1166 2218 1195 2266; x_wconf 90' lang='lat' dir='ltr'><strong>et</strong></span> <span class='ocrx_word' id='word_1_363' title='bbox 1210 2215 1362 2270; x_wconf 87' lang='lat' dir='ltr'><strong>Ecclesiam</strong></span> <span class='ocrx_word' id='word_1_364' title='bbox 1378 2216 1490 2272; x_wconf 82' lang='lat' dir='ltr'><strong>felicem</strong></span> <span class='ocrx_word' id='word_1_365' title='bbox 1507 2223 1628 2273; x_wconf 88' lang='lat' dir='ltr'><strong>matrem</strong></span> <span class='ocrx_word' id='word_1_366' title='bbox 1641 2219 1819 2276; x_wconf 85' lang='lat' dir='ltr'><strong>credentium</strong></span> 
     </span>
     <span class='ocr_line' id='line_1_53' title="bbox 972 2297 1821 2380; baseline 0.013 -27"><span class='ocrx_word' id='word_1_367' title='bbox 972 2297 1095 2371; x_wconf 91' lang='lat' dir='ltr'><strong>Spiritus</strong></span> <span class='ocrx_word' id='word_1_368' title='bbox 1118 2306 1232 2356; x_wconf 87' lang='lat' dir='ltr'><strong>sanctus</strong></span> <span class='ocrx_word' id='word_1_369' title='bbox 1254 2302 1388 2372; x_wconf 89' lang='lat' dir='ltr'><strong>illustrat,</strong></span> <span class='ocrx_word' id='word_1_370' title='bbox 1417 2309 1446 2360; x_wconf 89' lang='lat' dir='ltr'><strong>et</strong></span> <span class='ocrx_word' id='word_1_371' title='bbox 1468 2305 1530 2360; x_wconf 89' lang='lat' dir='ltr'><strong>siue</strong></span> <span class='ocrx_word' id='word_1_372' title='bbox 1556 2307 1613 2361; x_wconf 88' lang='lat' dir='ltr'><strong>ulla</strong></span> <span class='ocrx_word' id='word_1_373' title='bbox 1635 2309 1821 2380; x_wconf 87' lang='lat' dir='ltr'><strong>corruptione</strong></span> 
     </span>
     <span class='ocr_line' id='line_1_54' title="bbox 972 2385 1820 2465; baseline 0.012 -27"><span class='ocrx_word' id='word_1_374' title='bbox 972 2385 1141 2457; x_wconf 88' lang='lat' dir='ltr'><strong>simpliciter</strong></span> <span class='ocrx_word' id='word_1_375' title='bbox 1166 2388 1241 2442; x_wconf 92' lang='lat' dir='ltr'><strong>lllios</strong></span> <span class='ocrx_word' id='word_1_376' title='bbox 1265 2389 1387 2460; x_wconf 88' lang='lat' dir='ltr'><strong>concipit</strong></span> <span class='ocrx_word' id='word_1_377' title='bbox 1402 2397 1431 2446; x_wconf 89' lang='lat' dir='ltr'><strong>et</strong></span> <span class='ocrx_word' id='word_1_378' title='bbox 1456 2393 1543 2464; x_wconf 89' lang='lat' dir='ltr'><strong>parit,</strong></span> <span class='ocrx_word' id='word_1_379' title='bbox 1563 2393 1684 2465; x_wconf 88' lang='lat' dir='ltr'><strong>etvirgo</strong></span> <span class='ocrx_word' id='word_1_380' title='bbox 1714 2391 1820 2465; x_wconf 90' lang='lat' dir='ltr'><strong>perdu-</strong></span> 
     </span>
     <span class='ocr_line' id='line_1_55' title="bbox 972 2473 1822 2550; baseline 0.009 -22"><span class='ocrx_word' id='word_1_381' title='bbox 972 2478 1026 2529; x_wconf 91' lang='lat' dir='ltr'><strong>rat.</strong></span> <span class='ocrx_word' id='word_1_382' title='bbox 1057 2473 1130 2539; x_wconf 86' lang='lat' dir='ltr'><strong>Quid</strong></span> <span class='ocrx_word' id='word_1_383' title='bbox 1151 2475 1228 2530; x_wconf 81' lang='lat' dir='ltr'><strong>hoc?</strong></span> <span class='ocrx_word' id='word_1_384' title='bbox 1252 2477 1287 2532; x_wconf 90' lang='lat' dir='ltr'><strong>Ut</strong></span> <span class='ocrx_word' id='word_1_385' title='bbox 1310 2477 1471 2535; x_wconf 89' lang='lat' dir='ltr'><strong>balsamum</strong></span> <span class='ocrx_word' id='word_1_386' title='bbox 1496 2497 1528 2535; x_wconf 84' lang='lat' dir='ltr'><strong>ex</strong></span> <span class='ocrx_word' id='word_1_387' title='bbox 1553 2481 1655 2537; x_wconf 88' lang='lat' dir='ltr'><strong>arbore</strong></span> <span class='ocrx_word' id='word_1_388' title='bbox 1680 2482 1822 2550; x_wconf 71' lang='lat' dir='ltr'><strong>sedetet</strong></span> 
     </span>
     <span class='ocr_line' id='line_1_56' title="bbox 973 2562 1821 2642; baseline 0.011 -27"><span class='ocrx_word' id='word_1_389' title='bbox 973 2567 1006 2616; x_wconf 93' lang='lat' dir='ltr'><strong>ut</strong></span> <span class='ocrx_word' id='word_1_390' title='bbox 1025 2562 1190 2618; x_wconf 75' lang='lat' dir='ltr'><strong>fortissime</strong></span> <span class='ocrx_word' id='word_1_391' title='bbox 1215 2565 1364 2621; x_wconf 75' lang='lat' dir='ltr'><strong>medicinae</strong></span> <span class='ocrx_word' id='word_1_392' title='bbox 1389 2584 1422 2622; x_wconf 85' lang='lat' dir='ltr'><strong>cx</strong></span> <span class='ocrx_word' id='word_1_393' title='bbox 1443 2569 1586 2640; x_wconf 83' lang='lat' dir='ltr'><strong>onychino</strong></span> <span class='ocrx_word' id='word_1_394' title='bbox 1610 2587 1675 2624; x_wconf 89' lang='lat' dir='ltr'><strong>vase</strong></span> <span class='ocrx_word' id='word_1_395' title='bbox 1706 2587 1770 2642; x_wconf 83' lang='lat' dir='ltr'><strong>qum</strong></span> <span class='ocrx_word' id='word_1_396' title='bbox 1792 2571 1821 2626; x_wconf 89' lang='lat' dir='ltr'><strong>in</strong></span> 
     </span>
     <span class='ocr_line' id='line_1_57' title="bbox 972 2652 1821 2730; baseline 0.013 -27"><span class='ocrx_word' id='word_1_397' title='bbox 972 2666 1007 2704; x_wconf 90' lang='lat' dir='ltr'><strong>eo</strong></span> <span class='ocrx_word' id='word_1_398' title='bbox 1031 2652 1119 2706; x_wconf 85' lang='lat' dir='ltr'><strong>latent</strong></span> <span class='ocrx_word' id='word_1_399' title='bbox 1149 2655 1295 2720; x_wconf 88' lang='lat' dir='ltr'><strong>emanant,</strong></span> <span class='ocrx_word' id='word_1_400' title='bbox 1319 2659 1347 2710; x_wconf 90' lang='lat' dir='ltr'><strong>et</strong></span> <span class='ocrx_word' id='word_1_401' title='bbox 1369 2662 1400 2710; x_wconf 91' lang='lat' dir='ltr'><strong>ut</strong></span> <span class='ocrx_word' id='word_1_402' title='bbox 1424 2657 1598 2713; x_wconf 86' lang='lat' dir='ltr'><strong>clarissimus</strong></span> <span class='ocrx_word' id='word_1_403' title='bbox 1627 2659 1764 2730; x_wconf 82' lang='lat' dir='ltr'><strong>splendor</strong></span> <span class='ocrx_word' id='word_1_404' title='bbox 1789 2677 1821 2714; x_wconf 87' lang='lat' dir='ltr'><strong>ex</strong></span> 
     </span>
     <span class='ocr_line' id='line_1_58' title="bbox 973 2740 1822 2816; baseline 0.009 -24"><span class='ocrx_word' id='word_1_405' title='bbox 973 2740 1149 2794; x_wconf 86' lang='lat' dir='ltr'><strong>carbunculo</strong></span> <span class='ocrx_word' id='word_1_406' title='bbox 1185 2741 1291 2814; x_wconf 89' lang='lat' dir='ltr'><strong>absque</strong></span> <span class='ocrx_word' id='word_1_407' title='bbox 1315 2743 1394 2798; x_wconf 91' lang='lat' dir='ltr'><strong>omni</strong></span> <span class='ocrx_word' id='word_1_408' title='bbox 1418 2746 1628 2816; x_wconf 87' lang='lat' dir='ltr'><strong>impedimento</strong></span> <span class='ocrx_word' id='word_1_409' title='bbox 1657 2763 1686 2801; x_wconf 90' lang='lat' dir='ltr'><strong>so</strong></span> <span class='ocrx_word' id='word_1_410' title='bbox 1719 2745 1822 2802; x_wconf 89' lang='lat' dir='ltr'><strong>dillon-</strong></span> 
     </span>
     <span class='ocr_line' id='line_1_59' title="bbox 972 2826 1821 2906; baseline 0.011 -25"><span class='ocrx_word' id='word_1_411' title='bbox 972 2826 1084 2896; x_wconf 89' lang='lat' dir='ltr'><strong>dit;sic</strong></span> <span class='ocrx_word' id='word_1_412' title='bbox 1112 2827 1200 2883; x_wconf 84' lang='lat' dir='ltr'><strong>rilios</strong></span> <span class='ocrx_word' id='word_1_413' title='bbox 1225 2829 1275 2885; x_wconf 87' lang='lat' dir='ltr'><strong>Dei</strong></span> <span class='ocrx_word' id='word_1_414' title='bbox 1297 2829 1358 2886; x_wconf 90' lang='lat' dir='ltr'><strong>sine</strong></span> <span class='ocrx_word' id='word_1_415' title='bbox 1387 2833 1466 2887; x_wconf 91' lang='lat' dir='ltr'><strong>omui</strong></span> <span class='ocrx_word' id='word_1_416' title='bbox 1489 2833 1635 2888; x_wconf 89' lang='lat' dir='ltr'><strong>obstaculo</strong></span> <span class='ocrx_word' id='word_1_417' title='bbox 1662 2836 1821 2906; x_wconf 90' lang='lat' dir='ltr'><strong>corruptio-</strong></span> 
     </span>
    </p>
   </div>
   <div class='ocr_carea' id='block_1_10' title="bbox 69 2915 1822 3007">
    <p class='ocr_par' dir='ltr' id='par_1_11' title="bbox 69 2915 1822 3007">
     <span class='ocr_line' id='line_1_60' title="bbox 69 2915 1822 3007; baseline 0.004 -37"><span class='ocrx_word' id='word_1_418' title='bbox 69 2917 177 2987; x_wconf 89' lang='lat' dir='ltr'><strong>ubiqne</strong></span> <span class='ocrx_word' id='word_1_419' title='bbox 224 2915 416 2971; x_wconf 88' lang='lat' dir='ltr'><strong>discurrentes</strong></span> <span class='ocrx_word' id='word_1_420' title='bbox 451 2921 537 2986; x_wconf 88' lang='lat' dir='ltr'><strong>atque</strong></span> <span class='ocrx_word' id='word_1_421' title='bbox 583 2916 789 2972; x_wconf 89' lang='lat' dir='ltr'><strong>habitationem</strong></span> <span class='ocrx_word' id='word_1_422' title='bbox 836 2934 915 2971; x_wconf 81' lang='lat' dir='ltr'><strong>stram</strong></span> <span class='ocrx_word' id='word_1_423' title='bbox 937 2951 958 3007; x_wconf 66' lang='lat' dir='ltr'><strong>G</strong></span> <span class='ocrx_word' id='word_1_424' title='bbox 973 2915 1018 2970; x_wconf 90' lang='lat' dir='ltr'><strong>nis</strong></span> <span class='ocrx_word' id='word_1_425' title='bbox 1046 2932 1080 2970; x_wconf 84' lang='lat' dir='ltr'><strong>ex</strong></span> <span class='ocrx_word' id='word_1_426' title='bbox 1104 2916 1214 2990; x_wconf 87' lang='lat' dir='ltr'><strong>virgine</strong></span> <span class='ocrx_word' id='word_1_427' title='bbox 1250 2924 1334 2974; x_wconf 87' lang='lat' dir='ltr'><strong>natus</strong></span> <span class='ocrx_word' id='word_1_428' title='bbox 1366 2925 1420 2988; x_wconf 90' lang='lat' dir='ltr'><strong>est,</strong></span> <span class='ocrx_word' id='word_1_429' title='bbox 1449 2927 1476 2975; x_wconf 86' lang='lat' dir='ltr'><strong>el</strong></span> <span class='ocrx_word' id='word_1_430' title='bbox 1510 2921 1549 2976; x_wconf 89' lang='lat' dir='ltr'><strong>sic</strong></span> <span class='ocrx_word' id='word_1_431' title='bbox 1583 2923 1669 2977; x_wconf 87' lang='lat' dir='ltr'><strong>ctiam</strong></span> <span class='ocrx_word' id='word_1_432' title='bbox 1699 2923 1822 2978; x_wconf 85' lang='lat' dir='ltr'><strong>Ecclesia</strong></span> 
     </span>
    </p>
   </div>
   <div class='ocr_carea' id='block_1_11' title="bbox 67 3003 920 3873">
    <p class='ocr_par' dir='ltr' id='par_1_12' title="bbox 67 3003 920 3873">
     <span class='ocr_line' id='line_1_61' title="bbox 68 3003 917 3074; baseline -0.002 -14"><span class='ocrx_word' id='word_1_433' title='bbox 68 3007 99 3060; x_wconf 92' lang='lat' dir='ltr'><strong>in</strong></span> <span class='ocrx_word' id='word_1_434' title='bbox 145 3021 247 3060; x_wconf 88' lang='lat' dir='ltr'><strong>eurum</strong></span> <span class='ocrx_word' id='word_1_435' title='bbox 296 3003 482 3058; x_wconf 86' lang='lat' dir='ltr'><strong>instabilitate</strong></span> <span class='ocrx_word' id='word_1_436' title='bbox 521 3010 672 3074; x_wconf 87' lang='lat' dir='ltr'><strong>ponentes,</strong></span> <span class='ocrx_word' id='word_1_437' title='bbox 714 3005 749 3060; x_wconf 86' lang='lat' dir='ltr'><strong>ed</strong></span> <span class='ocrx_word' id='word_1_438' title='bbox 797 3010 917 3060; x_wconf 80' lang='lat' dir='ltr'><strong>matrem</strong></span> 
     </span>
     <span class='ocr_line' id='line_1_62' title="bbox 69 3090 917 3164; baseline -0.005 -14"><span class='ocrx_word' id='word_1_439' title='bbox 69 3093 227 3150; x_wconf 90' lang='lat' dir='ltr'><strong>sanctitatis</strong></span> <span class='ocrx_word' id='word_1_440' title='bbox 276 3093 393 3148; x_wconf 82' lang='lat' dir='ltr'><strong>tandein</strong></span> <span class='ocrx_word' id='word_1_441' title='bbox 445 3090 627 3162; x_wconf 86' lang='lat' dir='ltr'><strong>perveniunt,</strong></span> <span class='ocrx_word' id='word_1_442' title='bbox 675 3097 704 3146; x_wconf 90' lang='lat' dir='ltr'><strong>et</strong></span> <span class='ocrx_word' id='word_1_443' title='bbox 747 3093 917 3164; x_wconf 90' lang='lat' dir='ltr'><strong>dignitatem</strong></span> 
     </span>
     <span class='ocr_line' id='line_1_63' title="bbox 69 3179 919 3253; baseline -0.002 -15"><span class='ocrx_word' id='word_1_444' title='bbox 69 3188 245 3238; x_wconf 84' lang='lat' dir='ltr'><strong>secretorum</strong></span> <span class='ocrx_word' id='word_1_445' title='bbox 295 3181 358 3252; x_wconf 86' lang='lat' dir='ltr'><strong>ejus</strong></span> <span class='ocrx_word' id='word_1_446' title='bbox 405 3179 550 3234; x_wconf 85' lang='lat' dir='ltr'><strong>intuentes</strong></span> <span class='ocrx_word' id='word_1_447' title='bbox 606 3179 836 3236; x_wconf 85' lang='lat' dir='ltr'><strong>benedictionem</strong></span> <span class='ocrx_word' id='word_1_448' title='bbox 877 3182 919 3253; x_wconf 85' lang='lat' dir='ltr'><strong>ip-</strong></span> 
     </span>
     <span class='ocr_line' id='line_1_64' title="bbox 68 3267 919 3340; baseline -0.002 -14"><span class='ocrx_word' id='word_1_449' title='bbox 68 3271 128 3326; x_wconf 90' lang='lat' dir='ltr'><strong>sius</strong></span> <span class='ocrx_word' id='word_1_450' title='bbox 162 3267 332 3340; x_wconf 87' lang='lat' dir='ltr'><strong>suscipiunt,</strong></span> <span class='ocrx_word' id='word_1_451' title='bbox 361 3283 414 3338; x_wconf 89' lang='lat' dir='ltr'><strong>per</strong></span> <span class='ocrx_word' id='word_1_452' title='bbox 442 3283 529 3340; x_wconf 90' lang='lat' dir='ltr'><strong>quam</strong></span> <span class='ocrx_word' id='word_1_453' title='bbox 568 3267 684 3323; x_wconf 87' lang='lat' dir='ltr'><strong>diabolo</strong></span> <span class='ocrx_word' id='word_1_454' title='bbox 712 3269 919 3324; x_wconf 88' lang='lat' dir='ltr'><strong>abstrahuntur</strong></span> 
     </span>
     <span class='ocr_line' id='line_1_65' title="bbox 68 3355 920 3414; baseline -0.002 -1"><span class='ocrx_word' id='word_1_455' title='bbox 68 3375 100 3413; x_wconf 88' lang='lat' dir='ltr'><strong>ac</strong></span> <span class='ocrx_word' id='word_1_456' title='bbox 117 3359 178 3414; x_wconf 85' lang='lat' dir='ltr'><strong>fleo</strong></span> <span class='ocrx_word' id='word_1_457' title='bbox 197 3357 357 3412; x_wconf 84' lang='lat' dir='ltr'><strong>redduntur</strong></span> <span class='ocrx_word' id='word_1_458' title='bbox 375 3370 485 3410; x_wconf 88' lang='lat' dir='ltr'><strong>sacram</strong></span> <span class='ocrx_word' id='word_1_459' title='bbox 511 3355 747 3412; x_wconf 88' lang='lat' dir='ltr'><strong>constitutionem</strong></span> <span class='ocrx_word' id='word_1_460' title='bbox 775 3359 920 3412; x_wconf 76' lang='lat' dir='ltr'><strong>ecclesias</strong></span> 
     </span>
     <span class='ocr_line' id='line_1_66' title="bbox 68 3445 918 3516; baseline -0.002 -14"><span class='ocrx_word' id='word_1_461' title='bbox 68 3448 117 3502; x_wconf 84' lang='lat' dir='ltr'><strong>tici</strong></span> <span class='ocrx_word' id='word_1_462' title='bbox 148 3447 258 3502; x_wconf 86' lang='lat' dir='ltr'><strong>ordinis</strong></span> <span class='ocrx_word' id='word_1_463' title='bbox 288 3445 320 3499; x_wconf 90' lang='lat' dir='ltr'><strong>in</strong></span> <span class='ocrx_word' id='word_1_464' title='bbox 354 3460 411 3516; x_wconf 89' lang='lat' dir='ltr'><strong>qua</strong></span> <span class='ocrx_word' id='word_1_465' title='bbox 435 3445 528 3499; x_wconf 82' lang='lat' dir='ltr'><strong>fidelis</strong></span> <span class='ocrx_word' id='word_1_466' title='bbox 560 3445 647 3500; x_wconf 89' lang='lat' dir='ltr'><strong>lromo</strong></span> <span class='ocrx_word' id='word_1_467' title='bbox 672 3445 707 3500; x_wconf 84' lang='lat' dir='ltr'><strong>ad</strong></span> <span class='ocrx_word' id='word_1_468' title='bbox 731 3447 918 3501; x_wconf 87' lang='lat' dir='ltr'><strong>salvationem</strong></span> 
     </span>
     <span class='ocr_line' id='line_1_67' title="bbox 67 3531 919 3606; baseline -0.002 -16"><span class='ocrx_word' id='word_1_469' title='bbox 67 3535 226 3590; x_wconf 84' lang='lat' dir='ltr'><strong>beatificari</strong></span> <span class='ocrx_word' id='word_1_470' title='bbox 263 3533 349 3588; x_wconf 85' lang='lat' dir='ltr'><strong>debet</strong></span> <span class='ocrx_word' id='word_1_471' title='bbox 382 3531 549 3604; x_wconf 89' lang='lat' dir='ltr'><strong>subeuntes,</strong></span> <span class='ocrx_word' id='word_1_472' title='bbox 596 3549 661 3588; x_wconf 81' lang='lat' dir='ltr'><strong>crim</strong></span> <span class='ocrx_word' id='word_1_473' title='bbox 698 3533 728 3590; x_wconf 90' lang='lat' dir='ltr'><strong>in</strong></span> <span class='ocrx_word' id='word_1_474' title='bbox 757 3535 919 3606; x_wconf 88' lang='lat' dir='ltr'><strong>semetipsis</strong></span> 
     </span>
     <span class='ocr_line' id='line_1_68' title="bbox 67 3621 918 3695; baseline 0 -17"><span class='ocrx_word' id='word_1_475' title='bbox 67 3625 167 3679; x_wconf 87' lang='lat' dir='ltr'><strong>dicunt</strong></span> <span class='ocrx_word' id='word_1_476' title='bbox 210 3621 304 3678; x_wconf 77' lang='lat' dir='ltr'><strong>Credo</strong></span> <span class='ocrx_word' id='word_1_477' title='bbox 334 3621 367 3677; x_wconf 83' lang='lat' dir='ltr'><strong>io</strong></span> <span class='ocrx_word' id='word_1_478' title='bbox 402 3625 503 3689; x_wconf 86' lang='lat' dir='ltr'><strong>Deum,</strong></span> <span class='ocrx_word' id='word_1_479' title='bbox 536 3627 566 3678; x_wconf 90' lang='grc' dir='ltr'><strong>ει</strong></span> <span class='ocrx_word' id='word_1_480' title='bbox 592 3621 706 3695; x_wconf 87' lang='lat' dir='ltr'><strong>reliqna</strong></span> <span class='ocrx_word' id='word_1_481' title='bbox 738 3624 773 3679; x_wconf 89' lang='lat' dir='ltr'><strong>ad</strong></span> <span class='ocrx_word' id='word_1_482' title='bbox 805 3624 918 3680; x_wconf 88' lang='lat' dir='ltr'><strong>beatam</strong></span> 
     </span>
     <span class='ocr_line' id='line_1_69' title="bbox 68 3709 918 3783; baseline 0 -17"><span class='ocrx_word' id='word_1_483' title='bbox 68 3712 157 3766; x_wconf 89' lang='lat' dir='ltr'><strong>fidem</strong></span> <span class='ocrx_word' id='word_1_484' title='bbox 193 3709 361 3783; x_wconf 87' lang='lat' dir='ltr'><strong>spectantia.</strong></span> <span class='ocrx_word' id='word_1_485' title='bbox 401 3709 480 3765; x_wconf 88' lang='lat' dir='ltr'><strong>Unde</strong></span> <span class='ocrx_word' id='word_1_486' title='bbox 503 3715 532 3764; x_wconf 88' lang='lat' dir='ltr'><strong>et</strong></span> <span class='ocrx_word' id='word_1_487' title='bbox 564 3710 613 3765; x_wconf 90' lang='lat' dir='ltr'><strong>illa</strong></span> <span class='ocrx_word' id='word_1_488' title='bbox 638 3711 782 3783; x_wconf 90' lang='lat' dir='ltr'><strong>ingemuit</strong></span> <span class='ocrx_word' id='word_1_489' title='bbox 804 3729 918 3766; x_wconf 89' lang='lat' dir='ltr'><strong>sursum</strong></span> 
     </span>
     <span class='ocr_line' id='line_1_70' title="bbox 69 3797 919 3873; baseline 0 -18"><span class='ocrx_word' id='word_1_490' title='bbox 69 3818 118 3856; x_wconf 83' lang='lat' dir='ltr'><strong>eos</strong></span> <span class='ocrx_word' id='word_1_491' title='bbox 142 3801 303 3866; x_wconf 84' lang='lat' dir='ltr'><strong>attrahens,</strong></span> <span class='ocrx_word' id='word_1_492' title='bbox 327 3797 425 3870; x_wconf 87' lang='lat' dir='ltr'><strong>quiex</strong></span> <span class='ocrx_word' id='word_1_493' title='bbox 449 3814 499 3852; x_wconf 85' lang='lat' dir='ltr'><strong>ore</strong></span> <span class='ocrx_word' id='word_1_494' title='bbox 518 3798 582 3869; x_wconf 89' lang='lat' dir='ltr'><strong>ejus</strong></span> <span class='ocrx_word' id='word_1_495' title='bbox 611 3805 726 3867; x_wconf 84' lang='lat' dir='ltr'><strong>exeunt,</strong></span> <span class='ocrx_word' id='word_1_496' title='bbox 742 3800 804 3873; x_wconf 88' lang='lat' dir='ltr'><strong>ipsa</strong></span> <span class='ocrx_word' id='word_1_497' title='bbox 822 3805 919 3856; x_wconf 88' lang='lat' dir='ltr'><strong>tamen</strong></span> 
     </span>
    </p>
   </div>
   <div class='ocr_carea' id='block_1_12' title="bbox 973 3003 1821 3081">
    <p class='ocr_par' dir='ltr' id='par_1_13' title="bbox 973 3003 1821 3081">
     <span class='ocr_line' id='line_1_71' title="bbox 973 3003 1821 3081; baseline 0.011 -24"><span class='ocrx_word' id='word_1_498' title='bbox 973 3019 1078 3074; x_wconf 88' lang='lat' dir='ltr'><strong>sponsa</strong></span> <span class='ocrx_word' id='word_1_499' title='bbox 1091 3003 1152 3074; x_wconf 80' lang='lat' dir='ltr'><strong>elus</strong></span> <span class='ocrx_word' id='word_1_500' title='bbox 1168 3005 1274 3078; x_wconf 88' lang='lat' dir='ltr'><strong>absque</strong></span> <span class='ocrx_word' id='word_1_501' title='bbox 1291 3007 1370 3062; x_wconf 91' lang='lat' dir='ltr'><strong>omni</strong></span> <span class='ocrx_word' id='word_1_502' title='bbox 1395 3007 1597 3081; x_wconf 89' lang='lat' dir='ltr'><strong>inquinatione</strong></span> <span class='ocrx_word' id='word_1_503' title='bbox 1622 3009 1727 3065; x_wconf 90' lang='lat' dir='ltr'><strong>erroris</strong></span> <span class='ocrx_word' id='word_1_504' title='bbox 1747 3011 1821 3066; x_wconf 88' lang='lat' dir='ltr'><strong>lilios</strong></span> 
     </span>
    </p>
   </div>
   <div class='ocr_carea' id='block_1_13' title="bbox 972 3094 1822 3234">
    <p class='ocr_par' dir='ltr' id='par_1_14' title="bbox 972 3094 1822 3234">
     <span class='ocr_line' id='line_1_72' title="bbox 972 3094 1822 3172; baseline 0.011 -27"><span class='ocrx_word' id='word_1_505' title='bbox 972 3107 1038 3146; x_wconf 90' lang='lat' dir='ltr'><strong>snos</strong></span> <span class='ocrx_word' id='word_1_506' title='bbox 1061 3096 1194 3164; x_wconf 87' lang='lat' dir='ltr'><strong>generat;</strong></span> <span class='ocrx_word' id='word_1_507' title='bbox 1218 3094 1298 3166; x_wconf 92' lang='lat' dir='ltr'><strong>virgo</strong></span> <span class='ocrx_word' id='word_1_508' title='bbox 1323 3099 1421 3151; x_wconf 88' lang='lat' dir='ltr'><strong>tamen</strong></span> <span class='ocrx_word' id='word_1_509' title='bbox 1443 3097 1473 3152; x_wconf 90' lang='lat' dir='ltr'><strong>iu</strong></span> <span class='ocrx_word' id='word_1_510' title='bbox 1493 3097 1657 3170; x_wconf 84' lang='lat' dir='ltr'><strong>integritate</strong></span> <span class='ocrx_word' id='word_1_511' title='bbox 1673 3099 1740 3154; x_wconf 88' lang='lat' dir='ltr'><strong>lidei</strong></span> <span class='ocrx_word' id='word_1_512' title='bbox 1754 3115 1822 3172; x_wconf 87' lang='lat' dir='ltr'><strong>per·</strong></span> 
     </span>
     <span class='ocr_line' id='line_1_73' title="bbox 973 3195 1104 3234; baseline 0.008 -1"><span class='ocrx_word' id='word_1_513' title='bbox 973 3195 1104 3234; x_wconf 89' lang='lat' dir='ltr'><strong>manens.</strong></span> 
     </span>
    </p>
   </div>
   <div class='ocr_carea' id='block_1_14' title="bbox 973 3266 1825 3871">
    <p class='ocr_par' dir='ltr' id='par_1_15' title="bbox 973 3266 1825 3871">
     <span class='ocr_line' id='line_1_74' title="bbox 1008 3266 1822 3342; baseline 0.01 -22"><span class='ocrx_word' id='word_1_514' title='bbox 1008 3266 1090 3331; x_wconf 84' lang='lat' dir='ltr'><strong>erod</strong></span> <span class='ocrx_word' id='word_1_515' title='bbox 1114 3272 1210 3324; x_wconf 89' lang='lat' dir='ltr'><strong>autern</strong></span> <span class='ocrx_word' id='word_1_516' title='bbox 1235 3269 1324 3336; x_wconf 91' lang='lat' dir='ltr'><strong>vides,</strong></span> <span class='ocrx_word' id='word_1_517' title='bbox 1349 3269 1496 3342; x_wconf 92' lang='lat' dir='ltr'><strong>quomodo</strong></span> <span class='ocrx_word' id='word_1_518' title='bbox 1523 3271 1742 3342; x_wconf 82' lang='lat' dir='ltr'><strong>illa-splendida</strong></span> <span class='ocrx_word' id='word_1_519' title='bbox 1766 3273 1822 3334; x_wconf 85' lang='lat' dir='ltr'><strong>lux.</strong></span> 
     </span>
     <span class='ocr_line' id='line_1_75' title="bbox 973 3355 1821 3433; baseline 0.006 -24"><span class='ocrx_word' id='word_1_520' title='bbox 973 3355 1045 3410; x_wconf 90' lang='lat' dir='ltr'><strong>etin</strong></span> <span class='ocrx_word' id='word_1_521' title='bbox 1075 3355 1137 3426; x_wconf 88' lang='lat' dir='ltr'><strong>ipsa</strong></span> <span class='ocrx_word' id='word_1_522' title='bbox 1161 3358 1270 3429; x_wconf 84' lang='lat' dir='ltr'><strong>species</strong></span> <span class='ocrx_word' id='word_1_523' title='bbox 1286 3357 1413 3412; x_wconf 89' lang='lat' dir='ltr'><strong>hominis</strong></span> <span class='ocrx_word' id='word_1_524' title='bbox 1438 3363 1498 3413; x_wconf 91' lang='lat' dir='ltr'><strong>tota</strong></span> <span class='ocrx_word' id='word_1_525' title='bbox 1524 3359 1659 3415; x_wconf 88' lang='lat' dir='ltr'><strong>rutilante</strong></span> <span class='ocrx_word' id='word_1_526' title='bbox 1685 3359 1752 3432; x_wconf 86' lang='lat' dir='ltr'><strong>igne</strong></span> <span class='ocrx_word' id='word_1_527' title='bbox 1770 3359 1821 3433; x_wconf 81' lang='lat' dir='ltr'><strong>lla-</strong></span> 
     </span>
     <span class='ocr_line' id='line_1_76' title="bbox 973 3445 1825 3519; baseline 0.006 -22"><span class='ocrx_word' id='word_1_528' title='bbox 973 3459 1070 3515; x_wconf 84' lang='lat' dir='ltr'><strong>grans,</strong></span> <span class='ocrx_word' id='word_1_529' title='bbox 1086 3445 1244 3500; x_wconf 86' lang='lat' dir='ltr'><strong>secundum</strong></span> <span class='ocrx_word' id='word_1_530' title='bbox 1270 3447 1409 3501; x_wconf 87' lang='lat' dir='ltr'><strong>visionem</strong></span> <span class='ocrx_word' id='word_1_531' title='bbox 1432 3462 1517 3519; x_wconf 88' lang='lat' dir='ltr'><strong>quam</strong></span> <span class='ocrx_word' id='word_1_532' title='bbox 1535 3447 1614 3518; x_wconf 86' lang='lat' dir='ltr'><strong>prius</strong></span> <span class='ocrx_word' id='word_1_533' title='bbox 1638 3449 1750 3504; x_wconf 86' lang='lat' dir='ltr'><strong>videras</strong></span> <span class='ocrx_word' id='word_1_534' title='bbox 1775 3447 1825 3503; x_wconf 91' lang='lat' dir='ltr'><strong>ite·</strong></span> 
     </span>
     <span class='ocr_line' id='line_1_77' title="bbox 973 3533 1824 3607; baseline 0.006 -21"><span class='ocrx_word' id='word_1_535' title='bbox 973 3549 1038 3586; x_wconf 90' lang='lat' dir='ltr'><strong>rum</strong></span> <span class='ocrx_word' id='word_1_536' title='bbox 1053 3533 1104 3587; x_wconf 90' lang='lat' dir='ltr'><strong>tibi</strong></span> <span class='ocrx_word' id='word_1_537' title='bbox 1116 3539 1249 3604; x_wconf 83' lang='lat' dir='ltr'><strong>apparet;</strong></span> <span class='ocrx_word' id='word_1_538' title='bbox 1268 3535 1322 3590; x_wconf 90' lang='lat' dir='ltr'><strong>hoc</strong></span> <span class='ocrx_word' id='word_1_539' title='bbox 1337 3540 1380 3590; x_wconf 86' lang='lat' dir='ltr'><strong>est</strong></span> <span class='ocrx_word' id='word_1_540' title='bbox 1395 3537 1471 3607; x_wconf 93' lang='lat' dir='ltr'><strong>quod</strong></span> <span class='ocrx_word' id='word_1_541' title='bbox 1488 3551 1556 3590; x_wconf 84' lang='lat' dir='ltr'><strong>vera</strong></span> <span class='ocrx_word' id='word_1_542' title='bbox 1571 3536 1684 3592; x_wconf 90' lang='lat' dir='ltr'><strong>trinitas</strong></span> <span class='ocrx_word' id='word_1_543' title='bbox 1706 3537 1736 3591; x_wconf 91' lang='lat' dir='ltr'><strong>iu</strong></span> <span class='ocrx_word' id='word_1_544' title='bbox 1758 3553 1824 3592; x_wconf 86' lang='lat' dir='ltr'><strong>vera</strong></span> 
     </span>
     <span class='ocr_line' id='line_1_78' title="bbox 973 3621 1824 3692; baseline 0.007 -18"><span class='ocrx_word' id='word_1_545' title='bbox 973 3621 1095 3688; x_wconf 89' lang='lat' dir='ltr'><strong>unitate,</strong></span> <span class='ocrx_word' id='word_1_546' title='bbox 1128 3621 1236 3677; x_wconf 88' lang='lat' dir='ltr'><strong>scilicet</strong></span> <span class='ocrx_word' id='word_1_547' title='bbox 1277 3623 1471 3678; x_wconf 88' lang='lat' dir='ltr'><strong>lucidissimus</strong></span> <span class='ocrx_word' id='word_1_548' title='bbox 1505 3625 1598 3692; x_wconf 85' lang='lat' dir='ltr'><strong>Pater,</strong></span> <span class='ocrx_word' id='word_1_549' title='bbox 1626 3631 1655 3679; x_wconf 89' lang='lat' dir='ltr'><strong>et</strong></span> <span class='ocrx_word' id='word_1_550' title='bbox 1680 3627 1709 3679; x_wconf 90' lang='lat' dir='ltr'><strong>iu</strong></span> <span class='ocrx_word' id='word_1_551' title='bbox 1740 3627 1824 3680; x_wconf 84' lang='lat' dir='ltr'><strong>Patre</strong></span> 
     </span>
     <span class='ocr_line' id='line_1_79' title="bbox 974 3710 1822 3784; baseline 0.004 -19"><span class='ocrx_word' id='word_1_552' title='bbox 974 3710 1156 3765; x_wconf 90' lang='lat' dir='ltr'><strong>dulcissimus</strong></span> <span class='ocrx_word' id='word_1_553' title='bbox 1173 3710 1259 3765; x_wconf 77' lang='lat' dir='ltr'><strong>filius</strong></span> <span class='ocrx_word' id='word_1_554' title='bbox 1275 3711 1336 3782; x_wconf 87' lang='lat' dir='ltr'><strong>ejus</strong></span> <span class='ocrx_word' id='word_1_555' title='bbox 1356 3711 1491 3784; x_wconf 88' lang='lat' dir='ltr'><strong>quiante</strong></span> <span class='ocrx_word' id='word_1_556' title='bbox 1513 3717 1643 3783; x_wconf 88' lang='lat' dir='ltr'><strong>tempora</strong></span> <span class='ocrx_word' id='word_1_557' title='bbox 1665 3712 1822 3768; x_wconf 87' lang='lat' dir='ltr'><strong>secundum</strong></span> 
     </span>
     <span class='ocr_line' id='line_1_80' title="bbox 973 3797 1823 3871; baseline 0.002 -18"><span class='ocrx_word' id='word_1_558' title='bbox 973 3797 1152 3853; x_wconf 87' lang='lat' dir='ltr'><strong>divinitatem</strong></span> <span class='ocrx_word' id='word_1_559' title='bbox 1177 3798 1206 3853; x_wconf 94' lang='lat' dir='ltr'><strong>in</strong></span> <span class='ocrx_word' id='word_1_560' title='bbox 1228 3799 1308 3853; x_wconf 86' lang='lat' dir='ltr'><strong>Patre</strong></span> <span class='ocrx_word' id='word_1_561' title='bbox 1336 3815 1467 3866; x_wconf 88' lang='lat' dir='ltr'><strong>maneus,</strong></span> <span class='ocrx_word' id='word_1_562' title='bbox 1492 3799 1594 3854; x_wconf 87' lang='lat' dir='ltr'><strong>sedin</strong></span> <span class='ocrx_word' id='word_1_563' title='bbox 1620 3805 1749 3871; x_wconf 86' lang='lat' dir='ltr'><strong>tempore</strong></span> <span class='ocrx_word' id='word_1_564' title='bbox 1775 3817 1823 3855; x_wconf 87' lang='lat' dir='ltr'><strong>se-</strong></span> 
     </span>
    </p>
   </div>
   <div class='ocr_carea' id='block_1_15' title="bbox 69 3887 1823 4134">
    <p class='ocr_par' dir='ltr' id='par_1_16' title="bbox 69 3887 1823 4134">
     <span class='ocr_line' id='line_1_81' title="bbox 69 3887 1823 3966; baseline 0.001 -23"><span class='ocrx_word' id='word_1_565' title='bbox 69 3890 185 3961; x_wconf 87' lang='lat' dir='ltr'><strong>integra</strong></span> <span class='ocrx_word' id='word_1_566' title='bbox 223 3892 435 3958; x_wconf 77' lang='lat' dir='ltr'><strong>permanen103</strong></span> <span class='ocrx_word' id='word_1_567' title='bbox 462 3887 601 3957; x_wconf 89' lang='lat' dir='ltr'><strong>quoniam</strong></span> <span class='ocrx_word' id='word_1_568' title='bbox 629 3888 692 3942; x_wconf 84' lang='lat' dir='ltr'><strong>hoec</strong></span> <span class='ocrx_word' id='word_1_569' title='bbox 720 3889 803 3944; x_wconf 88' lang='lat' dir='ltr'><strong>beata</strong></span> <span class='ocrx_word' id='word_1_570' title='bbox 827 3897 921 3945; x_wconf 88' lang='lat' dir='ltr'><strong>mater</strong></span> <span class='ocrx_word' id='word_1_571' title='bbox 974 3888 1098 3942; x_wconf 90' lang='lat' dir='ltr'><strong>cundum</strong></span> <span class='ocrx_word' id='word_1_572' title='bbox 1121 3903 1237 3942; x_wconf 88' lang='lat' dir='ltr'><strong>carnem</strong></span> <span class='ocrx_word' id='word_1_573' title='bbox 1258 3889 1292 3966; x_wconf 87' lang='lat' dir='ltr'><strong>de</strong></span> <span class='ocrx_word' id='word_1_574' title='bbox 1317 3887 1424 3958; x_wconf 89' lang='lat' dir='ltr'><strong>Spiritu</strong></span> <span class='ocrx_word' id='word_1_575' title='bbox 1454 3893 1551 3942; x_wconf 77' lang='lat' dir='ltr'><strong>sancto</strong></span> <span class='ocrx_word' id='word_1_576' title='bbox 1576 3892 1728 3959; x_wconf 88' lang='lat' dir='ltr'><strong>conceptus</strong></span> <span class='ocrx_word' id='word_1_577' title='bbox 1746 3889 1823 3944; x_wconf 89' lang='lat' dir='ltr'><strong>etde</strong></span> 
     </span>
     <span class='ocr_line' id='line_1_82' title="bbox 69 3974 1823 4050; baseline 0 -17"><span class='ocrx_word' id='word_1_578' title='bbox 69 3979 175 4033; x_wconf 89' lang='lat' dir='ltr'><strong>intima</strong></span> <span class='ocrx_word' id='word_1_579' title='bbox 198 3975 321 4048; x_wconf 87' lang='lat' dir='ltr'><strong>suspiria</strong></span> <span class='ocrx_word' id='word_1_580' title='bbox 351 3976 438 4030; x_wconf 90' lang='lat' dir='ltr'><strong>trahit</strong></span> <span class='ocrx_word' id='word_1_581' title='bbox 461 3976 576 4046; x_wconf 90' lang='lat' dir='ltr'><strong>quaudo</strong></span> <span class='ocrx_word' id='word_1_582' title='bbox 605 3975 746 4047; x_wconf 88' lang='lat' dir='ltr'><strong>baptisma</strong></span> <span class='ocrx_word' id='word_1_583' title='bbox 769 3993 835 4032; x_wconf 89' lang='lat' dir='ltr'><strong>cnm</strong></span> <span class='ocrx_word' id='word_1_584' title='bbox 856 3975 919 4031; x_wconf 86' lang='lat' dir='ltr'><strong>cha·</strong></span> <span class='ocrx_word' id='word_1_585' title='bbox 973 3974 1084 4046; x_wconf 89' lang='lat' dir='ltr'><strong>virgine</strong></span> <span class='ocrx_word' id='word_1_586' title='bbox 1103 3981 1188 4031; x_wconf 88' lang='lat' dir='ltr'><strong>natus</strong></span> <span class='ocrx_word' id='word_1_587' title='bbox 1216 3981 1247 4030; x_wconf 93' lang='lat' dir='ltr'><strong>ut</strong></span> <span class='ocrx_word' id='word_1_588' title='bbox 1266 3977 1295 4031; x_wconf 93' lang='lat' dir='ltr'><strong>in</strong></span> <span class='ocrx_word' id='word_1_589' title='bbox 1316 3977 1464 4031; x_wconf 84' lang='lat' dir='ltr'><strong>verissima</strong></span> <span class='ocrx_word' id='word_1_590' title='bbox 1488 3977 1664 4032; x_wconf 87' lang='lat' dir='ltr'><strong>visionetibi</strong></span> <span class='ocrx_word' id='word_1_591' title='bbox 1680 3993 1823 4050; x_wconf 84' lang='lat' dir='ltr'><strong>praemou·</strong></span> 
     </span>
     <span class='ocr_line' id='line_1_83' title="bbox 71 4063 1823 4134; baseline 0 -13"><span class='ocrx_word' id='word_1_592' title='bbox 71 4066 188 4121; x_wconf 90' lang='lat' dir='ltr'><strong>rismate</strong></span> <span class='ocrx_word' id='word_1_593' title='bbox 209 4065 241 4120; x_wconf 92' lang='lat' dir='ltr'><strong>in</strong></span> <span class='ocrx_word' id='word_1_594' title='bbox 263 4065 489 4119; x_wconf 85' lang='lat' dir='ltr'><strong>sanctificatione</strong></span> <span class='ocrx_word' id='word_1_595' title='bbox 517 4063 640 4134; x_wconf 90' lang='lat' dir='ltr'><strong>Spiritus</strong></span> <span class='ocrx_word' id='word_1_596' title='bbox 656 4067 746 4120; x_wconf 91' lang='lat' dir='ltr'><strong>sancti</strong></span> <span class='ocrx_word' id='word_1_597' title='bbox 768 4082 920 4120; x_wconf 87' lang='lat' dir='ltr'><strong>consecra·</strong></span> <span class='ocrx_word' id='word_1_598' title='bbox 975 4068 1095 4118; x_wconf 87' lang='lat' dir='ltr'><strong>stratam</strong></span> <span class='ocrx_word' id='word_1_599' title='bbox 1112 4068 1165 4134; x_wconf 89' lang='lat' dir='ltr'><strong>est,</strong></span> <span class='ocrx_word' id='word_1_600' title='bbox 1181 4079 1258 4119; x_wconf 89' lang='lat' dir='ltr'><strong>nunc</strong></span> <span class='ocrx_word' id='word_1_601' title='bbox 1276 4064 1411 4118; x_wconf 86' lang='lat' dir='ltr'><strong>etiamad</strong></span> <span class='ocrx_word' id='word_1_602' title='bbox 1428 4064 1673 4120; x_wconf 89' lang='lat' dir='ltr'><strong>confirmationem</strong></span> <span class='ocrx_word' id='word_1_603' title='bbox 1688 4065 1755 4120; x_wconf 87' lang='lat' dir='ltr'><strong>fidei</strong></span> <span class='ocrx_word' id='word_1_604' title='bbox 1771 4065 1823 4121; x_wconf 94' lang='lat' dir='ltr'><strong>tihi</strong></span> 
     </span>
    </p>
   </div>
   <div class='ocr_carea' id='block_1_16' title="bbox 70 4152 920 4225">
    <p class='ocr_par' dir='ltr' id='par_1_17' title="bbox 70 4152 920 4225">
     <span class='ocr_line' id='line_1_84' title="bbox 70 4152 920 4225; baseline -0.001 -16"><span class='ocrx_word' id='word_1_605' title='bbox 70 4161 128 4220; x_wconf 86' lang='lat' dir='ltr'><strong>tur,</strong></span> <span class='ocrx_word' id='word_1_606' title='bbox 163 4159 196 4209; x_wconf 94' lang='lat' dir='ltr'><strong>ut</strong></span> <span class='ocrx_word' id='word_1_607' title='bbox 223 4153 310 4208; x_wconf 87' lang='lat' dir='ltr'><strong>horno</strong></span> <span class='ocrx_word' id='word_1_608' title='bbox 338 4152 370 4206; x_wconf 90' lang='lat' dir='ltr'><strong>in</strong></span> <span class='ocrx_word' id='word_1_609' title='bbox 406 4168 474 4206; x_wconf 86' lang='lat' dir='ltr'><strong>vera</strong></span> <span class='ocrx_word' id='word_1_610' title='bbox 505 4153 720 4208; x_wconf 87' lang='lat' dir='ltr'><strong>circumcisione</strong></span> <span class='ocrx_word' id='word_1_611' title='bbox 749 4154 866 4225; x_wconf 90' lang='lat' dir='ltr'><strong>spiritus</strong></span> <span class='ocrx_word' id='word_1_612' title='bbox 892 4160 920 4208; x_wconf 90' lang='lat' dir='ltr'><strong>et</strong></span> 
     </span>
    </p>
   </div>
   <div class='ocr_carea' id='block_1_17' title="bbox 974 4153 1823 4224">
    <p class='ocr_par' dir='ltr' id='par_1_18' title="bbox 974 4153 1823 4224">
     <span class='ocr_line' id='line_1_85' title="bbox 974 4153 1823 4224; baseline 0.001 -16"><span class='ocrx_word' id='word_1_613' title='bbox 974 4154 1146 4219; x_wconf 89' lang='lat' dir='ltr'><strong>ostenditur,</strong></span> <span class='ocrx_word' id='word_1_614' title='bbox 1163 4153 1299 4224; x_wconf 92' lang='lat' dir='ltr'><strong>qnoniam</strong></span> <span class='ocrx_word' id='word_1_615' title='bbox 1318 4153 1417 4208; x_wconf 88' lang='lat' dir='ltr'><strong>eadem</strong></span> <span class='ocrx_word' id='word_1_616' title='bbox 1443 4155 1524 4208; x_wconf 87' lang='lat' dir='ltr'><strong>beata</strong></span> <span class='ocrx_word' id='word_1_617' title='bbox 1545 4153 1659 4208; x_wconf 88' lang='lat' dir='ltr'><strong>trinitas</strong></span> <span class='ocrx_word' id='word_1_618' title='bbox 1674 4154 1704 4209; x_wconf 91' lang='lat' dir='ltr'><strong>iu</strong></span> <span class='ocrx_word' id='word_1_619' title='bbox 1725 4160 1823 4209; x_wconf 89' lang='lat' dir='ltr'><strong>sancto</strong></span> 
     </span>
    </p>
   </div>
   <div class='ocr_carea' id='block_1_18' title="bbox 71 4241 1822 4315">
    <p class='ocr_par' dir='ltr' id='par_1_19' title="bbox 71 4241 1822 4315">
     <span class='ocr_line' id='line_1_86' title="bbox 71 4241 1822 4315; baseline 0 -17"><span class='ocrx_word' id='word_1_620' title='bbox 71 4259 155 4315; x_wconf 80' lang='lat' dir='ltr'><strong>aqum</strong></span> <span class='ocrx_word' id='word_1_621' title='bbox 180 4242 343 4308; x_wconf 86' lang='lat' dir='ltr'><strong>innovetur,</strong></span> <span class='ocrx_word' id='word_1_622' title='bbox 366 4241 441 4295; x_wconf 92' lang='lat' dir='ltr'><strong>huuc</strong></span> <span class='ocrx_word' id='word_1_623' title='bbox 466 4241 495 4295; x_wconf 92' lang='lat' dir='ltr'><strong>iu</strong></span> <span class='ocrx_word' id='word_1_624' title='bbox 524 4242 641 4297; x_wconf 89' lang='lat' dir='ltr'><strong>modum</strong></span> <span class='ocrx_word' id='word_1_625' title='bbox 662 4258 776 4296; x_wconf 87' lang='lat' dir='ltr'><strong>sursum</strong></span> <span class='ocrx_word' id='word_1_626' title='bbox 799 4258 921 4297; x_wconf 79' lang='lat' dir='ltr'><strong>summa.</strong></span> <span class='ocrx_word' id='word_1_627' title='bbox 939 4247 961 4301; x_wconf 82' lang='grc' dir='ltr'><strong>Ι)</strong></span> <span class='ocrx_word' id='word_1_628' title='bbox 976 4241 1119 4311; x_wconf 85' lang='lat' dir='ltr'><strong>baptismo</strong></span> <span class='ocrx_word' id='word_1_629' title='bbox 1142 4241 1291 4312; x_wconf 87' lang='lat' dir='ltr'><strong>baptizatis</strong></span> <span class='ocrx_word' id='word_1_630' title='bbox 1317 4247 1417 4313; x_wconf 89' lang='lat' dir='ltr'><strong>aperto</strong></span> <span class='ocrx_word' id='word_1_631' title='bbox 1443 4244 1513 4296; x_wconf 87' lang='lat' dir='ltr'><strong>coelo</strong></span> <span class='ocrx_word' id='word_1_632' title='bbox 1538 4245 1659 4314; x_wconf 86' lang='lat' dir='ltr'><strong>apparet</strong></span> <span class='ocrx_word' id='word_1_633' title='bbox 1679 4249 1730 4298; x_wconf 87' lang='lat' dir='ltr'><strong>:ut</strong></span> <span class='ocrx_word' id='word_1_634' title='bbox 1749 4243 1822 4298; x_wconf 87' lang='lat' dir='ltr'><strong>lide·</strong></span> 
     </span>
    </p>
   </div>
   <div class='ocr_carea' id='block_1_19' title="bbox 70 4329 925 5554">
    <p class='ocr_par' dir='ltr' id='par_1_20' title="bbox 70 4329 925 5554">
     <span class='ocr_line' id='line_1_87' title="bbox 70 4329 920 4401; baseline -0.002 -15"><span class='ocrx_word' id='word_1_635' title='bbox 70 4331 246 4386; x_wconf 88' lang='lat' dir='ltr'><strong>beatitudiui</strong></span> <span class='ocrx_word' id='word_1_636' title='bbox 260 4346 326 4401; x_wconf 83' lang='lat' dir='ltr'><strong>quae</strong></span> <span class='ocrx_word' id='word_1_637' title='bbox 349 4335 436 4400; x_wconf 88' lang='lat' dir='ltr'><strong>caput</strong></span> <span class='ocrx_word' id='word_1_638' title='bbox 459 4329 590 4384; x_wconf 89' lang='lat' dir='ltr'><strong>omnium</strong></span> <span class='ocrx_word' id='word_1_639' title='bbox 608 4335 650 4385; x_wconf 85' lang='lat' dir='ltr'><strong>est</strong></span> <span class='ocrx_word' id='word_1_640' title='bbox 672 4329 847 4400; x_wconf 85' lang='lat' dir='ltr'><strong>offerendus,</strong></span> <span class='ocrx_word' id='word_1_641' title='bbox 863 4345 920 4401; x_wconf 93' lang='lat' dir='ltr'><strong>quo</strong></span> 
     </span>
     <span class='ocr_line' id='line_1_88' title="bbox 72 4417 920 4490; baseline -0.004 -14"><span class='ocrx_word' id='word_1_642' title='bbox 72 4420 205 4477; x_wconf 88' lang='lat' dir='ltr'><strong>membro</strong></span> <span class='ocrx_word' id='word_1_643' title='bbox 244 4417 350 4472; x_wconf 81' lang='lat' dir='ltr'><strong>Christi</strong></span> <span class='ocrx_word' id='word_1_644' title='bbox 388 4418 474 4484; x_wconf 89' lang='lat' dir='ltr'><strong>facto,</strong></span> <span class='ocrx_word' id='word_1_645' title='bbox 515 4434 581 4472; x_wconf 89' lang='lat' dir='ltr'><strong>cum</strong></span> <span class='ocrx_word' id='word_1_646' title='bbox 619 4435 672 4490; x_wconf 88' lang='lat' dir='ltr'><strong>per</strong></span> <span class='ocrx_word' id='word_1_647' title='bbox 709 4418 920 4474; x_wconf 87' lang='lat' dir='ltr'><strong>invocationem</strong></span> 
     </span>
     <span class='ocr_line' id='line_1_89' title="bbox 71 4505 921 4577; baseline -0.005 -13"><span class='ocrx_word' id='word_1_648' title='bbox 71 4514 179 4564; x_wconf 79' lang='lat' dir='ltr'><strong>sanetae</strong></span> <span class='ocrx_word' id='word_1_649' title='bbox 206 4505 353 4562; x_wconf 80' lang='lat' dir='ltr'><strong>Trinitatis</strong></span> <span class='ocrx_word' id='word_1_650' title='bbox 387 4505 470 4577; x_wconf 88' lang='lat' dir='ltr'><strong>qnasi</strong></span> <span class='ocrx_word' id='word_1_651' title='bbox 498 4521 550 4576; x_wconf 92' lang='grc' dir='ltr'><strong>ρει</strong></span> <span class='ocrx_word' id='word_1_652' title='bbox 584 4522 616 4560; x_wconf 91' lang='lat' dir='ltr'><strong>os</strong></span> <span class='ocrx_word' id='word_1_653' title='bbox 644 4506 733 4562; x_wconf 83' lang='lat' dir='ltr'><strong>heatoe</strong></span> <span class='ocrx_word' id='word_1_654' title='bbox 765 4506 858 4564; x_wconf 77' lang='lat' dir='ltr'><strong>hoio</strong></span> <span class='ocrx_word' id='word_1_655' title='bbox 884 4508 921 4561; x_wconf 91' lang='lat' dir='ltr'><strong>ad</strong></span> 
     </span>
     <span class='ocr_line' id='line_1_90' title="bbox 72 4595 920 4666; baseline -0.007 -12"><span class='ocrx_word' id='word_1_656' title='bbox 72 4598 261 4656; x_wconf 86' lang='lat' dir='ltr'><strong>salvationem</strong></span> <span class='ocrx_word' id='word_1_657' title='bbox 286 4599 488 4666; x_wconf 86' lang='lat' dir='ltr'><strong>regeneratur;</strong></span> <span class='ocrx_word' id='word_1_658' title='bbox 511 4595 621 4650; x_wconf 90' lang='lat' dir='ltr'><strong>nullam</strong></span> <span class='ocrx_word' id='word_1_659' title='bbox 644 4595 792 4650; x_wconf 76' lang='lat' dir='ltr'><strong>laesionem</strong></span> <span class='ocrx_word' id='word_1_660' title='bbox 820 4597 920 4649; x_wconf 88' lang='lat' dir='ltr'><strong>eadem</strong></span> 
     </span>
     <span class='ocr_line' id='line_1_91' title="bbox 72 4681 922 4757; baseline -0.009 -13"><span class='ocrx_word' id='word_1_661' title='bbox 72 4694 165 4744; x_wconf 87' lang='lat' dir='ltr'><strong>mater</strong></span> <span class='ocrx_word' id='word_1_662' title='bbox 189 4685 306 4757; x_wconf 91' lang='lat' dir='ltr'><strong>patitur,</strong></span> <span class='ocrx_word' id='word_1_663' title='bbox 332 4684 400 4754; x_wconf 90' lang='lat' dir='ltr'><strong>quia</strong></span> <span class='ocrx_word' id='word_1_664' title='bbox 427 4681 541 4754; x_wconf 86' lang='lat' dir='ltr'><strong>ipsein</strong></span> <span class='ocrx_word' id='word_1_665' title='bbox 577 4688 718 4737; x_wconf 73' lang='lat' dir='ltr'><strong>eternum</strong></span> <span class='ocrx_word' id='word_1_666' title='bbox 742 4683 922 4754; x_wconf 87' lang='lat' dir='ltr'><strong>permanehit</strong></span> 
     </span>
     <span class='ocr_line' id='line_1_92' title="bbox 71 4769 923 4844; baseline -0.007 -14"><span class='ocrx_word' id='word_1_667' title='bbox 71 4778 101 4830; x_wconf 92' lang='lat' dir='ltr'><strong>in</strong></span> <span class='ocrx_word' id='word_1_668' title='bbox 118 4772 285 4844; x_wconf 83' lang='lat' dir='ltr'><strong>integritate</strong></span> <span class='ocrx_word' id='word_1_669' title='bbox 311 4769 483 4841; x_wconf 90' lang='lat' dir='ltr'><strong>virginitatis</strong></span> <span class='ocrx_word' id='word_1_670' title='bbox 505 4786 573 4837; x_wconf 86' lang='lat' dir='ltr'><strong>suae,</strong></span> <span class='ocrx_word' id='word_1_671' title='bbox 598 4785 663 4842; x_wconf 79' lang='lat' dir='ltr'><strong>qum</strong></span> <span class='ocrx_word' id='word_1_672' title='bbox 688 4769 759 4824; x_wconf 84' lang='lat' dir='ltr'><strong>fides</strong></span> <span class='ocrx_word' id='word_1_673' title='bbox 782 4771 923 4825; x_wconf 88' lang='lat' dir='ltr'><strong>catholica</strong></span> 
     </span>
     <span class='ocr_line' id='line_1_93' title="bbox 71 4858 923 4931; baseline -0.007 -13"><span class='ocrx_word' id='word_1_674' title='bbox 71 4869 123 4930; x_wconf 83' lang='lat' dir='ltr'><strong>est,</strong></span> <span class='ocrx_word' id='word_1_675' title='bbox 144 4859 283 4931; x_wconf 90' lang='lat' dir='ltr'><strong>qnoniam</strong></span> <span class='ocrx_word' id='word_1_676' title='bbox 310 4858 374 4930; x_wconf 88' lang='lat' dir='ltr'><strong>ipsa</strong></span> <span class='ocrx_word' id='word_1_677' title='bbox 398 4864 467 4913; x_wconf 90' lang='lat' dir='ltr'><strong>nata</strong></span> <span class='ocrx_word' id='word_1_678' title='bbox 498 4861 542 4912; x_wconf 88' lang='lat' dir='ltr'><strong>est</strong></span> <span class='ocrx_word' id='word_1_679' title='bbox 562 4859 593 4913; x_wconf 93' lang='lat' dir='ltr'><strong>iu</strong></span> <span class='ocrx_word' id='word_1_680' title='bbox 617 4858 758 4930; x_wconf 88' lang='lat' dir='ltr'><strong>sanguiue</strong></span> <span class='ocrx_word' id='word_1_681' title='bbox 779 4859 839 4913; x_wconf 83' lang='lat' dir='ltr'><strong>veri</strong></span> <span class='ocrx_word' id='word_1_682' title='bbox 855 4859 923 4930; x_wconf 89' lang='lat' dir='ltr'><strong>agui</strong></span> 
     </span>
     <span class='ocr_line' id='line_1_94' title="bbox 71 4946 922 5021; baseline -0.004 -16"><span class='ocrx_word' id='word_1_683' title='bbox 71 4947 172 5021; x_wconf 89' lang='lat' dir='ltr'><strong>sponsi</strong></span> <span class='ocrx_word' id='word_1_684' title='bbox 186 4947 246 5015; x_wconf 83' lang='lat' dir='ltr'><strong>sni;</strong></span> <span class='ocrx_word' id='word_1_685' title='bbox 264 4946 313 5019; x_wconf 92' lang='lat' dir='ltr'><strong>qui</strong></span> <span class='ocrx_word' id='word_1_686' title='bbox 334 4947 397 5002; x_wconf 89' lang='lat' dir='ltr'><strong>siue</strong></span> <span class='ocrx_word' id='word_1_687' title='bbox 413 4947 471 5001; x_wconf 90' lang='lat' dir='ltr'><strong>ulla</strong></span> <span class='ocrx_word' id='word_1_688' title='bbox 493 4947 679 5018; x_wconf 85' lang='lat' dir='ltr'><strong>corruptione</strong></span> <span class='ocrx_word' id='word_1_689' title='bbox 701 4947 876 5019; x_wconf 88' lang='lat' dir='ltr'><strong>integritatis</strong></span> <span class='ocrx_word' id='word_1_690' title='bbox 888 4963 922 5002; x_wconf 86' lang='lat' dir='ltr'><strong>ex</strong></span> 
     </span>
     <span class='ocr_line' id='line_1_95' title="bbox 71 5033 923 5109; baseline -0.005 -16"><span class='ocrx_word' id='word_1_691' title='bbox 71 5037 262 5109; x_wconf 87' lang='lat' dir='ltr'><strong>integerrima</strong></span> <span class='ocrx_word' id='word_1_692' title='bbox 283 5033 394 5106; x_wconf 88' lang='lat' dir='ltr'><strong>virgine</strong></span> <span class='ocrx_word' id='word_1_693' title='bbox 415 5039 499 5089; x_wconf 88' lang='lat' dir='ltr'><strong>uatus</strong></span> <span class='ocrx_word' id='word_1_694' title='bbox 526 5038 579 5089; x_wconf 88' lang='lat' dir='ltr'><strong>est.</strong></span> <span class='ocrx_word' id='word_1_695' title='bbox 612 5033 657 5090; x_wconf 86' lang='lat' dir='ltr'><strong>Sic</strong></span> <span class='ocrx_word' id='word_1_696' title='bbox 678 5039 707 5090; x_wconf 87' lang='lat' dir='ltr'><strong>et</strong></span> <span class='ocrx_word' id='word_1_697' title='bbox 734 5035 798 5106; x_wconf 87' lang='lat' dir='ltr'><strong>ipsa</strong></span> <span class='ocrx_word' id='word_1_698' title='bbox 819 5051 923 5106; x_wconf 89' lang='lat' dir='ltr'><strong>sponsa</strong></span> 
     </span>
     <span class='ocr_line' id='line_1_96' title="bbox 72 5123 922 5198; baseline -0.006 -15"><span class='ocrx_word' id='word_1_699' title='bbox 72 5131 187 5198; x_wconf 84' lang='lat' dir='ltr'><strong>integra</strong></span> <span class='ocrx_word' id='word_1_700' title='bbox 206 5123 399 5196; x_wconf 88' lang='lat' dir='ltr'><strong>permanehit,</strong></span> <span class='ocrx_word' id='word_1_701' title='bbox 421 5123 462 5178; x_wconf 91' lang='lat' dir='ltr'><strong>ita</strong></span> <span class='ocrx_word' id='word_1_702' title='bbox 484 5123 562 5194; x_wconf 90' lang='lat' dir='ltr'><strong>quod</strong></span> <span class='ocrx_word' id='word_1_703' title='bbox 585 5124 697 5178; x_wconf 87' lang='lat' dir='ltr'><strong>nullum</strong></span> <span class='ocrx_word' id='word_1_704' title='bbox 718 5123 922 5178; x_wconf 86' lang='lat' dir='ltr'><strong>schismacum</strong></span> 
     </span>
     <span class='ocr_line' id='line_1_97' title="bbox 72 5211 922 5285; baseline -0.006 -15"><span class='ocrx_word' id='word_1_705' title='bbox 72 5229 258 5285; x_wconf 82' lang='lat' dir='ltr'><strong>orrrnmpere</strong></span> <span class='ocrx_word' id='word_1_706' title='bbox 289 5212 405 5284; x_wconf 88' lang='lat' dir='ltr'><strong>poterit.</strong></span> <span class='ocrx_word' id='word_1_707' title='bbox 431 5211 512 5283; x_wconf 80' lang='lat' dir='ltr'><strong>Soepe</strong></span> <span class='ocrx_word' id='word_1_708' title='bbox 541 5215 639 5267; x_wconf 90' lang='lat' dir='ltr'><strong>tamen</strong></span> <span class='ocrx_word' id='word_1_709' title='bbox 664 5228 680 5265; x_wconf 91' lang='lat' dir='ltr'><strong>a</strong></span> <span class='ocrx_word' id='word_1_710' title='bbox 706 5211 847 5283; x_wconf 87' lang='lat' dir='ltr'><strong>perversis</strong></span> <span class='ocrx_word' id='word_1_711' title='bbox 871 5215 922 5266; x_wconf 91' lang='lat' dir='ltr'><strong>ho-</strong></span> 
     </span>
     <span class='ocr_line' id='line_1_98' title="bbox 75 5299 923 5373; baseline -0.007 -13"><span class='ocrx_word' id='word_1_712' title='bbox 75 5304 203 5360; x_wconf 89' lang='lat' dir='ltr'><strong>minibus</strong></span> <span class='ocrx_word' id='word_1_713' title='bbox 226 5300 384 5373; x_wconf 88' lang='lat' dir='ltr'><strong>fatiganda,</strong></span> <span class='ocrx_word' id='word_1_714' title='bbox 410 5299 461 5354; x_wconf 88' lang='lat' dir='ltr'><strong>sed</strong></span> <span class='ocrx_word' id='word_1_715' title='bbox 483 5314 536 5370; x_wconf 90' lang='lat' dir='ltr'><strong>per</strong></span> <span class='ocrx_word' id='word_1_716' title='bbox 565 5299 740 5370; x_wconf 81' lang='lat' dir='ltr'><strong>adjutorium</strong></span> <span class='ocrx_word' id='word_1_717' title='bbox 762 5299 860 5371; x_wconf 81' lang='lat' dir='ltr'><strong>spousi</strong></span> <span class='ocrx_word' id='word_1_718' title='bbox 879 5299 923 5354; x_wconf 92' lang='lat' dir='ltr'><strong>sui</strong></span> 
     </span>
     <span class='ocr_line' id='line_1_99' title="bbox 73 5388 923 5465; baseline -0.007 -16"><span class='ocrx_word' id='word_1_719' title='bbox 73 5407 190 5465; x_wconf 85' lang='lat' dir='ltr'><strong>semper</strong></span> <span class='ocrx_word' id='word_1_720' title='bbox 216 5389 372 5446; x_wconf 77' lang='lat' dir='ltr'><strong>fortimime</strong></span> <span class='ocrx_word' id='word_1_721' title='bbox 396 5404 426 5443; x_wconf 90' lang='lat' dir='ltr'><strong>se</strong></span> <span class='ocrx_word' id='word_1_722' title='bbox 445 5392 546 5443; x_wconf 88' lang='lat' dir='ltr'><strong>tuetur</strong></span> <span class='ocrx_word' id='word_1_723' title='bbox 568 5393 601 5442; x_wconf 90' lang='lat' dir='ltr'><strong>ut</strong></span> <span class='ocrx_word' id='word_1_724' title='bbox 623 5389 705 5460; x_wconf 75' lang='lat' dir='ltr'><strong>virgo</strong></span> <span class='ocrx_word' id='word_1_725' title='bbox 721 5404 785 5460; x_wconf 72' lang='lat' dir='ltr'><strong>quaa</strong></span> <span class='ocrx_word' id='word_1_726' title='bbox 803 5404 878 5460; x_wconf 83' lang='lat' dir='ltr'><strong>saepe</strong></span> <span class='ocrx_word' id='word_1_727' title='bbox 893 5388 923 5443; x_wconf 93' lang='lat' dir='ltr'><strong>iu</strong></span> 
     </span>
     <span class='ocr_line' id='line_1_100' title="bbox 72 5473 925 5554; baseline -0.008 -15"><span class='ocrx_word' id='word_1_728' title='bbox 72 5476 315 5554; x_wconf 86' lang='lat' dir='ltr'><strong>concupiscentiis</strong></span> <span class='ocrx_word' id='word_1_729' title='bbox 333 5473 428 5532; x_wconf 90' lang='lat' dir='ltr'><strong>carnis</strong></span> <span class='ocrx_word' id='word_1_730' title='bbox 449 5491 501 5548; x_wconf 88' lang='lat' dir='ltr'><strong>per</strong></span> <span class='ocrx_word' id='word_1_731' title='bbox 516 5474 687 5532; x_wconf 74' lang='lat' dir='ltr'><strong>diabolicam</strong></span> <span class='ocrx_word' id='word_1_732' title='bbox 711 5480 801 5530; x_wconf 66' lang='lat' dir='ltr'><strong>artem</strong></span> <span class='ocrx_word' id='word_1_733' title='bbox 818 5480 847 5530; x_wconf 88' lang='lat' dir='ltr'><strong>et</strong></span> <span class='ocrx_word' id='word_1_734' title='bbox 861 5491 925 5548; x_wconf 85' lang='lat' dir='ltr'><strong>per·</strong></span> 
     </span>
    </p>
   </div>
   <div class='ocr_carea' id='block_1_20' title="bbox 254 5574 564 5646">
    <p class='ocr_par' dir='ltr' id='par_1_21' title="bbox 254 5574 564 5646">
     <span class='ocr_line' id='line_1_101' title="bbox 254 5574 564 5646; baseline -0.013 0"><span class='ocrx_word' id='word_1_735' title='bbox 254 5577 392 5646; x_wconf 77' lang='lat' dir='ltr'><strong>Parnon.</strong></span> <span class='ocrx_word' id='word_1_736' title='bbox 419 5574 564 5645; x_wconf 81' lang='lat' dir='ltr'><strong>CXCVll.</strong></span> 
     </span>
    </p>
   </div>
   <div class='ocr_carea' id='block_1_21' title="bbox 974 4328 1827 5550">
    <p class='ocr_par' dir='ltr' id='par_1_22' title="bbox 974 4328 1827 5550">
     <span class='ocr_line' id='line_1_102' title="bbox 974 4328 1823 4402; baseline 0.005 -20"><span class='ocrx_word' id='word_1_737' title='bbox 974 4328 1010 4383; x_wconf 91' lang='lat' dir='ltr'><strong>lis</strong></span> <span class='ocrx_word' id='word_1_738' title='bbox 1035 4330 1121 4383; x_wconf 90' lang='lat' dir='ltr'><strong>homo</strong></span> <span class='ocrx_word' id='word_1_739' title='bbox 1155 4329 1229 4384; x_wconf 86' lang='lat' dir='ltr'><strong>hane</strong></span> <span class='ocrx_word' id='word_1_740' title='bbox 1265 4329 1350 4385; x_wconf 88' lang='lat' dir='ltr'><strong>lidum</strong></span> <span class='ocrx_word' id='word_1_741' title='bbox 1383 4329 1528 4401; x_wconf 88' lang='lat' dir='ltr'><strong>suscipiat,</strong></span> <span class='ocrx_word' id='word_1_742' title='bbox 1562 4331 1708 4402; x_wconf 90' lang='lat' dir='ltr'><strong>quomodo</strong></span> <span class='ocrx_word' id='word_1_743' title='bbox 1732 4347 1823 4386; x_wconf 91' lang='lat' dir='ltr'><strong>unum</strong></span> 
     </span>
     <span class='ocr_line' id='line_1_103' title="bbox 976 4417 1824 4490; baseline 0.004 -19"><span class='ocrx_word' id='word_1_744' title='bbox 976 4417 1066 4471; x_wconf 86' lang='lat' dir='ltr'><strong>Deum</strong></span> <span class='ocrx_word' id='word_1_745' title='bbox 1092 4417 1122 4471; x_wconf 91' lang='lat' dir='ltr'><strong>in</strong></span> <span class='ocrx_word' id='word_1_746' title='bbox 1149 4433 1216 4471; x_wconf 90' lang='lat' dir='ltr'><strong>vera</strong></span> <span class='ocrx_word' id='word_1_747' title='bbox 1243 4418 1371 4472; x_wconf 87' lang='lat' dir='ltr'><strong>trinitate</strong></span> <span class='ocrx_word' id='word_1_748' title='bbox 1393 4419 1477 4484; x_wconf 88' lang='lat' dir='ltr'><strong>eolat,</strong></span> <span class='ocrx_word' id='word_1_749' title='bbox 1502 4435 1566 4489; x_wconf 84' lang='lat' dir='ltr'><strong>quae</strong></span> <span class='ocrx_word' id='word_1_750' title='bbox 1582 4419 1668 4473; x_wconf 88' lang='lat' dir='ltr'><strong>etiam</strong></span> <span class='ocrx_word' id='word_1_751' title='bbox 1684 4419 1824 4490; x_wconf 90' lang='lat' dir='ltr'><strong>inprime</strong></span> 
     </span>
     <span class='ocr_line' id='line_1_104' title="bbox 975 4505 1825 4578; baseline 0.004 -19"><span class='ocrx_word' id='word_1_752' title='bbox 975 4505 1347 4575; x_wconf 84' lang='lat' dir='ltr'><strong>sacramentobaplismetis</strong></span> <span class='ocrx_word' id='word_1_753' title='bbox 1376 4507 1515 4560; x_wconf 86' lang='lat' dir='ltr'><strong>veraciter</strong></span> <span class='ocrx_word' id='word_1_754' title='bbox 1543 4508 1685 4578; x_wconf 88' lang='lat' dir='ltr'><strong>apparuit.</strong></span> <span class='ocrx_word' id='word_1_755' title='bbox 1715 4509 1746 4562; x_wconf 89' lang='lat' dir='ltr'><strong>Et</strong></span> <span class='ocrx_word' id='word_1_756' title='bbox 1768 4509 1825 4562; x_wconf 90' lang='lat' dir='ltr'><strong>siu·</strong></span> 
     </span>
     <span class='ocr_line' id='line_1_105' title="bbox 975 4591 1825 4665; baseline 0.001 -17"><span class='ocrx_word' id='word_1_757' title='bbox 975 4594 1051 4665; x_wconf 90' lang='lat' dir='ltr'><strong>gulis</strong></span> <span class='ocrx_word' id='word_1_758' title='bbox 1080 4609 1179 4648; x_wconf 85' lang='lat' dir='ltr'><strong>corrrur</strong></span> <span class='ocrx_word' id='word_1_759' title='bbox 1218 4591 1434 4664; x_wconf 88' lang='lat' dir='ltr'><strong>integerrimam</strong></span> <span class='ocrx_word' id='word_1_760' title='bbox 1471 4599 1567 4648; x_wconf 89' lang='lat' dir='ltr'><strong>cutem</strong></span> <span class='ocrx_word' id='word_1_761' title='bbox 1604 4594 1772 4650; x_wconf 87' lang='lat' dir='ltr'><strong>abstrahens</strong></span> <span class='ocrx_word' id='word_1_762' title='bbox 1793 4610 1825 4649; x_wconf 92' lang='lat' dir='ltr'><strong>ac</strong></span> 
     </span>
     <span class='ocr_line' id='line_1_106' title="bbox 975 4681 1826 4753; baseline 0.002 -17"><span class='ocrx_word' id='word_1_763' title='bbox 975 4687 1055 4736; x_wconf 85' lang='lat' dir='ltr'><strong>extra</strong></span> <span class='ocrx_word' id='word_1_764' title='bbox 1078 4682 1153 4736; x_wconf 85' lang='lat' dir='ltr'><strong>riam</strong></span> <span class='ocrx_word' id='word_1_765' title='bbox 1173 4687 1252 4736; x_wconf 91' lang='lat' dir='ltr'><strong>cutes</strong></span> <span class='ocrx_word' id='word_1_766' title='bbox 1281 4681 1445 4753; x_wconf 86' lang='lat' dir='ltr'><strong>projiciens,</strong></span> <span class='ocrx_word' id='word_1_767' title='bbox 1469 4682 1598 4753; x_wconf 83' lang='lat' dir='ltr'><strong>singulos</strong></span> <span class='ocrx_word' id='word_1_768' title='bbox 1621 4683 1736 4737; x_wconf 91' lang='lat' dir='ltr'><strong>illorum</strong></span> <span class='ocrx_word' id='word_1_769' title='bbox 1761 4699 1826 4739; x_wconf 89' lang='lat' dir='ltr'><strong>cau·</strong></span> 
     </span>
     <span class='ocr_line' id='line_1_107' title="bbox 976 4771 1826 4842; baseline 0.001 -16"><span class='ocrx_word' id='word_1_770' title='bbox 976 4771 1125 4826; x_wconf 83' lang='lat' dir='ltr'><strong>didi&#39;ssima</strong></span> <span class='ocrx_word' id='word_1_771' title='bbox 1161 4777 1237 4826; x_wconf 87' lang='lat' dir='ltr'><strong>veste</strong></span> <span class='ocrx_word' id='word_1_772' title='bbox 1257 4771 1352 4826; x_wconf 91' lang='lat' dir='ltr'><strong>induit</strong></span> <span class='ocrx_word' id='word_1_773' title='bbox 1375 4787 1407 4824; x_wconf 90' lang='lat' dir='ltr'><strong>ac</strong></span> <span class='ocrx_word' id='word_1_774' title='bbox 1429 4771 1469 4824; x_wconf 90' lang='lat' dir='ltr'><strong>eis</strong></span> <span class='ocrx_word' id='word_1_775' title='bbox 1494 4771 1756 4842; x_wconf 88' lang='lat' dir='ltr'><strong>splendidissimam</strong></span> <span class='ocrx_word' id='word_1_776' title='bbox 1781 4773 1826 4827; x_wconf 91' lang='lat' dir='ltr'><strong>lu·</strong></span> 
     </span>
     <span class='ocr_line' id='line_1_108' title="bbox 976 4857 1826 4931; baseline 0.002 -18"><span class='ocrx_word' id='word_1_777' title='bbox 976 4875 1037 4913; x_wconf 91' lang='lat' dir='ltr'><strong>cem</strong></span> <span class='ocrx_word' id='word_1_778' title='bbox 1058 4858 1149 4931; x_wconf 90' lang='lat' dir='ltr'><strong>aperit</strong></span> <span class='ocrx_word' id='word_1_779' title='bbox 1166 4857 1286 4929; x_wconf 88' lang='lat' dir='ltr'><strong>singulis</strong></span> <span class='ocrx_word' id='word_1_780' title='bbox 1312 4874 1411 4913; x_wconf 89' lang='lat' dir='ltr'><strong>eorum</strong></span> <span class='ocrx_word' id='word_1_781' title='bbox 1430 4859 1515 4914; x_wconf 87' lang='lat' dir='ltr'><strong>verba</strong></span> <span class='ocrx_word' id='word_1_782' title='bbox 1537 4859 1628 4914; x_wconf 74' lang='lat' dir='ltr'><strong>beatae</strong></span> <span class='ocrx_word' id='word_1_783' title='bbox 1656 4860 1826 4916; x_wconf 87' lang='lat' dir='ltr'><strong>admonitio·</strong></span> 
     </span>
     <span class='ocr_line' id='line_1_109' title="bbox 976 4947 1824 5019; baseline 0.002 -17"><span class='ocrx_word' id='word_1_784' title='bbox 976 4947 1021 5002; x_wconf 89' lang='lat' dir='ltr'><strong>nis</strong></span> <span class='ocrx_word' id='word_1_785' title='bbox 1037 4947 1201 5019; x_wconf 85' lang='lat' dir='ltr'><strong>proferens;</strong></span> <span class='ocrx_word' id='word_1_786' title='bbox 1228 4948 1297 5018; x_wconf 87' lang='lat' dir='ltr'><strong>quia</strong></span> <span class='ocrx_word' id='word_1_787' title='bbox 1314 4947 1409 5002; x_wconf 90' lang='lat' dir='ltr'><strong>divina</strong></span> <span class='ocrx_word' id='word_1_788' title='bbox 1424 4951 1549 5018; x_wconf 88' lang='lat' dir='ltr'><strong>poteslas</strong></span> <span class='ocrx_word' id='word_1_789' title='bbox 1564 4947 1650 5002; x_wconf 86' lang='lat' dir='ltr'><strong>corda</strong></span> <span class='ocrx_word' id='word_1_790' title='bbox 1673 4948 1824 5004; x_wconf 88' lang='lat' dir='ltr'><strong>homiuum</strong></span> 
     </span>
     <span class='ocr_line' id='line_1_110' title="bbox 976 5035 1824 5107; baseline 0.002 -17"><span class='ocrx_word' id='word_1_791' title='bbox 976 5035 1128 5107; x_wconf 88' lang='lat' dir='ltr'><strong>aspiciens.</strong></span> <span class='ocrx_word' id='word_1_792' title='bbox 1150 5036 1179 5090; x_wconf 92' lang='lat' dir='ltr'><strong>iu</strong></span> <span class='ocrx_word' id='word_1_793' title='bbox 1214 5035 1327 5090; x_wconf 88' lang='lat' dir='ltr'><strong>lavacro</strong></span> <span class='ocrx_word' id='word_1_794' title='bbox 1351 5035 1487 5107; x_wconf 87' lang='lat' dir='ltr'><strong>baptismi</strong></span> <span class='ocrx_word' id='word_1_795' title='bbox 1511 5035 1712 5091; x_wconf 88' lang='lat' dir='ltr'><strong>infidelitatem</strong></span> <span class='ocrx_word' id='word_1_796' title='bbox 1740 5039 1824 5092; x_wconf 89' lang='lat' dir='ltr'><strong>scele-</strong></span> 
     </span>
     <span class='ocr_line' id='line_1_111' title="bbox 975 5123 1825 5196; baseline 0.001 -17"><span class='ocrx_word' id='word_1_797' title='bbox 975 5139 1042 5180; x_wconf 88' lang='lat' dir='ltr'><strong>rum</strong></span> <span class='ocrx_word' id='word_1_798' title='bbox 1077 5139 1195 5178; x_wconf 82' lang='lat' dir='ltr'><strong>sitorum</strong></span> <span class='ocrx_word' id='word_1_799' title='bbox 1223 5123 1449 5178; x_wconf 88' lang='lat' dir='ltr'><strong>misericorditer</strong></span> <span class='ocrx_word' id='word_1_800' title='bbox 1476 5123 1579 5189; x_wconf 88' lang='lat' dir='ltr'><strong>aufert,</strong></span> <span class='ocrx_word' id='word_1_801' title='bbox 1605 5129 1691 5196; x_wconf 89' lang='lat' dir='ltr'><strong>atque</strong></span> <span class='ocrx_word' id='word_1_802' title='bbox 1720 5124 1825 5180; x_wconf 86' lang='lat' dir='ltr'><strong>scelera</strong></span> 
     </span>
     <span class='ocr_line' id='line_1_112' title="bbox 976 5211 1825 5285; baseline -0.001 -18"><span class='ocrx_word' id='word_1_803' title='bbox 976 5212 1027 5267; x_wconf 90' lang='lat' dir='ltr'><strong>illa</strong></span> <span class='ocrx_word' id='word_1_804' title='bbox 1047 5216 1124 5267; x_wconf 87' lang='lat' dir='ltr'><strong>extra</strong></span> <span class='ocrx_word' id='word_1_805' title='bbox 1149 5213 1225 5266; x_wconf 88' lang='lat' dir='ltr'><strong>viam</strong></span> <span class='ocrx_word' id='word_1_806' title='bbox 1250 5211 1299 5283; x_wconf 90' lang='lat' dir='ltr'><strong>qui</strong></span> <span class='ocrx_word' id='word_1_807' title='bbox 1325 5211 1453 5267; x_wconf 86' lang='lat' dir='ltr'><strong>Christus</strong></span> <span class='ocrx_word' id='word_1_808' title='bbox 1485 5217 1527 5266; x_wconf 89' lang='lat' dir='ltr'><strong>est</strong></span> <span class='ocrx_word' id='word_1_809' title='bbox 1552 5211 1660 5283; x_wconf 88' lang='lat' dir='ltr'><strong>abjicit,</strong></span> <span class='ocrx_word' id='word_1_810' title='bbox 1689 5211 1825 5285; x_wconf 87' lang='lat' dir='ltr'><strong>quoniam</strong></span> 
     </span>
     <span class='ocr_line' id='line_1_113' title="bbox 977 5299 1827 5371; baseline 0 -16"><span class='ocrx_word' id='word_1_811' title='bbox 977 5317 1036 5356; x_wconf 93' lang='lat' dir='ltr'><strong>uon</strong></span> <span class='ocrx_word' id='word_1_812' title='bbox 1051 5317 1130 5355; x_wconf 91' lang='lat' dir='ltr'><strong>mors</strong></span> <span class='ocrx_word' id='word_1_813' title='bbox 1149 5300 1179 5355; x_wconf 90' lang='lat' dir='ltr'><strong>in</strong></span> <span class='ocrx_word' id='word_1_814' title='bbox 1197 5300 1307 5356; x_wconf 89' lang='lat' dir='ltr'><strong>Christo</strong></span> <span class='ocrx_word' id='word_1_815' title='bbox 1336 5299 1384 5354; x_wconf 90' lang='lat' dir='ltr'><strong>sed</strong></span> <span class='ocrx_word' id='word_1_816' title='bbox 1404 5303 1461 5354; x_wconf 85' lang='lat' dir='ltr'><strong>vita</strong></span> <span class='ocrx_word' id='word_1_817' title='bbox 1482 5316 1535 5369; x_wconf 89' lang='lat' dir='ltr'><strong>per</strong></span> <span class='ocrx_word' id='word_1_818' title='bbox 1553 5316 1656 5371; x_wconf 90' lang='lat' dir='ltr'><strong>puram</strong></span> <span class='ocrx_word' id='word_1_819' title='bbox 1677 5300 1827 5356; x_wconf 86' lang='lat' dir='ltr'><strong>confessio·</strong></span> 
     </span>
     <span class='ocr_line' id='line_1_114' title="bbox 978 5387 1825 5460; baseline 0.004 -18"><span class='ocrx_word' id='word_1_820' title='bbox 978 5404 1044 5442; x_wconf 89' lang='lat' dir='ltr'><strong>nem</strong></span> <span class='ocrx_word' id='word_1_821' title='bbox 1075 5393 1103 5442; x_wconf 89' lang='lat' dir='ltr'><strong>et</strong></span> <span class='ocrx_word' id='word_1_822' title='bbox 1126 5405 1178 5460; x_wconf 89' lang='lat' dir='ltr'><strong>per</strong></span> <span class='ocrx_word' id='word_1_823' title='bbox 1205 5387 1383 5444; x_wconf 87' lang='lat' dir='ltr'><strong>ablutionem</strong></span> <span class='ocrx_word' id='word_1_824' title='bbox 1411 5392 1591 5459; x_wconf 87' lang='lat' dir='ltr'><strong>peccatorum</strong></span> <span class='ocrx_word' id='word_1_825' title='bbox 1616 5387 1647 5443; x_wconf 91' lang='lat' dir='ltr'><strong>in</strong></span> <span class='ocrx_word' id='word_1_826' title='bbox 1675 5387 1825 5460; x_wconf 81' lang='lat' dir='ltr'><strong>ipsoest3</strong></span> 
     </span>
     <span class='ocr_line' id='line_1_115' title="bbox 979 5474 1827 5550; baseline 0.005 -18"><span class='ocrx_word' id='word_1_827' title='bbox 979 5491 1046 5534; x_wconf 90' lang='lat' dir='ltr'><strong>cum</strong></span> <span class='ocrx_word' id='word_1_828' title='bbox 1069 5491 1119 5550; x_wconf 89' lang='lat' dir='ltr'><strong>per</strong></span> <span class='ocrx_word' id='word_1_829' title='bbox 1138 5475 1234 5548; x_wconf 89' lang='lat' dir='ltr'><strong>ipsum</strong></span> <span class='ocrx_word' id='word_1_830' title='bbox 1257 5474 1379 5550; x_wconf 85' lang='lat' dir='ltr'><strong>quisque</strong></span> <span class='ocrx_word' id='word_1_831' title='bbox 1403 5474 1496 5532; x_wconf 89' lang='lat' dir='ltr'><strong>lldclis</strong></span> <span class='ocrx_word' id='word_1_832' title='bbox 1519 5477 1642 5534; x_wconf 88' lang='lat' dir='ltr'><strong>candore</strong></span> <span class='ocrx_word' id='word_1_833' title='bbox 1661 5477 1761 5535; x_wconf 85' lang='lat' dir='ltr'><strong>salutis</strong></span> <span class='ocrx_word' id='word_1_834' title='bbox 1781 5477 1827 5536; x_wconf 89' lang='lat' dir='ltr'><strong>iu-</strong></span> 
     </span>
    </p>
   </div>
   <div class='ocr_carea' id='block_1_22' title="bbox 1611 5581 1651 5644">
    <p class='ocr_par' dir='ltr' id='par_1_23' title="bbox 1611 5581 1651 5644">
     <span class='ocr_line' id='line_1_116' title="bbox 1611 5581 1651 5644; baseline -0.1 0"><span class='ocrx_word' id='word_1_835' title='bbox 1611 5581 1651 5644; x_wconf 75' lang='lat' dir='ltr'><strong>ld</strong></span> 
     </span>
    </p>
   </div>
   <div class='ocr_carea' id='block_1_23' title="bbox 0 0 2005 6034">
    <p class='ocr_par' dir='ltr' id='par_1_24' title="bbox 0 0 2005 6034">
     <span class='ocr_line' id='line_1_117' title="bbox 0 0 2005 6034; baseline 0 0"><span class='ocrx_word' id='word_1_836' title='bbox 0 0 2005 6034; x_wconf 95' lang='lat' dir='ltr'><strong> </strong></span> 
     </span>
    </p>
   </div>
  </div>
 </body>
</html>
