3984 6034
176 245 243 302 1115
909 241 939 298 s.
959 236 1190 300 uirorumue
1241 205 1246 214 “
1858 244 1933 298 1111
1978 217 1980 322 i

173 383 379 456 perspiritum
403 387 544 449 sanetum,
569 382 606 439 ad
628 379 751 456 gloriam
778 380 906 438 nominis
925 379 1016 454 ipsius
1035 383 1057 438 Α
1075 377 1144 435 dum
1167 377 1257 436 horno
1275 377 1307 434 iu
1330 379 1455 452 pertenta
1468 383 1553 436 astate
1567 395 1619 453 par
1646 395 1677 437 se
1703 379 1800 454 ipsum
1827 396 1933 437 eseam
1979 395 1980 404 ¹

173 473 209 527 ad
229 472 457 546 memoriamque
478 471 589 544 prefati
612 471 736 544 patroni,
760 476 847 542 atqua
868 470 906 526 ad
931 467 1017 525 uasti·
1071 468 1156 540 eupit.
1979 497 1980 576 q

174 560 321 632 gatiouam
335 561 515 618 audientium
535 560 698 627 huminum,
720 560 814 616 vernei
841 558 1018 616 revelatione
1107 557 1152 612 54.
1173 556 1219 613 Sie
1243 559 1317 613 tiana
1341 561 1370 612 et
1395 557 1440 614 hio
1466 557 1542 626 iuuit,
1567 557 1707 630 quoniam
1732 559 1927 614 raoiilsntem
1979 587 1980 608 1

172 649 354 704 manifestata
369 655 454 704 sunt:
468 648 545 704 unde
560 664 613 703 nee
628 648 670 704 eis
688 650 724 705 de
746 648 890 721 prioribus
903 648 1016 720 opinio·
1072 645 1240 717 opinionem
1259 646 1387 709 abstulit,
1406 650 1436 703 et
1467 647 1615 702 veritatem
1643 646 1815 702 fiducialiter
1844 647 1930 702 inre-

173 737 259 792 nibus
275 737 434 809 quidquem
449 737 614 793 addendum
629 742 687 805 est;
699 753 738 793 ne
757 736 944 803 verbaitlius,
967 735 1018 808 qui
1072 734 1188 790 dautem
1207 733 1323 806 prodire
1339 734 1435 806 jussit.
1457 735 1535 791 idem
1557 736 1655 808 itaque
1670 735 1746 791 Deus
1767 736 1850 803 istos,
1873 737 1927 808 qui

175 827 232 895 Est,
244 826 275 882 in
289 824 544 882 subsannationem
560 825 711 880 durantur.
1072 821 1102 877 in
1127 822 1263 894 preedieto
1291 823 1353 879 iuno
1377 824 1532 880 manebant
1558 826 1588 880 et
1616 829 1743 892 manant,
1759 830 1792 879 nt
1811 825 1924 896 praedi-

210 917 254 970 53.
278 914 461 985 Quapropter
482 913 570 968 etiam
592 912 832 968 considerandum
862 915 916 979 est,
947 910 1018 984 quid
1072 916 1150 967 otum
1164 916 1218 978 ast,
1235 911 1340 984 saepius
1357 913 1500 984 purgarit,
1517 913 1718 969 sientetalios
1736 914 1925 986 quampluri-

175 1003 248 1058 Daus
261 1018 278 1057 a
291 1001 386 1073 primo
408 1001 525 1057 homine
545 1000 694 1073 hueusque
707 1000 737 1056 in
761 1001 926 1057 homiuibus
947 1016 1017 1072 opa-
1073 1015 1135 1056 mos
1149 999 1254 1072 sapius
1280 1000 1437 1073 castigavit,
1452 1001 1493 1058 ita
1514 1007 1611 1057 tamen
1627 1002 1702 1074 quod
1726 1017 1761 1057 ex
1776 1007 1839 1057 toto
1862 1017 1925 1058 non

174 1096 252 1145 ratus
267 1091 313 1145 sit.
329 1091 400 1146 Cum
416 1088 595 1146 spirandum
609 1089 737 1160 primum
752 1091 849 1162 lapsus
863 1090 901 1145 sit
916 1089 952 1145 de
966 1105 1018 1161 pa·
1072 1089 1209 1155 deseruit,
1226 1090 1469 1161 quamadmodum
1492 1092 1580 1147 lsrael
1595 1091 1671 1158 feeit,
1701 1091 1753 1162 qui
1775 1107 1842 1146 cum
1871 1091 1924 1145 bo-

61 1168 63 1171 ’
172 1177 268 1233 radiso
283 1179 484 1250 peregrinatus
497 1182 553 1245 ast3
578 1183 607 1232 et
632 1178 770 1249 quoniam
794 1178 918 1250 ipseper
933 1179 1017 1232 vitem
1074 1191 1143 1232 num
1171 1177 1354 1249 incepissent,
1383 1183 1504 1249 propter
1535 1181 1640 1234 muttaa
1671 1179 1820 1246 vanitates,
1851 1195 1926 1251 quas

173 1269 334 1321 creaturum
355 1265 468 1332 recidit,
497 1265 562 1321 ideo
583 1265 671 1321 etiam
697 1269 773 1323 [taus
800 1275 945 1322 creaturus
963 1264 1018 1321 sibi
1073 1263 1177 1320 deinde
1196 1265 1409 1337 perpetrabunt,
1439 1265 1579 1337 plurimas
1604 1267 1821 1338 persecutiones
1843 1267 1926 1338 passi

174 1355 277 1411 offerre
299 1352 550 1427 [unumunurm]
567 1354 690 1422 volabat,
711 1355 956 1429 quemadmodum
970 1354 1018 1408 iu·
1073 1357 1151 1423 suut,
1169 1357 1198 1408 et
1212 1353 1262 1424 qui
1277 1354 1364 1410 etiam
1386 1355 1415 1409 in
1443 1355 1587 1410 malitioso
1617 1359 1748 1427 temporo
1772 1355 1925 1427 requirun-

172 1444 373 1515 tausprimum
390 1445 463 1500 laete
486 1444 622 1500 nutritur.
637 1446 789 1516 Postquam
804 1449 901 1500 autam
929 1444 1018 1499 Filius
1073 1446 1130 1510 tur,
1156 1447 1185 1497 et
1204 1443 1244 1497 sie
1258 1457 1311 1514 per
1336 1442 1433 1498 omnia
1457 1458 1516 1499 non
1548 1443 1693 1515 peribunt.
1720 1445 1800 1500 Nune
1823 1450 1924 1500 autem

175 1533 225 1588 oei
241 1532 449 1588 humanitatem
464 1533 567 1597 induit,
593 1532 720 1604 seipsum
746 1532 823 1589 Petri
846 1532 1018 1588 sacrificinm
1073 1531 1136 1587 taus
1162 1531 1220 1587 Deo
1235 1530 1281 1599 sit,
1297 1531 1347 1603 qui
1362 1538 1462 1587 eontra
1482 1530 1633 1604 antiquum
1658 1537 1823 1604 serpentem
1844 1549 1926 1588 sem·

174 1621 290 1689 obtulit,
311 1626 340 1677 et
354 1637 386 1676 os
405 1619 533 1676 hominis
561 1619 597 1675 ad
625 1621 723 1676 eibum
742 1621 864 1692 justitia
887 1619 1013 1692 aparuit,
1074 1620 1297 1694 perproeliatun
1321 1620 1452 1693 itaquod
1477 1635 1594 1676 omnem
1621 1635 1725 1692 rugam
1751 1621 1863 1692 peceati
1880 1636 1923 1674 us·

172 1709 346 1765 siontetiam
361 1725 434 1781 puer
447 1709 582 1781 pasoitur.
604 1710 658 1765 Sed
673 1725 740 1766 eum
765 1710 844 1766 idem
861 1710 949 1766 Filius
965 1702 1031 1766 nei'
1073 1708 1189 1774 quoad
1215 1709 1491 1764 consummationem
1515 1708 1613 1766 soronii
1636 1708 1781 1781 purgavit,
1810 1708 1859 1764 nbi
1893 1714 1922 1762 et

173 1798 258 1854 oratos
275 1797 411 1865 aseendit,
433 1797 501 1869 igue
515 1796 640 1870 Spiritus
660 1797 752 1853 saneti
772 1798 905 1855 homines
926 1797 1019 1869 repte-
1073 1797 1167 1852 omnir
1181 1796 1346 1853 constitutio
1362 1797 1491 1854 fidelium
1517 1813 1634 1853 suornm
1655 1798 1781 1870 pleniter
1793 1813 1917 1869 appare·

173 1886 224 1953 rit,
238 1901 422 1957 aosqneeum
435 1885 510 1940 vitiis
524 1893 555 1941 et
573 1885 813 1956 cuncupiscentiis
833 1901 972 1956 pugnare,
990 1891 1019 1940 at
1072 1885 1123 1952 bit,
1141 1885 1171 1940 in
1195 1899 1259 1941 eam
1284 1885 1410 1954 primum
1435 1885 1579 1941 ordinavit
1603 1901 1610 1940 :
1633 1892 1663 1942 et
1684 1890 1755 1941 tune
1781 1886 1921 1956 antiquus

172 1973 213 2028 sie
228 1972 408 2045 seipsositeo
425 1972 596 2028 seerifleium
621 1973 715 2028 faeere
729 1974 850 2028 docuit:
873 1975 915 2029 ita
938 1971 1018 2045 quod
1071 1973 1161 2030 hostis
1180 1973 1214 2030 ad
1238 1973 1356 2046 pienum
1380 1974 1583 2041 confundetur,
1610 1973 1679 2045 quia
1701 1990 1754 2030 neo
1777 1973 1845 2040 sibi,
1868 1989 1922 2028 nee

174 2061 260 2117 etiam
274 2062 431 2116 seeundum
456 2061 600 2117 coetestem
624 2060 805 2117 harmoniam
834 2061 930 2116 virere
957 2060 1017 2116 ete·
1072 2061 1135 2118 otiis
1149 2062 1293 2134 prodesse,
1310 2078 1362 2118 neu
1377 2062 1499 2133 gloriam
1513 2062 1657 2118 nitidare
1683 2062 1799 2134 poterit.
1826 2063 1921 2118 Verba

173 2154 289 2221 gerunt,
318 2150 399 2204 reiut
426 2149 570 2220 spiritales
596 2149 729 2206 homines
757 2150 875 2212 taeiuut,
915 2150 965 2222 qui
988 2165 1019 2204 se
1071 2150 1169 2222 itaqua
1186 2151 1248 2207 hae
1264 2166 1331 2205 vera
1346 2151 1640 2223 sapientinprotutit:
1658 2153 1714 2224 Ego
1729 2155 1827 2207 autem
1853 2167 1921 2223 pau·

172 2237 249 2308 ipsos
263 2237 447 2294 aimundum
471 2244 590 2309 propter
612 2255 740 2294 amorem
756 2239 807 2296 liei
822 2239 1017 2311 reliquerunt3
1072 2239 1199 2311 pereuln,
1226 2240 1256 2295 in
1284 2241 1357 2295 leuto
1386 2239 1566 2312 agritudinis
1594 2256 1663 2295 maae
1693 2239 1826 2311 jurando,
1859 2240 1920 2295 hac

173 2329 203 2382 at
215 2331 247 2382 ut
274 2326 362 2382 etiam
386 2326 435 2382 atii
458 2327 527 2382 boni
552 2326 683 2383 homines
698 2328 790 2383 faeere
815 2327 942 2396 student,
967 2327 1019 2400 qui
1072 2328 1171 2385 omnia
1183 2327 1244 2384 vidi
1270 2335 1299 2384 et
1319 2327 1424 2392 audiri,
1440 2333 1470 2385 at
1486 2327 1610 2385 seribere
1625 2329 1699 2400 ooepi
1713 2333 1741 2384 at
1756 2328 1855 2395 tiniui;
1871 2329 1919 2382 sed

173 2415 204 2470 in
218 2415 331 2471 ardenti
353 2415 497 2471 desiderio
511 2416 668 2472 seeundum
683 2417 792 2472 donum
814 2415 935 2489 Spiritus
953 2431 1020 2472 aan-
1072 2419 1148 2473 {teus
1162 2421 1332 2489 potestatem
1349 2417 1446 2484 habet,
1463 2431 1509 2473 ma
1537 2418 1641 2472 alento
1661 2416 1784 2489 erigere,
1810 2416 1836 2471 si
1865 2417 1919 2470 sibi

173 2503 221 2572 eti,
240 2504 345 2560 fortem
364 2503 571 2560 continentiam
593 2505 815 2577 aggredientem
831 2507 1019 2579 quemadmo·
1073 2506 1221 2578 placuerit.
1238 2508 1340 2563 Amen.
