<?xml version="1.0" encoding="UTF-8"?>
<!DOCTYPE html PUBLIC "-//W3C//DTD XHTML 1.0 Transitional//EN"
    "http://www.w3.org/TR/xhtml1/DTD/xhtml1-transitional.dtd">
<html xmlns="http://www.w3.org/1999/xhtml" xml:lang="en" lang="en">
 <head>
  <title>
</title>
<meta http-equiv="Content-Type" content="text/html;charset=utf-8" />
  <meta name='ocr-system' content='tesseract 3.04.00' />
  <meta name='ocr-capabilities' content='ocr_page ocr_carea ocr_par ocr_line ocrx_word'/>
</head>
<body>
  <div class='ocr_page' id='page_1' title='image "./patrologiaecurs125unkngoog/patrologiaecurs125unkngoog_0058.png"; bbox 0 0 3984 6034; ppageno 0'>
   <div class='ocr_carea' id='block_1_1' title="bbox 154 187 1979 270">
    <p class='ocr_par' dir='ltr' id='par_1_1' title="bbox 154 187 1979 270">
     <span class='ocr_line' id='line_1_1' title="bbox 154 187 1979 270; baseline 0.002 -5"><span class='ocrx_word' id='word_1_1' title='bbox 154 211 206 266; x_wconf 81' lang='lat' dir='ltr'>lor</span> <span class='ocrx_word' id='word_1_2' title='bbox 881 211 910 267; x_wconf 84' lang='lat' dir='ltr'>e.</span> <span class='ocrx_word' id='word_1_3' title='bbox 930 187 1166 269; x_wconf 76' lang='lat' dir='ltr'>nitoresnore</span> <span class='ocrx_word' id='word_1_4' title='bbox 1854 217 1904 270; x_wconf 84' lang='lat' dir='ltr'>voe</span> <span class='ocrx_word' id='word_1_5' title='bbox 1978 198 1979 219; x_wconf 71' lang='lat'>¹</span> 
     </span>
    </p>
   </div>
   <div class='ocr_carea' id='block_1_2' title="bbox 149 331 1979 1925">
    <p class='ocr_par' dir='ltr' id='par_1_2' title="bbox 150 331 1908 1394">
     <span class='ocr_line' id='line_1_2' title="bbox 154 331 1907 420; baseline 0.001 -21"><span class='ocrx_word' id='word_1_6' title='bbox 154 343 388 416; x_wconf 88' lang='lat' dir='ltr'>pestuosanubes</span> <span class='ocrx_word' id='word_1_7' title='bbox 402 341 493 399; x_wconf 89' lang='lat' dir='ltr'>solem</span> <span class='ocrx_word' id='word_1_8' title='bbox 508 341 627 416; x_wconf 77' lang='lat' dir='ltr'>obtegit,</span> <span class='ocrx_word' id='word_1_9' title='bbox 650 343 689 400; x_wconf 88' lang='lat' dir='ltr'>ita</span> <span class='ocrx_word' id='word_1_10' title='bbox 711 343 789 416; x_wconf 91' lang='lat' dir='ltr'>quod</span> <span class='ocrx_word' id='word_1_11' title='bbox 814 344 893 400; x_wconf 87' lang='lat' dir='ltr'>vaide</span> <span class='ocrx_word' id='word_1_12' title='bbox 908 343 1002 416; x_wconf 89' lang='lat' dir='ltr'>suspi-</span> <span class='ocrx_word' id='word_1_13' title='bbox 1022 331 1128 414; x_wconf 65' lang='lat' dir='ltr'>istie</span> <span class='ocrx_word' id='word_1_14' title='bbox 1150 345 1238 402; x_wconf 75' lang='lat' dir='ltr'>eham</span> <span class='ocrx_word' id='word_1_15' title='bbox 1252 344 1384 418; x_wconf 73' lang='lat' dir='ltr'>quaedam</span> <span class='ocrx_word' id='word_1_16' title='bbox 1406 344 1519 402; x_wconf 84' lang='lat' dir='ltr'>nobiles</span> <span class='ocrx_word' id='word_1_17' title='bbox 1546 345 1649 420; x_wconf 78' lang='lat' dir='ltr'>puelle</span> <span class='ocrx_word' id='word_1_18' title='bbox 1677 345 1810 401; x_wconf 89' lang='lat' dir='ltr'>similiter</span> <span class='ocrx_word' id='word_1_19' title='bbox 1832 346 1907 401; x_wconf 86' lang='lat' dir='ltr'>iece-</span> 
     </span>
     <span class='ocr_line' id='line_1_3' title="bbox 153 432 1907 506; baseline 0.001 -18"><span class='ocrx_word' id='word_1_20' title='bbox 153 450 221 489; x_wconf 88' lang='lat' dir='ltr'>raus</span> <span class='ocrx_word' id='word_1_21' title='bbox 246 434 431 506; x_wconf 84' lang='lat' dir='ltr'>allacrymas</span> <span class='ocrx_word' id='word_1_22' title='bbox 458 433 591 500; x_wconf 90' lang='lat' dir='ltr'>lundens,</span> <span class='ocrx_word' id='word_1_23' title='bbox 618 433 694 488; x_wconf 82' lang='lat' dir='ltr'>diri:</span> <span class='ocrx_word' id='word_1_24' title='bbox 724 432 757 502; x_wconf 93' lang='lat'>0,</span> <span class='ocrx_word' id='word_1_25' title='bbox 787 450 814 501; x_wconf 94' lang='lat' dir='ltr'>o,</span> <span class='ocrx_word' id='word_1_26' title='bbox 842 435 916 489; x_wconf 87' lang='lat' dir='ltr'>Deus</span> <span class='ocrx_word' id='word_1_27' title='bbox 941 433 1005 488; x_wconf 91' lang='lat' dir='ltr'>nul·</span> <span class='ocrx_word' id='word_1_28' title='bbox 1059 440 1212 502; x_wconf 86' lang='lat' dir='ltr'>runt,sea</span> <span class='ocrx_word' id='word_1_29' title='bbox 1230 434 1790 506; x_wconf 76' lang='lat' dir='ltr'>meseparanteszexquibusquaedem</span> <span class='ocrx_word' id='word_1_30' title='bbox 1805 440 1907 506; x_wconf 88' lang='lat' dir='ltr'>postea</span> 
     </span>
     <span class='ocr_line' id='line_1_4' title="bbox 153 521 1906 596; baseline 0 -20"><span class='ocrx_word' id='word_1_31' title='bbox 153 523 389 590; x_wconf 89' lang='lat' dir='ltr'>iumcouiundit,</span> <span class='ocrx_word' id='word_1_32' title='bbox 411 522 461 594; x_wconf 82' lang='lat' dir='ltr'>qui</span> <span class='ocrx_word' id='word_1_33' title='bbox 488 521 518 576; x_wconf 89' lang='lat' dir='ltr'>in</span> <span class='ocrx_word' id='word_1_34' title='bbox 540 521 636 593; x_wconf 86' lang='lat' dir='ltr'>ipsum</span> <span class='ocrx_word' id='word_1_35' title='bbox 663 523 793 578; x_wconf 89' lang='lat' dir='ltr'>conlidit.</span> <span class='ocrx_word' id='word_1_36' title='bbox 822 523 875 579; x_wconf 87' lang='lat' dir='ltr'>Sed</span> <span class='ocrx_word' id='word_1_37' title='bbox 896 523 1003 578; x_wconf 88' lang='lat' dir='ltr'>lterum</span> <span class='ocrx_word' id='word_1_38' title='bbox 1057 528 1117 579; x_wconf 92' lang='lat' dir='ltr'>tam</span> <span class='ocrx_word' id='word_1_39' title='bbox 1145 524 1326 596; x_wconf 78' lang='lat' dir='ltr'>negligenter</span> <span class='ocrx_word' id='word_1_40' title='bbox 1358 521 1502 591; x_wconf 81' lang='lat' dir='ltr'>vivebant,</span> <span class='ocrx_word' id='word_1_41' title='bbox 1538 523 1616 594; x_wconf 87' lang='lat' dir='ltr'>quod</span> <span class='ocrx_word' id='word_1_42' title='bbox 1655 523 1738 578; x_wconf 90' lang='lat' dir='ltr'>multi</span> <span class='ocrx_word' id='word_1_43' title='bbox 1764 524 1906 591; x_wconf 82' lang='lat' dir='ltr'>dixerunt,</span> 
     </span>
     <span class='ocr_line' id='line_1_5' title="bbox 153 609 1907 685; baseline 0 -20"><span class='ocrx_word' id='word_1_44' title='bbox 153 610 365 682; x_wconf 83' lang='lat' dir='ltr'>ileusgrutiam</span> <span class='ocrx_word' id='word_1_45' title='bbox 384 625 466 665; x_wconf 84' lang='lat' dir='ltr'>auam</span> <span class='ocrx_word' id='word_1_46' title='bbox 492 609 563 664; x_wconf 90' lang='lat' dir='ltr'>mihi</span> <span class='ocrx_word' id='word_1_47' title='bbox 593 609 733 677; x_wconf 78' lang='lat' dir='ltr'>adhibuit,</span> <span class='ocrx_word' id='word_1_48' title='bbox 759 611 1004 682; x_wconf 80' lang='lat' dir='ltr'>quemadmodum</span> <span class='ocrx_word' id='word_1_49' title='bbox 1059 611 1128 683; x_wconf 93' lang='lat' dir='ltr'>quia</span> <span class='ocrx_word' id='word_1_50' title='bbox 1151 629 1239 685; x_wconf 90' lang='lat' dir='ltr'>opera</span> <span class='ocrx_word' id='word_1_51' title='bbox 1265 628 1366 667; x_wconf 84' lang='lat' dir='ltr'>earnm</span> <span class='ocrx_word' id='word_1_52' title='bbox 1393 611 1587 675; x_wconf 88' lang='lat' dir='ltr'>ostenderent,</span> <span class='ocrx_word' id='word_1_53' title='bbox 1612 611 1687 683; x_wconf 90' lang='lat' dir='ltr'>quod</span> <span class='ocrx_word' id='word_1_54' title='bbox 1712 611 1743 666; x_wconf 93' lang='lat' dir='ltr'>in</span> <span class='ocrx_word' id='word_1_55' title='bbox 1770 611 1907 683; x_wconf 92' lang='lat' dir='ltr'>Spiritum</span> 
     </span>
     <span class='ocr_line' id='line_1_6' title="bbox 152 698 1907 772; baseline -0.001 -17"><span class='ocrx_word' id='word_1_56' title='bbox 152 715 218 755; x_wconf 88' lang='lat' dir='ltr'>cum</span> <span class='ocrx_word' id='word_1_57' title='bbox 233 700 276 755; x_wconf 89' lang='lat' dir='ltr'>sol</span> <span class='ocrx_word' id='word_1_58' title='bbox 290 699 489 754; x_wconf 87' lang='lat' dir='ltr'>recedentibus</span> <span class='ocrx_word' id='word_1_59' title='bbox 506 698 641 765; x_wconf 91' lang='lat' dir='ltr'>nubibus,</span> <span class='ocrx_word' id='word_1_60' title='bbox 656 703 785 771; x_wconf 84' lang='lat' dir='ltr'>apparet,</span> <span class='ocrx_word' id='word_1_61' title='bbox 802 703 831 754; x_wconf 91' lang='lat' dir='ltr'>et</span> <span class='ocrx_word' id='word_1_62' title='bbox 845 699 924 754; x_wconf 90' lang='lat' dir='ltr'>velut</span> <span class='ocrx_word' id='word_1_63' title='bbox 937 715 1005 755; x_wconf 90' lang='lat' dir='ltr'>cum</span> <span class='ocrx_word' id='word_1_64' title='bbox 1059 706 1190 756; x_wconf 87' lang='lat' dir='ltr'>sanctum</span> <span class='ocrx_word' id='word_1_65' title='bbox 1223 705 1251 756; x_wconf 90' lang='lat' dir='ltr'>et</span> <span class='ocrx_word' id='word_1_66' title='bbox 1278 701 1309 755; x_wconf 91' lang='lat' dir='ltr'>in</span> <span class='ocrx_word' id='word_1_67' title='bbox 1341 701 1500 766; x_wconf 92' lang='lat' dir='ltr'>homiuem,</span> <span class='ocrx_word' id='word_1_68' title='bbox 1534 699 1585 771; x_wconf 91' lang='lat' dir='ltr'>qui</span> <span class='ocrx_word' id='word_1_69' title='bbox 1618 700 1654 754; x_wconf 91' lang='lat' dir='ltr'>de</span> <span class='ocrx_word' id='word_1_70' title='bbox 1683 699 1791 772; x_wconf 85' lang='lat' dir='ltr'>Spiritu</span> <span class='ocrx_word' id='word_1_71' title='bbox 1810 706 1907 754; x_wconf 88' lang='lat' dir='ltr'>sancto</span> 
     </span>
     <span class='ocr_line' id='line_1_7' title="bbox 151 786 1908 861; baseline -0.001 -18"><span class='ocrx_word' id='word_1_72' title='bbox 151 793 245 843; x_wconf 89' lang='lat' dir='ltr'>mater</span> <span class='ocrx_word' id='word_1_73' title='bbox 261 787 340 842; x_wconf 91' lang='lat' dir='ltr'>ilenti</span> <span class='ocrx_word' id='word_1_74' title='bbox 356 787 459 842; x_wconf 88' lang='lat' dir='ltr'>intanti</span> <span class='ocrx_word' id='word_1_75' title='bbox 476 787 518 841; x_wconf 88' lang='lat' dir='ltr'>lac</span> <span class='ocrx_word' id='word_1_76' title='bbox 530 789 648 858; x_wconf 78' lang='lat' dir='ltr'>praehet,</span> <span class='ocrx_word' id='word_1_77' title='bbox 660 786 738 841; x_wconf 89' lang='lat' dir='ltr'>unde</span> <span class='ocrx_word' id='word_1_78' title='bbox 749 787 811 858; x_wconf 91' lang='lat' dir='ltr'>ipsa</span> <span class='ocrx_word' id='word_1_79' title='bbox 825 793 891 859; x_wconf 93' lang='lat' dir='ltr'>post</span> <span class='ocrx_word' id='word_1_80' title='bbox 902 787 1004 843; x_wconf 91' lang='lat' dir='ltr'>iletum</span> <span class='ocrx_word' id='word_1_81' title='bbox 1058 789 1239 861; x_wconf 80' lang='lat' dir='ltr'>loquebatur,</span> <span class='ocrx_word' id='word_1_82' title='bbox 1272 793 1447 861; x_wconf 88' lang='lat' dir='ltr'>peccassent.</span> <span class='ocrx_word' id='word_1_83' title='bbox 1490 790 1548 860; x_wconf 85' lang='lat' dir='ltr'>ligo</span> <span class='ocrx_word' id='word_1_84' title='bbox 1579 794 1675 844; x_wconf 89' lang='lat' dir='ltr'>autem</span> <span class='ocrx_word' id='word_1_85' title='bbox 1702 794 1731 843; x_wconf 91' lang='lat' dir='ltr'>et</span> <span class='ocrx_word' id='word_1_86' title='bbox 1756 788 1908 860; x_wconf 85' lang='lat' dir='ltr'>diligentes</span> 
     </span>
     <span class='ocr_line' id='line_1_8' title="bbox 151 874 1906 951; baseline 0.002 -20"><span class='ocrx_word' id='word_1_87' title='bbox 151 876 265 947; x_wconf 90' lang='lat' dir='ltr'>gaudet.</span> <span class='ocrx_word' id='word_1_88' title='bbox 281 877 360 931; x_wconf 88' lang='lat' dir='ltr'>Tunc</span> <span class='ocrx_word' id='word_1_89' title='bbox 375 875 405 930; x_wconf 93' lang='lat' dir='ltr'>iu</span> <span class='ocrx_word' id='word_1_90' title='bbox 420 891 486 930; x_wconf 86' lang='lat' dir='ltr'>vera</span> <span class='ocrx_word' id='word_1_91' title='bbox 503 874 612 929; x_wconf 89' lang='lat' dir='ltr'>visione</span> <span class='ocrx_word' id='word_1_92' title='bbox 632 874 689 928; x_wconf 90' lang='lat' dir='ltr'>vidi</span> <span class='ocrx_word' id='word_1_93' title='bbox 710 875 787 946; x_wconf 89' lang='lat' dir='ltr'>qnod</span> <span class='ocrx_word' id='word_1_94' title='bbox 804 875 1005 932; x_wconf 82' lang='lat' dir='ltr'>tribulationes</span> <span class='ocrx_word' id='word_1_95' title='bbox 1061 895 1106 933; x_wconf 93' lang='lat' dir='ltr'>me</span> <span class='ocrx_word' id='word_1_96' title='bbox 1132 878 1357 947; x_wconf 85' lang='lat' dir='ltr'>admirabamur,</span> <span class='ocrx_word' id='word_1_97' title='bbox 1386 895 1438 934; x_wconf 90' lang='lat' dir='ltr'>cur</span> <span class='ocrx_word' id='word_1_98' title='bbox 1463 884 1544 934; x_wconf 90' lang='lat' dir='ltr'>tanta</span> <span class='ocrx_word' id='word_1_99' title='bbox 1568 879 1731 950; x_wconf 84' lang='lat' dir='ltr'>persecutio</span> <span class='ocrx_word' id='word_1_100' title='bbox 1746 894 1833 951; x_wconf 90' lang='lat' dir='ltr'>super</span> <span class='ocrx_word' id='word_1_101' title='bbox 1859 893 1906 934; x_wconf 91' lang='lat' dir='ltr'>me</span> 
     </span>
     <span class='ocr_line' id='line_1_9' title="bbox 150 963 1907 1036; baseline 0.002 -18"><span class='ocrx_word' id='word_1_102' title='bbox 150 963 257 1020; x_wconf 78' lang='lat' dir='ltr'>istacin</span> <span class='ocrx_word' id='word_1_103' title='bbox 282 965 412 1036; x_wconf 84' lang='lat' dir='ltr'>exemplo</span> <span class='ocrx_word' id='word_1_104' title='bbox 444 963 545 1035; x_wconf 84' lang='lat' dir='ltr'>hioysis</span> <span class='ocrx_word' id='word_1_105' title='bbox 573 980 660 1035; x_wconf 93' lang='lat' dir='ltr'>super</span> <span class='ocrx_word' id='word_1_106' title='bbox 688 963 903 1030; x_wconf 89' lang='lat' dir='ltr'>mevenisseut,</span> <span class='ocrx_word' id='word_1_107' title='bbox 925 965 1003 1036; x_wconf 91' lang='lat' dir='ltr'>quia,</span> <span class='ocrx_word' id='word_1_108' title='bbox 1058 968 1178 1032; x_wconf 81' lang='lat' dir='ltr'>reniret,</span> <span class='ocrx_word' id='word_1_109' title='bbox 1206 973 1235 1022; x_wconf 94' lang='lat' dir='ltr'>et</span> <span class='ocrx_word' id='word_1_110' title='bbox 1265 967 1340 1023; x_wconf 88' lang='lat' dir='ltr'>Deus</span> <span class='ocrx_word' id='word_1_111' title='bbox 1377 967 1602 1022; x_wconf 83' lang='lat' dir='ltr'>consolationem</span> <span class='ocrx_word' id='word_1_112' title='bbox 1634 966 1705 1021; x_wconf 91' lang='lat' dir='ltr'>mihi</span> <span class='ocrx_word' id='word_1_113' title='bbox 1743 983 1801 1021; x_wconf 93' lang='lat' dir='ltr'>non</span> <span class='ocrx_word' id='word_1_114' title='bbox 1828 966 1907 1021; x_wconf 91' lang='lat' dir='ltr'>adhi-</span> 
     </span>
     <span class='ocr_line' id='line_1_10' title="bbox 151 1050 1905 1126; baseline -0.001 -18"><span class='ocrx_word' id='word_1_115' title='bbox 151 1069 218 1109; x_wconf 90' lang='lat' dir='ltr'>cum</span> <span class='ocrx_word' id='word_1_116' title='bbox 241 1050 379 1107; x_wconf 89' lang='lat' dir='ltr'>illelillos</span> <span class='ocrx_word' id='word_1_117' title='bbox 400 1053 485 1107; x_wconf 85' lang='lat' dir='ltr'>israel</span> <span class='ocrx_word' id='word_1_118' title='bbox 513 1055 634 1123; x_wconf 83' lang='lat' dir='ltr'>AEgypto</span> <span class='ocrx_word' id='word_1_119' title='bbox 661 1063 739 1107; x_wconf 86' lang='lat' dir='ltr'>trans</span> <span class='ocrx_word' id='word_1_120' title='bbox 766 1069 844 1108; x_wconf 89' lang='lat' dir='ltr'>mare</span> <span class='ocrx_word' id='word_1_121' title='bbox 873 1053 1004 1110; x_wconf 86' lang='lat' dir='ltr'>Rubrum</span> <span class='ocrx_word' id='word_1_122' title='bbox 1058 1055 1150 1120; x_wconf 91' lang='lat' dir='ltr'>beret,</span> <span class='ocrx_word' id='word_1_123' title='bbox 1183 1070 1249 1110; x_wconf 90' lang='lat' dir='ltr'>eum</span> <span class='ocrx_word' id='word_1_124' title='bbox 1280 1056 1309 1108; x_wconf 93' lang='lat' dir='ltr'>in</span> <span class='ocrx_word' id='word_1_125' title='bbox 1341 1056 1465 1126; x_wconf 88' lang='lat' dir='ltr'>peccatis</span> <span class='ocrx_word' id='word_1_126' title='bbox 1493 1070 1675 1126; x_wconf 88' lang='lat' dir='ltr'>perseverare</span> <span class='ocrx_word' id='word_1_127' title='bbox 1708 1071 1764 1110; x_wconf 92' lang='lat' dir='ltr'>non</span> <span class='ocrx_word' id='word_1_128' title='bbox 1793 1055 1905 1120; x_wconf 88' lang='lat' dir='ltr'>vellem,</span> 
     </span>
     <span class='ocr_line' id='line_1_11' title="bbox 151 1139 1906 1216; baseline 0.002 -22"><span class='ocrx_word' id='word_1_129' title='bbox 151 1140 312 1196; x_wconf 90' lang='lat' dir='ltr'>duceretiu</span> <span class='ocrx_word' id='word_1_130' title='bbox 329 1141 486 1208; x_wconf 90' lang='lat' dir='ltr'>desertum,</span> <span class='ocrx_word' id='word_1_131' title='bbox 509 1139 564 1211; x_wconf 90' lang='lat' dir='ltr'>ipsi</span> <span class='ocrx_word' id='word_1_132' title='bbox 581 1145 680 1194; x_wconf 87' lang='lat' dir='ltr'>contra</span> <span class='ocrx_word' id='word_1_133' title='bbox 701 1141 790 1195; x_wconf 80' lang='lat' dir='ltr'>ileum</span> <span class='ocrx_word' id='word_1_134' title='bbox 820 1157 1003 1197; x_wconf 87' lang='lat' dir='ltr'>murmuran·</span> <span class='ocrx_word' id='word_1_135' title='bbox 1058 1143 1107 1198; x_wconf 91' lang='lat' dir='ltr'>sed</span> <span class='ocrx_word' id='word_1_136' title='bbox 1132 1142 1321 1214; x_wconf 89' lang='lat' dir='ltr'>bonaopcra,</span> <span class='ocrx_word' id='word_1_137' title='bbox 1339 1146 1398 1199; x_wconf 82' lang='lat' dir='ltr'>ileo</span> <span class='ocrx_word' id='word_1_138' title='bbox 1418 1144 1578 1214; x_wconf 85' lang='lat' dir='ltr'>adjuvante,</span> <span class='ocrx_word' id='word_1_139' title='bbox 1606 1144 1743 1216; x_wconf 80' lang='lat' dir='ltr'>perficere</span> <span class='ocrx_word' id='word_1_140' title='bbox 1763 1142 1906 1197; x_wconf 91' lang='lat' dir='ltr'>desidera-</span> 
     </span>
     <span class='ocr_line' id='line_1_12' title="bbox 151 1228 1906 1305; baseline 0 -21"><span class='ocrx_word' id='word_1_141' title='bbox 151 1231 331 1301; x_wconf 82' lang='lat' dir='ltr'>tes,tt05sen</span> <span class='ocrx_word' id='word_1_142' title='bbox 359 1245 475 1301; x_wconf 90' lang='lat' dir='ltr'>quoque</span> <span class='ocrx_word' id='word_1_143' title='bbox 504 1228 585 1283; x_wconf 83' lang='lat' dir='ltr'>valde</span> <span class='ocrx_word' id='word_1_144' title='bbox 604 1229 778 1296; x_wconf 86' lang='lat' dir='ltr'>alilixerunt,</span> <span class='ocrx_word' id='word_1_145' title='bbox 799 1231 930 1301; x_wconf 84' lang='lat' dir='ltr'>quamvis</span> <span class='ocrx_word' id='word_1_146' title='bbox 955 1247 1004 1284; x_wconf 90' lang='lat' dir='ltr'>eos</span> <span class='ocrx_word' id='word_1_147' title='bbox 1058 1247 1127 1286; x_wconf 90' lang='lat' dir='ltr'>rem.</span> <span class='ocrx_word' id='word_1_148' title='bbox 1160 1230 1193 1287; x_wconf 92' lang='lat' dir='ltr'>in</span> <span class='ocrx_word' id='word_1_149' title='bbox 1225 1230 1270 1286; x_wconf 88' lang='lat' dir='ltr'>his</span> <span class='ocrx_word' id='word_1_150' title='bbox 1294 1231 1400 1286; x_wconf 88' lang='lat' dir='ltr'>librum</span> <span class='ocrx_word' id='word_1_151' title='bbox 1426 1231 1535 1288; x_wconf 85' lang='lat' dir='ltr'>Seioias</span> <span class='ocrx_word' id='word_1_152' title='bbox 1564 1232 1715 1305; x_wconf 83' lang='lat' dir='ltr'>complevi,</span> <span class='ocrx_word' id='word_1_153' title='bbox 1745 1232 1906 1286; x_wconf 86' lang='lat' dir='ltr'>sieutlleus</span> 
     </span>
     <span class='ocr_line' id='line_1_13' title="bbox 152 1320 1190 1394; baseline -0.005 -16"><span class='ocrx_word' id='word_1_154' title='bbox 152 1323 227 1378; x_wconf 88' lang='lat' dir='ltr'>Deus</span> <span class='ocrx_word' id='word_1_155' title='bbox 254 1321 384 1378; x_wconf 88' lang='lat' dir='ltr'>miriiicis</span> <span class='ocrx_word' id='word_1_156' title='bbox 411 1321 501 1392; x_wconf 89' lang='lat' dir='ltr'>signis</span> <span class='ocrx_word' id='word_1_157' title='bbox 529 1322 708 1376; x_wconf 78' lang='lat' dir='ltr'>illustrasset.</span> <span class='ocrx_word' id='word_1_158' title='bbox 735 1322 775 1376; x_wconf 86' lang='lat' dir='ltr'>lta</span> <span class='ocrx_word' id='word_1_159' title='bbox 803 1323 877 1376; x_wconf 85' lang='lat' dir='ltr'>Deus</span> <span class='ocrx_word' id='word_1_160' title='bbox 907 1323 1004 1394; x_wconf 89' lang='lat' dir='ltr'>aliqua</span> <span class='ocrx_word' id='word_1_161' title='bbox 1058 1320 1158 1374; x_wconf 90' lang='lat' dir='ltr'>voluit.</span> <span class='ocrx_word' id='word_1_162' title='bbox 1175 1341 1190 1369; x_wconf 82' lang='lat' dir='ltr'>o</span> 
     </span>
    </p>

    <p class='ocr_par' dir='ltr' id='par_1_3' title="bbox 149 1407 1979 1925">
     <span class='ocr_line' id='line_1_14' title="bbox 152 1407 1979 1482; baseline -0.002 -16"><span class='ocrx_word' id='word_1_163' title='bbox 152 1417 233 1482; x_wconf 88' lang='lat' dir='ltr'>parte</span> <span class='ocrx_word' id='word_1_164' title='bbox 263 1427 309 1466; x_wconf 90' lang='lat' dir='ltr'>me</span> <span class='ocrx_word' id='word_1_165' title='bbox 340 1410 430 1482; x_wconf 82' lang='lat' dir='ltr'>afiligi</span> <span class='ocrx_word' id='word_1_166' title='bbox 466 1409 599 1481; x_wconf 87' lang='lat' dir='ltr'>permisit</span> <span class='ocrx_word' id='word_1_167' title='bbox 627 1426 644 1463; x_wconf 86' lang='lat' dir='ltr'>a</span> <span class='ocrx_word' id='word_1_168' title='bbox 671 1410 819 1464; x_wconf 87' lang='lat' dir='ltr'>communi</span> <span class='ocrx_word' id='word_1_169' title='bbox 845 1412 1004 1481; x_wconf 92' lang='lat' dir='ltr'>populo,a</span> <span class='ocrx_word' id='word_1_170' title='bbox 1093 1410 1192 1463; x_wconf 60' lang='lat' dir='ltr'>nter</span> <span class='ocrx_word' id='word_1_171' title='bbox 1209 1407 1380 1479; x_wconf 78' lang='lat' dir='ltr'>precedenti</span> <span class='ocrx_word' id='word_1_172' title='bbox 1405 1408 1523 1464; x_wconf 86' lang='lat' dir='ltr'>visionis</span> <span class='ocrx_word' id='word_1_173' title='bbox 1553 1407 1745 1480; x_wconf 85' lang='lat' dir='ltr'>descriptione</span> <span class='ocrx_word' id='word_1_174' title='bbox 1773 1409 1906 1464; x_wconf 83' lang='lat' dir='ltr'>etheatre</span> <span class='ocrx_word' id='word_1_175' title='bbox 1978 1414 1979 1469; x_wconf 76' lang='lat' dir='ltr'>t</span> 
     </span>
     <span class='ocr_line' id='line_1_15' title="bbox 150 1497 1906 1570; baseline -0.001 -17"><span class='ocrx_word' id='word_1_176' title='bbox 150 1499 323 1570; x_wconf 83' lang='lat' dir='ltr'>propinquis</span> <span class='ocrx_word' id='word_1_177' title='bbox 342 1499 413 1553; x_wconf 87' lang='lat' dir='ltr'>meis</span> <span class='ocrx_word' id='word_1_178' title='bbox 430 1503 458 1552; x_wconf 90' lang='lat' dir='ltr'>et</span> <span class='ocrx_word' id='word_1_179' title='bbox 474 1499 509 1552; x_wconf 91' lang='lat' dir='ltr'>ab</span> <span class='ocrx_word' id='word_1_180' title='bbox 524 1498 688 1568; x_wconf 89' lang='lat' dir='ltr'>aliquantis,</span> <span class='ocrx_word' id='word_1_181' title='bbox 704 1499 755 1568; x_wconf 93' lang='lat' dir='ltr'>qui</span> <span class='ocrx_word' id='word_1_182' title='bbox 781 1513 893 1553; x_wconf 90' lang='lat' dir='ltr'>mecum</span> <span class='ocrx_word' id='word_1_183' title='bbox 921 1515 1002 1553; x_wconf 87' lang='lat' dir='ltr'>man·</span> <span class='ocrx_word' id='word_1_184' title='bbox 1058 1498 1177 1569; x_wconf 84' lang='lat' dir='ltr'>virginis</span> <span class='ocrx_word' id='word_1_185' title='bbox 1202 1498 1293 1570; x_wconf 91' lang='lat' dir='ltr'>liquet</span> <span class='ocrx_word' id='word_1_186' title='bbox 1315 1497 1477 1565; x_wconf 85' lang='lat' dir='ltr'>alllictione,</span> <span class='ocrx_word' id='word_1_187' title='bbox 1506 1498 1583 1570; x_wconf 93' lang='lat' dir='ltr'>quod</span> <span class='ocrx_word' id='word_1_188' title='bbox 1610 1498 1714 1566; x_wconf 87' lang='lat' dir='ltr'>lacurn,</span> <span class='ocrx_word' id='word_1_189' title='bbox 1738 1515 1824 1568; x_wconf 90' lang='lat' dir='ltr'>quem</span> <span class='ocrx_word' id='word_1_190' title='bbox 1852 1498 1906 1552; x_wconf 90' lang='lat' dir='ltr'>sibi</span> 
     </span>
     <span class='ocr_line' id='line_1_16' title="bbox 150 1586 1906 1659; baseline -0.001 -17"><span class='ocrx_word' id='word_1_191' title='bbox 150 1593 261 1657; x_wconf 89' lang='lat' dir='ltr'>serunt,</span> <span class='ocrx_word' id='word_1_192' title='bbox 290 1603 355 1641; x_wconf 87' lang='lat' dir='ltr'>curn</span> <span class='ocrx_word' id='word_1_193' title='bbox 381 1587 421 1640; x_wconf 89' lang='lat' dir='ltr'>eis</span> <span class='ocrx_word' id='word_1_194' title='bbox 449 1586 611 1640; x_wconf 88' lang='lat' dir='ltr'>necessaria</span> <span class='ocrx_word' id='word_1_195' title='bbox 638 1588 802 1652; x_wconf 85' lang='lat' dir='ltr'>defuerunt,</span> <span class='ocrx_word' id='word_1_196' title='bbox 831 1587 884 1641; x_wconf 84' lang='lat' dir='ltr'>nisi</span> <span class='ocrx_word' id='word_1_197' title='bbox 908 1603 1003 1658; x_wconf 91' lang='lat' dir='ltr'>quau·</span> <span class='ocrx_word' id='word_1_198' title='bbox 1058 1592 1323 1657; x_wconf 77' lang='lat' dir='ltr'>praemonstratum,</span> <span class='ocrx_word' id='word_1_199' title='bbox 1357 1592 1385 1641; x_wconf 92' lang='lat' dir='ltr'>et</span> <span class='ocrx_word' id='word_1_200' title='bbox 1409 1603 1461 1658; x_wconf 93' lang='lat' dir='ltr'>pro</span> <span class='ocrx_word' id='word_1_201' title='bbox 1488 1603 1545 1659; x_wconf 93' lang='lat' dir='ltr'>quo</span> <span class='ocrx_word' id='word_1_202' title='bbox 1561 1588 1755 1641; x_wconf 86' lang='lat' dir='ltr'>retardantem</span> <span class='ocrx_word' id='word_1_203' title='bbox 1780 1587 1906 1641; x_wconf 80' lang='lat' dir='ltr'>caecitate</span> 
     </span>
     <span class='ocr_line' id='line_1_17' title="bbox 150 1660 1979 1747; baseline -0.002 -16"><span class='ocrx_word' id='word_1_204' title='bbox 150 1682 212 1732; x_wconf 89' lang='lat' dir='ltr'>tum</span> <span class='ocrx_word' id='word_1_205' title='bbox 228 1675 312 1730; x_wconf 88' lang='lat' dir='ltr'>uobis</span> <span class='ocrx_word' id='word_1_206' title='bbox 330 1691 381 1746; x_wconf 90' lang='lat' dir='ltr'>per</span> <span class='ocrx_word' id='word_1_207' title='bbox 396 1676 519 1745; x_wconf 84' lang='lat' dir='ltr'>gratiam</span> <span class='ocrx_word' id='word_1_208' title='bbox 541 1675 592 1729; x_wconf 86' lang='lat' dir='ltr'>ilci</span> <span class='ocrx_word' id='word_1_209' title='bbox 606 1675 636 1729; x_wconf 92' lang='lat' dir='ltr'>iu</span> <span class='ocrx_word' id='word_1_210' title='bbox 653 1675 843 1747; x_wconf 86' lang='lat' dir='ltr'>eieernosyuis</span> <span class='ocrx_word' id='word_1_211' title='bbox 869 1660 1043 1743; x_wconf 76' lang='lat' dir='ltr'>debatur,B</span> <span class='ocrx_word' id='word_1_212' title='bbox 1057 1674 1216 1745; x_wconf 85' lang='lat' dir='ltr'>castigavit,</span> <span class='ocrx_word' id='word_1_213' title='bbox 1240 1677 1300 1746; x_wconf 89' lang='lat' dir='ltr'>ipse</span> <span class='ocrx_word' id='word_1_214' title='bbox 1322 1675 1461 1730; x_wconf 86' lang='lat' dir='ltr'>[lominus</span> <span class='ocrx_word' id='word_1_215' title='bbox 1484 1675 1570 1747; x_wconf 90' lang='lat' dir='ltr'>elegit</span> <span class='ocrx_word' id='word_1_216' title='bbox 1584 1683 1614 1730; x_wconf 92' lang='lat' dir='ltr'>et</span> <span class='ocrx_word' id='word_1_217' title='bbox 1634 1675 1783 1746; x_wconf 81' lang='lat' dir='ltr'>praeelegit</span> <span class='ocrx_word' id='word_1_218' title='bbox 1804 1675 1833 1729; x_wconf 93' lang='lat' dir='ltr'>in</span> <span class='ocrx_word' id='word_1_219' title='bbox 1847 1677 1906 1729; x_wconf 81' lang='lat' dir='ltr'>ha.-</span> <span class='ocrx_word' id='word_1_220' title='bbox 1978 1674 1979 1689; x_wconf 65' lang='lat'>¹</span> 
     </span>
     <span class='ocr_line' id='line_1_18' title="bbox 149 1760 1907 1837; baseline -0.002 -19"><span class='ocrx_word' id='word_1_221' title='bbox 149 1763 377 1837; x_wconf 88' lang='lat' dir='ltr'>quiasicutlilii</span> <span class='ocrx_word' id='word_1_222' title='bbox 401 1763 486 1818; x_wconf 89' lang='lat' dir='ltr'>israel</span> <span class='ocrx_word' id='word_1_223' title='bbox 515 1764 627 1835; x_wconf 73' lang='lat' dir='ltr'>idrvysen</span> <span class='ocrx_word' id='word_1_224' title='bbox 656 1763 830 1829; x_wconf 83' lang='lat' dir='ltr'>aillirerunt,</span> <span class='ocrx_word' id='word_1_225' title='bbox 848 1765 887 1818; x_wconf 89' lang='lat' dir='ltr'>ita</span> <span class='ocrx_word' id='word_1_226' title='bbox 914 1765 1003 1819; x_wconf 88' lang='lat' dir='ltr'>etisti</span> <span class='ocrx_word' id='word_1_227' title='bbox 1056 1760 1283 1828; x_wconf 89' lang='lat' dir='ltr'>reditatemsibi,</span> <span class='ocrx_word' id='word_1_228' title='bbox 1301 1769 1453 1817; x_wconf 90' lang='lat' dir='ltr'>utnomen</span> <span class='ocrx_word' id='word_1_229' title='bbox 1481 1779 1564 1817; x_wconf 86' lang='lat' dir='ltr'>suum</span> <span class='ocrx_word' id='word_1_230' title='bbox 1591 1769 1720 1817; x_wconf 84' lang='lat' dir='ltr'>sanctum</span> <span class='ocrx_word' id='word_1_231' title='bbox 1747 1763 1907 1833; x_wconf 81' lang='lat' dir='ltr'>impensius</span> 
     </span>
     <span class='ocr_line' id='line_1_19' title="bbox 149 1849 1905 1925; baseline -0.001 -18"><span class='ocrx_word' id='word_1_232' title='bbox 149 1856 400 1925; x_wconf 89' lang='lat' dir='ltr'>supermecapot</span> <span class='ocrx_word' id='word_1_233' title='bbox 425 1861 582 1919; x_wconf 89' lang='lat' dir='ltr'>moventes,</span> <span class='ocrx_word' id='word_1_234' title='bbox 613 1852 766 1906; x_wconf 80' lang='lat' dir='ltr'>dixerunt:</span> <span class='ocrx_word' id='word_1_235' title='bbox 785 1853 886 1918; x_wconf 83' lang='lat' dir='ltr'>«Quid</span> <span class='ocrx_word' id='word_1_236' title='bbox 917 1854 1003 1924; x_wconf 76' lang='lat' dir='ltr'>prod·</span> <span class='ocrx_word' id='word_1_237' title='bbox 1057 1849 1265 1920; x_wconf 82' lang='lat' dir='ltr'>glorificaretur</span> <span class='ocrx_word' id='word_1_238' title='bbox 1293 1851 1343 1919; x_wconf 88' lang='lat' dir='ltr'>ibi,</span> <span class='ocrx_word' id='word_1_239' title='bbox 1371 1859 1433 1906; x_wconf 88' lang='lat' dir='ltr'>tom</span> <span class='ocrx_word' id='word_1_240' title='bbox 1459 1860 1578 1922; x_wconf 88' lang='lat' dir='ltr'>propter</span> <span class='ocrx_word' id='word_1_241' title='bbox 1601 1851 1619 1906; x_wconf 89' lang='lat' dir='ltr'>S</span> <span class='ocrx_word' id='word_1_242' title='bbox 1645 1851 1766 1923; x_wconf 81' lang='lat' dir='ltr'>Ruperti</span> <span class='ocrx_word' id='word_1_243' title='bbox 1793 1852 1905 1918; x_wconf 90' lang='lat' dir='ltr'>merite,</span> 
     </span>
    </p>
   </div>
   <div class='ocr_carea' id='block_1_3' title="bbox 54 1939 1908 2013">
    <p class='ocr_par' dir='ltr' id='par_1_4' title="bbox 54 1939 1908 2013">
     <span class='ocr_line' id='line_1_20' title="bbox 54 1939 1908 2013; baseline -0.001 -17"><span class='ocrx_word' id='word_1_244' title='bbox 54 1973 55 1976; x_wconf 60' lang='lat'><em>=</em></span> <span class='ocrx_word' id='word_1_245' title='bbox 150 1948 202 2008; x_wconf 91' lang='lat' dir='ltr'>est,</span> <span class='ocrx_word' id='word_1_246' title='bbox 233 1942 310 2013; x_wconf 92' lang='lat' dir='ltr'>quod</span> <span class='ocrx_word' id='word_1_247' title='bbox 341 1939 452 1995; x_wconf 88' lang='lat' dir='ltr'>nobiles</span> <span class='ocrx_word' id='word_1_248' title='bbox 480 1946 509 1994; x_wconf 93' lang='lat' dir='ltr'>et</span> <span class='ocrx_word' id='word_1_249' title='bbox 538 1941 640 1994; x_wconf 88' lang='lat' dir='ltr'>divites</span> <span class='ocrx_word' id='word_1_250' title='bbox 668 1940 772 2012; x_wconf 82' lang='lat' dir='ltr'>puellm</span> <span class='ocrx_word' id='word_1_251' title='bbox 808 1943 843 1996; x_wconf 89' lang='lat' dir='ltr'>de</span> <span class='ocrx_word' id='word_1_252' title='bbox 871 1944 945 2008; x_wconf 90' lang='lat' dir='ltr'>loco,</span> <span class='ocrx_word' id='word_1_253' title='bbox 972 1942 1003 1997; x_wconf 92' lang='lat' dir='ltr'>in</span> <span class='ocrx_word' id='word_1_254' title='bbox 1056 1947 1195 1993; x_wconf 88' lang='lat' dir='ltr'>etsecum</span> <span class='ocrx_word' id='word_1_255' title='bbox 1217 1939 1257 1994; x_wconf 92' lang='lat' dir='ltr'>ibi</span> <span class='ocrx_word' id='word_1_256' title='bbox 1275 1939 1432 1994; x_wconf 89' lang='lat' dir='ltr'>ianristo</span> <span class='ocrx_word' id='word_1_257' title='bbox 1452 1940 1682 2011; x_wconf 79' lang='lat' dir='ltr'>quiescentium,</span> <span class='ocrx_word' id='word_1_258' title='bbox 1706 1945 1767 1994; x_wconf 90' lang='lat' dir='ltr'>tom</span> <span class='ocrx_word' id='word_1_259' title='bbox 1790 1946 1908 2011; x_wconf 89' lang='lat' dir='ltr'>propter</span> 
     </span>
    </p>
   </div>
   <div class='ocr_carea' id='block_1_4' title="bbox 141 2027 1979 5197">
    <p class='ocr_par' dir='ltr' id='par_1_5' title="bbox 141 2027 1979 5197">
     <span class='ocr_line' id='line_1_21' title="bbox 150 2027 1906 2102; baseline -0.001 -19"><span class='ocrx_word' id='word_1_260' title='bbox 150 2030 263 2102; x_wconf 87' lang='lat' dir='ltr'>quaeis</span> <span class='ocrx_word' id='word_1_261' title='bbox 283 2029 355 2083; x_wconf 94' lang='lat' dir='ltr'>nihii</span> <span class='ocrx_word' id='word_1_262' title='bbox 373 2028 475 2095; x_wconf 84' lang='lat' dir='ltr'>defuit,</span> <span class='ocrx_word' id='word_1_263' title='bbox 505 2029 534 2082; x_wconf 93' lang='lat' dir='ltr'>iu</span> <span class='ocrx_word' id='word_1_264' title='bbox 560 2035 670 2084; x_wconf 87' lang='lat' dir='ltr'>tantam</span> <span class='ocrx_word' id='word_1_265' title='bbox 698 2030 850 2101; x_wconf 89' lang='lat' dir='ltr'>penuriam</span> <span class='ocrx_word' id='word_1_266' title='bbox 879 2031 1003 2086; x_wconf 86' lang='lat' dir='ltr'>devene·</span> <span class='ocrx_word' id='word_1_267' title='bbox 1057 2027 1216 2096; x_wconf 88' lang='lat' dir='ltr'>proiectum</span> <span class='ocrx_word' id='word_1_268' title='bbox 1245 2031 1350 2082; x_wconf 81' lang='lat' dir='ltr'>sauctae</span> <span class='ocrx_word' id='word_1_269' title='bbox 1376 2027 1506 2098; x_wconf 89' lang='lat' dir='ltr'>virginis,</span> <span class='ocrx_word' id='word_1_270' title='bbox 1527 2033 1556 2082; x_wconf 90' lang='lat' dir='ltr'>et</span> <span class='ocrx_word' id='word_1_271' title='bbox 1583 2044 1678 2083; x_wconf 90' lang='lat' dir='ltr'>secum</span> <span class='ocrx_word' id='word_1_272' title='bbox 1701 2028 1769 2083; x_wconf 90' lang='lat' dir='ltr'>iiiuc</span> <span class='ocrx_word' id='word_1_273' title='bbox 1788 2030 1906 2083; x_wconf 81' lang='lat' dir='ltr'>seuien—</span> 
     </span>
     <span class='ocr_line' id='line_1_22' title="bbox 142 2115 1908 2188; baseline -0.001 -14"><span class='ocrx_word' id='word_1_274' title='bbox 142 2119 245 2174; x_wconf 80' lang='lat' dir='ltr'>‘runt‘l</span> <span class='ocrx_word' id='word_1_275' title='bbox 284 2119 339 2173; x_wconf 83' lang='lat' dir='ltr'>Nos</span> <span class='ocrx_word' id='word_1_276' title='bbox 375 2134 442 2173; x_wconf 89' lang='lat' dir='ltr'>vero</span> <span class='ocrx_word' id='word_1_277' title='bbox 481 2117 604 2188; x_wconf 85' lang='lat' dir='ltr'>gratiam</span> <span class='ocrx_word' id='word_1_278' title='bbox 636 2119 686 2172; x_wconf 87' lang='lat' dir='ltr'>iloi</span> <span class='ocrx_word' id='word_1_279' title='bbox 722 2119 804 2173; x_wconf 75' lang='lat' dir='ltr'>uulsis</span> <span class='ocrx_word' id='word_1_280' title='bbox 837 2135 1003 2174; x_wconf 88' lang='lat' dir='ltr'>succurrere</span> <span class='ocrx_word' id='word_1_281' title='bbox 1057 2116 1140 2169; x_wconf 92' lang='lat' dir='ltr'>tium.</span> <span class='ocrx_word' id='word_1_282' title='bbox 1167 2115 1319 2170; x_wconf 85' lang='lat' dir='ltr'>iuterhaec</span> <span class='ocrx_word' id='word_1_283' title='bbox 1344 2116 1423 2170; x_wconf 88' lang='lat' dir='ltr'>subit</span> <span class='ocrx_word' id='word_1_284' title='bbox 1453 2122 1579 2170; x_wconf 83' lang='lat' dir='ltr'>urentem</span> <span class='ocrx_word' id='word_1_285' title='bbox 1606 2117 1709 2171; x_wconf 87' lang='lat' dir='ltr'>veteris</span> <span class='ocrx_word' id='word_1_286' title='bbox 1724 2118 1850 2172; x_wconf 76' lang='lat' dir='ltr'>historie</span> <span class='ocrx_word' id='word_1_287' title='bbox 1864 2133 1908 2172; x_wconf 89' lang='lat' dir='ltr'>re·</span> 
     </span>
     <span class='ocr_line' id='line_1_23' title="bbox 151 2202 1907 2280; baseline -0.003 -17"><span class='ocrx_word' id='word_1_288' title='bbox 151 2207 397 2278; x_wconf 84' lang='lat' dir='ltr'>exspectabamus,</span> <span class='ocrx_word' id='word_1_289' title='bbox 421 2205 471 2277; x_wconf 93' lang='lat' dir='ltr'>qui</span> <span class='ocrx_word' id='word_1_290' title='bbox 491 2206 568 2260; x_wconf 81' lang='lat' dir='ltr'>liuuc</span> <span class='ocrx_word' id='word_1_291' title='bbox 597 2207 692 2260; x_wconf 89' lang='lat' dir='ltr'>locum</span> <span class='ocrx_word' id='word_1_292' title='bbox 718 2207 800 2261; x_wconf 82' lang='lat' dir='ltr'>vvobis</span> <span class='ocrx_word' id='word_1_293' title='bbox 833 2205 895 2280; x_wconf 83' lang='lat' dir='ltr'>[me.</span> <span class='ocrx_word' id='word_1_294' title='bbox 923 2207 1005 2263; x_wconf 81' lang='lat' dir='ltr'>addit</span> <span class='ocrx_word' id='word_1_295' title='bbox 1057 2203 1195 2270; x_wconf 88' lang='lat' dir='ltr'>cordatio,</span> <span class='ocrx_word' id='word_1_296' title='bbox 1225 2208 1254 2257; x_wconf 93' lang='lat' dir='ltr'>et</span> <span class='ocrx_word' id='word_1_297' title='bbox 1282 2202 1402 2274; x_wconf 90' lang='lat' dir='ltr'>pulrhra</span> <span class='ocrx_word' id='word_1_298' title='bbox 1430 2221 1460 2258; x_wconf 89' lang='lat' dir='ltr'>se</span> <span class='ocrx_word' id='word_1_299' title='bbox 1489 2203 1572 2259; x_wconf 83' lang='lat' dir='ltr'>nobis</span> <span class='ocrx_word' id='word_1_300' title='bbox 1599 2204 1681 2259; x_wconf 85' lang='lat' dir='ltr'>oilert</span> <span class='ocrx_word' id='word_1_301' title='bbox 1708 2205 1743 2260; x_wconf 89' lang='lat' dir='ltr'>de</span> <span class='ocrx_word' id='word_1_302' title='bbox 1777 2206 1907 2261; x_wconf 82' lang='lat' dir='ltr'>Debbora</span> 
     </span>
     <span class='ocr_line' id='line_1_24' title="bbox 151 2290 1906 2366; baseline -0.002 -15"><span class='ocrx_word' id='word_1_303' title='bbox 151 2296 256 2366; x_wconf 78' lang='lat' dir='ltr'>solvam]</span> <span class='ocrx_word' id='word_1_304' title='bbox 272 2293 447 2350; x_wconf 84' lang='lat' dir='ltr'>ostenderat.</span> <span class='ocrx_word' id='word_1_305' title='bbox 1057 2291 1236 2363; x_wconf 83' lang='lat' dir='ltr'>prophetissa</span> <span class='ocrx_word' id='word_1_306' title='bbox 1251 2290 1319 2363; x_wconf 73' lang='lat' dir='ltr'>(aa),</span> <span class='ocrx_word' id='word_1_307' title='bbox 1345 2293 1374 2345; x_wconf 88' lang='lat' dir='ltr'>et</span> <span class='ocrx_word' id='word_1_308' title='bbox 1395 2292 1465 2353; x_wconf 86' lang='lat' dir='ltr'>ioco,</span> <span class='ocrx_word' id='word_1_309' title='bbox 1484 2293 1513 2346; x_wconf 92' lang='lat' dir='ltr'>in</span> <span class='ocrx_word' id='word_1_310' title='bbox 1527 2307 1585 2363; x_wconf 88' lang='lat' dir='ltr'>qno</span> <span class='ocrx_word' id='word_1_311' title='bbox 1611 2292 1694 2360; x_wconf 91' lang='lat' dir='ltr'>sedit,</span> <span class='ocrx_word' id='word_1_312' title='bbox 1721 2293 1756 2348; x_wconf 94' lang='lat' dir='ltr'>ad</span> <span class='ocrx_word' id='word_1_313' title='bbox 1779 2299 1906 2348; x_wconf 91' lang='lat' dir='ltr'>nostram</span> 
     </span>
     <span class='ocr_line' id='line_1_25' title="bbox 185 2379 1907 2456; baseline 0.003 -24"><span class='ocrx_word' id='word_1_314' title='bbox 185 2388 230 2441; x_wconf 80' lang='lat'>23.</span> <span class='ocrx_word' id='word_1_315' title='bbox 264 2403 278 2436; x_wconf 74' lang='lat' dir='ltr'>a</span> <span class='ocrx_word' id='word_1_316' title='bbox 313 2385 380 2438; x_wconf 81' lang='lat' dir='ltr'>Post</span> <span class='ocrx_word' id='word_1_317' title='bbox 408 2399 571 2454; x_wconf 76' lang='lat' dir='ltr'>pressuram</span> <span class='ocrx_word' id='word_1_318' title='bbox 609 2383 717 2437; x_wconf 82' lang='lat' dir='ltr'>doloris</span> <span class='ocrx_word' id='word_1_319' title='bbox 748 2383 843 2454; x_wconf 74' lang='lat' dir='ltr'>nujus,</span> <span class='ocrx_word' id='word_1_320' title='bbox 879 2385 1002 2456; x_wconf 74' lang='lat' dir='ltr'>gratiam</span> <span class='ocrx_word' id='word_1_321' title='bbox 1058 2379 1269 2450; x_wconf 88' lang='lat' dir='ltr'>prophetissam</span> <span class='ocrx_word' id='word_1_322' title='bbox 1307 2384 1336 2432; x_wconf 90' lang='lat' dir='ltr'>et</span> <span class='ocrx_word' id='word_1_323' title='bbox 1372 2379 1467 2433; x_wconf 91' lang='lat' dir='ltr'>iocum</span> <span class='ocrx_word' id='word_1_324' title='bbox 1488 2385 1615 2434; x_wconf 87' lang='lat' dir='ltr'>nostrum</span> <span class='ocrx_word' id='word_1_325' title='bbox 1645 2381 1841 2451; x_wconf 78' lang='lat' dir='ltr'>comparatio·</span> <span class='ocrx_word' id='word_1_326' title='bbox 1860 2382 1907 2437; x_wconf 87' lang='lat' dir='ltr'>Sia</span> 
     </span>
     <span class='ocr_line' id='line_1_26' title="bbox 151 2465 1908 2544; baseline -0.002 -16"><span class='ocrx_word' id='word_1_327' title='bbox 151 2491 232 2529; x_wconf 76' lang='lat' dir='ltr'>suain</span> <span class='ocrx_word' id='word_1_328' title='bbox 261 2474 334 2527; x_wconf 89' lang='lat' dir='ltr'>Deus</span> <span class='ocrx_word' id='word_1_329' title='bbox 360 2487 447 2542; x_wconf 92' lang='lat' dir='ltr'>super</span> <span class='ocrx_word' id='word_1_330' title='bbox 468 2487 520 2524; x_wconf 88' lang='lat' dir='ltr'>nos</span> <span class='ocrx_word' id='word_1_331' title='bbox 547 2471 630 2543; x_wconf 89' lang='lat' dir='ltr'>pluit.</span> <span class='ocrx_word' id='word_1_332' title='bbox 663 2472 734 2526; x_wconf 76' lang='lat' dir='ltr'>liam</span> <span class='ocrx_word' id='word_1_333' title='bbox 762 2472 855 2540; x_wconf 88' lang='lat' dir='ltr'>multi,</span> <span class='ocrx_word' id='word_1_334' title='bbox 878 2474 1002 2544; x_wconf 81' lang='lat' dir='ltr'>quinos</span> <span class='ocrx_word' id='word_1_335' title='bbox 1058 2465 1136 2520; x_wconf 89' lang='lat' dir='ltr'>enim</span> <span class='ocrx_word' id='word_1_336' title='bbox 1152 2466 1287 2537; x_wconf 83' lang='lat' dir='ltr'>Origenes</span> <span class='ocrx_word' id='word_1_337' title='bbox 1313 2467 1399 2522; x_wconf 89' lang='lat' dir='ltr'>dicit:</span> <span class='ocrx_word' id='word_1_338' title='bbox 1431 2469 1578 2523; x_wconf 76' lang='lat' dir='ltr'>«Praestat</span> <span class='ocrx_word' id='word_1_339' title='bbox 1593 2485 1650 2523; x_wconf 91' lang='lat' dir='ltr'>uon</span> <span class='ocrx_word' id='word_1_340' title='bbox 1666 2469 1815 2525; x_wconf 88' lang='lat' dir='ltr'>minimam</span> <span class='ocrx_word' id='word_1_341' title='bbox 1838 2488 1908 2525; x_wconf 92' lang='lat' dir='ltr'>cou-</span> 
     </span>
     <span class='ocr_line' id='line_1_27' title="bbox 151 2555 1906 2634; baseline -0.001 -18"><span class='ocrx_word' id='word_1_342' title='bbox 151 2561 231 2634; x_wconf 91' lang='lat' dir='ltr'>prius</span> <span class='ocrx_word' id='word_1_343' title='bbox 259 2564 471 2616; x_wconf 88' lang='lat' dir='ltr'>contemnentes</span> <span class='ocrx_word' id='word_1_344' title='bbox 496 2559 666 2631; x_wconf 84' lang='lat' dir='ltr'>inaquosum</span> <span class='ocrx_word' id='word_1_345' title='bbox 694 2559 880 2615; x_wconf 87' lang='lat' dir='ltr'>inutilitatem</span> <span class='ocrx_word' id='word_1_346' title='bbox 904 2562 1003 2615; x_wconf 92' lang='lat' dir='ltr'>uomi—</span> <span class='ocrx_word' id='word_1_347' title='bbox 1057 2555 1229 2610; x_wconf 83' lang='lat' dir='ltr'>solationem</span> <span class='ocrx_word' id='word_1_348' title='bbox 1258 2556 1412 2611; x_wconf 80' lang='lat' dir='ltr'>mulierum</span> <span class='ocrx_word' id='word_1_349' title='bbox 1441 2559 1531 2624; x_wconf 83' lang='lat' dir='ltr'>sexui,</span> <span class='ocrx_word' id='word_1_350' title='bbox 1562 2563 1591 2612; x_wconf 88' lang='lat' dir='ltr'>ct</span> <span class='ocrx_word' id='word_1_351' title='bbox 1624 2564 1759 2630; x_wconf 91' lang='lat' dir='ltr'>provocat</span> <span class='ocrx_word' id='word_1_352' title='bbox 1789 2577 1847 2627; x_wconf 87' lang='lat' dir='ltr'>eas,</span> <span class='ocrx_word' id='word_1_353' title='bbox 1868 2577 1906 2615; x_wconf 94' lang='lat' dir='ltr'>ne</span> 
     </span>
     <span class='ocr_line' id='line_1_28' title="bbox 151 2643 1906 2720; baseline -0.001 -15"><span class='ocrx_word' id='word_1_354' title='bbox 151 2653 297 2715; x_wconf 83' lang='lat' dir='ltr'>naverunt,</span> <span class='ocrx_word' id='word_1_355' title='bbox 327 2647 528 2703; x_wconf 88' lang='lat' dir='ltr'>veneruntad</span> <span class='ocrx_word' id='word_1_356' title='bbox 556 2663 607 2701; x_wconf 92' lang='lat' dir='ltr'>uos</span> <span class='ocrx_word' id='word_1_357' title='bbox 631 2646 760 2720; x_wconf 88' lang='lat' dir='ltr'>undique</span> <span class='ocrx_word' id='word_1_358' title='bbox 775 2647 953 2718; x_wconf 83' lang='lat' dir='ltr'>adjuvantes,</span> <span class='ocrx_word' id='word_1_359' title='bbox 974 2653 1002 2703; x_wconf 90' lang='lat' dir='ltr'>et</span> <span class='ocrx_word' id='word_1_360' title='bbox 1057 2659 1109 2713; x_wconf 81' lang='lat' dir='ltr'>pro</span> <span class='ocrx_word' id='word_1_361' title='bbox 1144 2643 1312 2698; x_wconf 81' lang='lat' dir='ltr'>infirmitate</span> <span class='ocrx_word' id='word_1_362' title='bbox 1342 2661 1425 2698; x_wconf 81' lang='lat' dir='ltr'>sexus</span> <span class='ocrx_word' id='word_1_363' title='bbox 1460 2647 1601 2716; x_wconf 86' lang='lat' dir='ltr'>desperet,</span> <span class='ocrx_word' id='word_1_364' title='bbox 1635 2647 1721 2702; x_wconf 87' lang='lat' dir='ltr'>etiam</span> <span class='ocrx_word' id='word_1_365' title='bbox 1747 2649 1906 2720; x_wconf 76' lang='lat' dir='ltr'>prophetiae</span> 
     </span>
     <span class='ocr_line' id='line_1_29' title="bbox 150 2732 1907 2809; baseline -0.001 -15"><span class='ocrx_word' id='word_1_366' title='bbox 150 2736 397 2794; x_wconf 89' lang='lat' dir='ltr'>benedictionibus</span> <span class='ocrx_word' id='word_1_367' title='bbox 421 2753 472 2790; x_wconf 91' lang='lat' dir='ltr'>noa</span> <span class='ocrx_word' id='word_1_368' title='bbox 496 2735 649 2806; x_wconf 85' lang='lat' dir='ltr'>replentes.</span> <span class='ocrx_word' id='word_1_369' title='bbox 678 2736 767 2790; x_wconf 76' lang='lat' dir='ltr'>hiulti‘</span> <span class='ocrx_word' id='word_1_370' title='bbox 791 2737 877 2790; x_wconf 91' lang='lat' dir='ltr'>etiam</span> <span class='ocrx_word' id='word_1_371' title='bbox 901 2737 1003 2792; x_wconf 89' lang='lat' dir='ltr'>divites</span> <span class='ocrx_word' id='word_1_372' title='bbox 1055 2732 1157 2803; x_wconf 61' lang='lat' dir='ltr'>gratim</span> <span class='ocrx_word' id='word_1_373' title='bbox 1175 2749 1293 2804; x_wconf 70' lang='lat' dir='ltr'>capaces</span> <span class='ocrx_word' id='word_1_374' title='bbox 1326 2750 1355 2786; x_wconf 79' lang='lat' dir='ltr'>se</span> <span class='ocrx_word' id='word_1_375' title='bbox 1384 2733 1447 2788; x_wconf 81' lang='lat' dir='ltr'>fleri</span> <span class='ocrx_word' id='word_1_376' title='bbox 1478 2751 1576 2805; x_wconf 80' lang='lat' dir='ltr'>posse:</span> <span class='ocrx_word' id='word_1_377' title='bbox 1607 2735 1656 2790; x_wconf 85' lang='lat' dir='ltr'>aed</span> <span class='ocrx_word' id='word_1_378' title='bbox 1689 2737 1852 2809; x_wconf 88' lang='lat' dir='ltr'>intelligant</span> <span class='ocrx_word' id='word_1_379' title='bbox 1877 2747 1907 2792; x_wconf 89' lang='lat' dir='ltr'>et</span> 
     </span>
     <span class='ocr_line' id='line_1_30' title="bbox 152 2820 1906 2896; baseline -0.001 -14"><span class='ocrx_word' id='word_1_380' title='bbox 152 2834 362 2883; x_wconf 89' lang='lat' dir='ltr'>mortuossuos</span> <span class='ocrx_word' id='word_1_381' title='bbox 387 2825 417 2879; x_wconf 91' lang='lat' dir='ltr'>in</span> <span class='ocrx_word' id='word_1_382' title='bbox 447 2824 646 2895; x_wconf 89' lang='lat' dir='ltr'>honoreapud</span> <span class='ocrx_word' id='word_1_383' title='bbox 664 2824 918 2896; x_wconf 88' lang='lat' dir='ltr'>ucssepelieront.</span> <span class='ocrx_word' id='word_1_384' title='bbox 936 2827 1002 2880; x_wconf 84' lang='lat' dir='ltr'>Plu·</span> <span class='ocrx_word' id='word_1_385' title='bbox 1057 2820 1279 2892; x_wconf 90' lang='lat' dir='ltr'>credant,quod</span> <span class='ocrx_word' id='word_1_386' title='bbox 1303 2828 1431 2877; x_wconf 87' lang='lat' dir='ltr'>meretur</span> <span class='ocrx_word' id='word_1_387' title='bbox 1450 2823 1522 2877; x_wconf 92' lang='lat' dir='ltr'>hane</span> <span class='ocrx_word' id='word_1_388' title='bbox 1547 2824 1668 2894; x_wconf 89' lang='lat' dir='ltr'>gratiam</span> <span class='ocrx_word' id='word_1_389' title='bbox 1697 2825 1808 2896; x_wconf 90' lang='lat' dir='ltr'>puritas</span> <span class='ocrx_word' id='word_1_390' title='bbox 1822 2842 1906 2881; x_wconf 89' lang='lat' dir='ltr'>men-</span> 
     </span>
     <span class='ocr_line' id='line_1_31' title="bbox 151 2908 1905 2987; baseline -0.001 -18"><span class='ocrx_word' id='word_1_391' title='bbox 151 2915 218 2970; x_wconf 90' lang='lat' dir='ltr'>rimi</span> <span class='ocrx_word' id='word_1_392' title='bbox 234 2930 351 2987; x_wconf 87' lang='lat' dir='ltr'>quoque</span> <span class='ocrx_word' id='word_1_393' title='bbox 381 2913 519 2968; x_wconf 74' lang='lat' dir='ltr'>visionem</span> <span class='ocrx_word' id='word_1_394' title='bbox 549 2914 622 2968; x_wconf 88' lang='lat' dir='ltr'>hanc</span> <span class='ocrx_word' id='word_1_395' title='bbox 650 2913 680 2967; x_wconf 93' lang='lat' dir='ltr'>in</span> <span class='ocrx_word' id='word_1_396' title='bbox 706 2913 761 2968; x_wconf 91' lang='lat' dir='ltr'>lide</span> <span class='ocrx_word' id='word_1_397' title='bbox 786 2919 1000 2985; x_wconf 84' lang='lat' dir='ltr'>cognoscentes,</span> <span class='ocrx_word' id='word_1_398' title='bbox 1058 2909 1104 2976; x_wconf 90' lang='lat' dir='ltr'>tis,</span> <span class='ocrx_word' id='word_1_399' title='bbox 1133 2926 1192 2964; x_wconf 92' lang='lat' dir='ltr'>uon</span> <span class='ocrx_word' id='word_1_400' title='bbox 1210 2908 1359 2964; x_wconf 79' lang='lat' dir='ltr'>diversitas</span> <span class='ocrx_word' id='word_1_401' title='bbox 1377 2927 1470 2966; x_wconf 85' lang='lat' dir='ltr'>sexus.</span> <span class='ocrx_word' id='word_1_402' title='bbox 1502 2931 1515 2962; x_wconf 81' lang='lat' dir='ltr'>o</span> <span class='ocrx_word' id='word_1_403' title='bbox 1540 2912 1670 2967; x_wconf 83' lang='lat' dir='ltr'>ilebboca</span> <span class='ocrx_word' id='word_1_404' title='bbox 1695 2913 1813 2985; x_wconf 87' lang='lat' dir='ltr'>quippe,</span> <span class='ocrx_word' id='word_1_405' title='bbox 1842 2930 1905 2985; x_wconf 85' lang='lat' dir='ltr'>quoe</span> 
     </span>
     <span class='ocr_line' id='line_1_32' title="bbox 153 2998 1903 3075; baseline -0.001 -17"><span class='ocrx_word' id='word_1_406' title='bbox 153 3020 257 3075; x_wconf 85' lang='lat' dir='ltr'>magno</span> <span class='ocrx_word' id='word_1_407' title='bbox 277 3002 418 3058; x_wconf 89' lang='lat' dir='ltr'>desiderio</span> <span class='ocrx_word' id='word_1_408' title='bbox 444 3001 480 3056; x_wconf 94' lang='lat' dir='ltr'>ad</span> <span class='ocrx_word' id='word_1_409' title='bbox 509 3019 562 3056; x_wconf 92' lang='lat' dir='ltr'>uos</span> <span class='ocrx_word' id='word_1_410' title='bbox 588 3007 737 3067; x_wconf 89' lang='lat' dir='ltr'>venerunt,</span> <span class='ocrx_word' id='word_1_411' title='bbox 763 3001 836 3056; x_wconf 88' lang='lat' dir='ltr'>sieut</span> <span class='ocrx_word' id='word_1_412' title='bbox 859 3018 910 3072; x_wconf 91' lang='lat' dir='ltr'>per</span> <span class='ocrx_word' id='word_1_413' title='bbox 930 3003 1002 3055; x_wconf 88' lang='lat' dir='ltr'>Pro·</span> <span class='ocrx_word' id='word_1_414' title='bbox 1056 3014 1127 3068; x_wconf 81' lang='lat' dir='ltr'>apes</span> <span class='ocrx_word' id='word_1_415' title='bbox 1147 2998 1366 3068; x_wconf 88' lang='lat' dir='ltr'>iuterpretatur,</span> <span class='ocrx_word' id='word_1_416' title='bbox 1396 2999 1426 3053; x_wconf 92' lang='lat' dir='ltr'>in</span> <span class='ocrx_word' id='word_1_417' title='bbox 1460 3000 1619 3071; x_wconf 83' lang='lat' dir='ltr'>prophetiae</span> <span class='ocrx_word' id='word_1_418' title='bbox 1646 3000 1738 3055; x_wconf 85' lang='lat' dir='ltr'>forma</span> <span class='ocrx_word' id='word_1_419' title='bbox 1766 3012 1903 3057; x_wconf 87' lang='lat' dir='ltr'>versatur.</span> 
     </span>
     <span class='ocr_line' id='line_1_33' title="bbox 151 3087 1906 3163; baseline -0.001 -16"><span class='ocrx_word' id='word_1_420' title='bbox 151 3091 466 3163; x_wconf 88' lang='lat' dir='ltr'>phetamdietumesl:</span> <span class='ocrx_word' id='word_1_421' title='bbox 487 3089 612 3144; x_wconf 80' lang='lat' dir='ltr'>Venient</span> <span class='ocrx_word' id='word_1_422' title='bbox 631 3089 721 3157; x_wconf 81' lang='lat' dir='ltr'>adte,</span> <span class='ocrx_word' id='word_1_423' title='bbox 748 3087 799 3160; x_wconf 86' lang='lat' dir='ltr'>qni</span> <span class='ocrx_word' id='word_1_424' title='bbox 816 3088 1003 3145; x_wconf 74' lang='lat' dir='ltr'>detrahebant</span> <span class='ocrx_word' id='word_1_425' title='bbox 1057 3088 1172 3142; x_wconf 73' lang='lat' dir='ltr'>Certum</span> <span class='ocrx_word' id='word_1_426' title='bbox 1193 3104 1320 3159; x_wconf 77' lang='lat' dir='ltr'>uanaque</span> <span class='ocrx_word' id='word_1_427' title='bbox 1347 3094 1389 3143; x_wconf 90' lang='lat' dir='ltr'>est</span> <span class='ocrx_word' id='word_1_428' title='bbox 1418 3089 1495 3159; x_wconf 93' lang='lat' dir='ltr'>quod</span> <span class='ocrx_word' id='word_1_429' title='bbox 1520 3089 1613 3144; x_wconf 92' lang='lat' dir='ltr'>omnis</span> <span class='ocrx_word' id='word_1_430' title='bbox 1639 3090 1906 3162; x_wconf 84' lang='lat' dir='ltr'>prophetiasuares</span> 
     </span>
     <span class='ocr_line' id='line_1_34' title="bbox 151 3175 1904 3252; baseline 0.001 -18"><span class='ocrx_word' id='word_1_431' title='bbox 151 3180 312 3252; x_wconf 82' lang='lat' dir='ltr'>tibi(Paal.</span> <span class='ocrx_word' id='word_1_432' title='bbox 340 3177 453 3248; x_wconf 81' lang='lat' dir='ltr'>xxxvii).</span> <span class='ocrx_word' id='word_1_433' title='bbox 478 3179 558 3232; x_wconf 84' lang='lat' dir='ltr'>Trrnc</span> <span class='ocrx_word' id='word_1_434' title='bbox 580 3177 699 3248; x_wconf 90' lang='lat' dir='ltr'>spiritus</span> <span class='ocrx_word' id='word_1_435' title='bbox 724 3193 804 3231; x_wconf 76' lang='lat' dir='ltr'>uleus</span> <span class='ocrx_word' id='word_1_436' title='bbox 833 3176 944 3245; x_wconf 85' lang='lat' dir='ltr'>revixit,</span> <span class='ocrx_word' id='word_1_437' title='bbox 974 3182 1003 3233; x_wconf 93' lang='lat' dir='ltr'>et</span> <span class='ocrx_word' id='word_1_438' title='bbox 1056 3175 1179 3230; x_wconf 88' lang='lat' dir='ltr'>coeiestis</span> <span class='ocrx_word' id='word_1_439' title='bbox 1222 3175 1361 3231; x_wconf 83' lang='lat' dir='ltr'>doctrinae</span> <span class='ocrx_word' id='word_1_440' title='bbox 1388 3176 1469 3230; x_wconf 87' lang='lat' dir='ltr'>lavas</span> <span class='ocrx_word' id='word_1_441' title='bbox 1497 3185 1525 3231; x_wconf 87' lang='lat' dir='ltr'>et</span> <span class='ocrx_word' id='word_1_442' title='bbox 1552 3178 1646 3233; x_wconf 88' lang='lat' dir='ltr'>dulcia</span> <span class='ocrx_word' id='word_1_443' title='bbox 1674 3178 1764 3233; x_wconf 91' lang='lat' dir='ltr'>divini</span> <span class='ocrx_word' id='word_1_444' title='bbox 1795 3180 1904 3251; x_wconf 93' lang='lat' dir='ltr'>eloquii</span> 
     </span>
     <span class='ocr_line' id='line_1_35' title="bbox 151 3263 1906 3341; baseline -0.001 -17"><span class='ocrx_word' id='word_1_445' title='bbox 151 3286 216 3341; x_wconf 74' lang='lat' dir='ltr'>qua</span> <span class='ocrx_word' id='word_1_446' title='bbox 232 3268 312 3340; x_wconf 89' lang='lat' dir='ltr'>prius</span> <span class='ocrx_word' id='word_1_447' title='bbox 336 3268 366 3322; x_wconf 93' lang='lat' dir='ltr'>in</span> <span class='ocrx_word' id='word_1_448' title='bbox 391 3267 489 3322; x_wconf 88' lang='lat' dir='ltr'>dolore</span> <span class='ocrx_word' id='word_1_449' title='bbox 515 3265 660 3333; x_wconf 89' lang='lat' dir='ltr'>ileveram,</span> <span class='ocrx_word' id='word_1_450' title='bbox 678 3281 764 3333; x_wconf 80' lang='lat' dir='ltr'>unsre,</span> <span class='ocrx_word' id='word_1_451' title='bbox 794 3266 861 3337; x_wconf 84' lang='lat' dir='ltr'>quia</span> <span class='ocrx_word' id='word_1_452' title='bbox 885 3266 958 3321; x_wconf 87' lang='lat' dir='ltr'>Deus</span> <span class='ocrx_word' id='word_1_453' title='bbox 970 3267 1002 3320; x_wconf 92' lang='lat' dir='ltr'>in</span> <span class='ocrx_word' id='word_1_454' title='bbox 1056 3263 1143 3318; x_wconf 90' lang='lat' dir='ltr'>mella</span> <span class='ocrx_word' id='word_1_455' title='bbox 1157 3270 1321 3335; x_wconf 89' lang='lat' dir='ltr'>componat,</span> <span class='ocrx_word' id='word_1_456' title='bbox 1344 3269 1376 3318; x_wconf 92' lang='lat' dir='ltr'>ut</span> <span class='ocrx_word' id='word_1_457' title='bbox 1393 3264 1478 3320; x_wconf 82' lang='lat' dir='ltr'>David</span> <span class='ocrx_word' id='word_1_458' title='bbox 1501 3265 1590 3320; x_wconf 88' lang='lat' dir='ltr'>dicit:</span> <span class='ocrx_word' id='word_1_459' title='bbox 1608 3271 1699 3337; x_wconf 82' lang='lat' dir='ltr'>Quam</span> <span class='ocrx_word' id='word_1_460' title='bbox 1723 3267 1819 3322; x_wconf 83' lang='lat' dir='ltr'>dulcia</span> <span class='ocrx_word' id='word_1_461' title='bbox 1832 3269 1906 3337; x_wconf 82' lang='lat' dir='ltr'>scu·</span> 
     </span>
     <span class='ocr_line' id='line_1_36' title="bbox 151 3351 1903 3426; baseline 0.001 -14"><span class='ocrx_word' id='word_1_462' title='bbox 151 3358 326 3412; x_wconf 77' lang='lat' dir='ltr'>oblivionem</span> <span class='ocrx_word' id='word_1_463' title='bbox 342 3370 462 3410; x_wconf 90' lang='lat' dir='ltr'>menon</span> <span class='ocrx_word' id='word_1_464' title='bbox 482 3353 619 3422; x_wconf 88' lang='lat' dir='ltr'>duxisset,</span> <span class='ocrx_word' id='word_1_465' title='bbox 637 3354 819 3425; x_wconf 82' lang='lat' dir='ltr'>praegaudiu</span> <span class='ocrx_word' id='word_1_466' title='bbox 844 3353 919 3416; x_wconf 88' lang='lat' dir='ltr'>llevi,</span> <span class='ocrx_word' id='word_1_467' title='bbox 936 3370 1001 3415; x_wconf 88' lang='lat' dir='ltr'>cum</span> <span class='ocrx_word' id='word_1_468' title='bbox 1054 3351 1134 3407; x_wconf 85' lang='lat' dir='ltr'>cibas</span> <span class='ocrx_word' id='word_1_469' title='bbox 1158 3352 1235 3409; x_wconf 81' lang='lat' dir='ltr'>meis</span> <span class='ocrx_word' id='word_1_470' title='bbox 1253 3352 1369 3424; x_wconf 87' lang='lat' dir='ltr'>eloquia</span> <span class='ocrx_word' id='word_1_471' title='bbox 1392 3357 1539 3426; x_wconf 84' lang='lat' dir='ltr'>taasuper</span> <span class='ocrx_word' id='word_1_472' title='bbox 1559 3355 1678 3410; x_wconf 82' lang='lat' dir='ltr'>melori</span> <span class='ocrx_word' id='word_1_473' title='bbox 1694 3359 1778 3411; x_wconf 84' lang='lat' dir='ltr'>meo!</span> <span class='ocrx_word' id='word_1_474' title='bbox 1807 3356 1903 3425; x_wconf 80' lang='lat' dir='ltr'>(Paul.</span> 
     </span>
     <span class='ocr_line' id='line_1_37' title="bbox 150 3441 1906 3514; baseline -0.001 -14"><span class='ocrx_word' id='word_1_475' title='bbox 150 3446 246 3501; x_wconf 90' lang='lat' dir='ltr'>iocum</span> <span class='ocrx_word' id='word_1_476' title='bbox 280 3445 368 3500; x_wconf 84' lang='lat' dir='ltr'>istum</span> <span class='ocrx_word' id='word_1_477' title='bbox 397 3441 568 3506; x_wconf 81' lang='lat' dir='ltr'>extollendo,</span> <span class='ocrx_word' id='word_1_478' title='bbox 600 3447 629 3495; x_wconf 93' lang='lat' dir='ltr'>ct</span> <span class='ocrx_word' id='word_1_479' title='bbox 656 3442 754 3496; x_wconf 83' lang='lat' dir='ltr'>nrultis</span> <span class='ocrx_word' id='word_1_480' title='bbox 794 3441 911 3497; x_wconf 89' lang='lat' dir='ltr'>utilibus</span> <span class='ocrx_word' id='word_1_481' title='bbox 940 3442 1003 3514; x_wconf 82' lang='lat' dir='ltr'>[aea</span> <span class='ocrx_word' id='word_1_482' title='bbox 1055 3443 1160 3512; x_wconf 86' lang='lat' dir='ltr'>cxvur.)</span> <span class='ocrx_word' id='word_1_483' title='bbox 1177 3442 1242 3497; x_wconf 77' lang='lat' dir='ltr'>lieo</span> <span class='ocrx_word' id='word_1_484' title='bbox 1255 3442 1332 3495; x_wconf 90' lang='lat' dir='ltr'>inter</span> <span class='ocrx_word' id='word_1_485' title='bbox 1346 3441 1436 3496; x_wconf 86' lang='lat' dir='ltr'>ilama</span> <span class='ocrx_word' id='word_1_486' title='bbox 1451 3446 1480 3496; x_wconf 93' lang='lat' dir='ltr'>et</span> <span class='ocrx_word' id='word_1_487' title='bbox 1503 3442 1601 3498; x_wconf 77' lang='lat' dir='ltr'>bethel</span> <span class='ocrx_word' id='word_1_488' title='bbox 1620 3442 1720 3498; x_wconf 89' lang='lat' dir='ltr'>sedere</span> <span class='ocrx_word' id='word_1_489' title='bbox 1738 3445 1906 3500; x_wconf 76' lang='lat' dir='ltr'>dicitur2et</span> 
     </span>
     <span class='ocr_line' id='line_1_38' title="bbox 150 3529 1903 3605; baseline 0.001 -17"><span class='ocrx_word' id='word_1_490' title='bbox 150 3534 269 3588; x_wconf 89' lang='lat' dir='ltr'>utilibus</span> <span class='ocrx_word' id='word_1_491' title='bbox 283 3549 341 3588; x_wconf 89' lang='lat' dir='ltr'>non</span> <span class='ocrx_word' id='word_1_492' title='bbox 364 3534 407 3586; x_wconf 85' lang='lat' dir='ltr'>est</span> <span class='ocrx_word' id='word_1_493' title='bbox 433 3532 466 3586; x_wconf 83' lang='lat' dir='ltr'>tn</span> <span class='ocrx_word' id='word_1_494' title='bbox 491 3529 558 3600; x_wconf 70' lang='lat' dir='ltr'>ms]</span> <span class='ocrx_word' id='word_1_495' title='bbox 588 3530 673 3584; x_wconf 89' lang='lat' dir='ltr'>rebus</span> <span class='ocrx_word' id='word_1_496' title='bbox 695 3537 723 3584; x_wconf 92' lang='lat' dir='ltr'>et</span> <span class='ocrx_word' id='word_1_497' title='bbox 751 3529 879 3585; x_wconf 78' lang='lat' dir='ltr'>aediliciis</span> <span class='ocrx_word' id='word_1_498' title='bbox 902 3532 1001 3585; x_wconf 90' lang='lat' dir='ltr'>multi·</span> <span class='ocrx_word' id='word_1_499' title='bbox 1056 3532 1155 3599; x_wconf 88' lang='lat' dir='ltr'>itama,</span> <span class='ocrx_word' id='word_1_500' title='bbox 1193 3529 1309 3586; x_wconf 77' lang='lat' dir='ltr'>excelsa</span> <span class='ocrx_word' id='word_1_501' title='bbox 1339 3531 1435 3585; x_wconf 86' lang='lat' dir='ltr'>Bethel</span> <span class='ocrx_word' id='word_1_502' title='bbox 1472 3531 1573 3588; x_wconf 82' lang='lat' dir='ltr'>domas</span> <span class='ocrx_word' id='word_1_503' title='bbox 1601 3531 1653 3587; x_wconf 83' lang='lat' dir='ltr'>Dei</span> <span class='ocrx_word' id='word_1_504' title='bbox 1687 3533 1903 3605; x_wconf 87' lang='lat' dir='ltr'>interpretetur.</span> 
     </span>
     <span class='ocr_line' id='line_1_39' title="bbox 150 3618 1904 3694; baseline 0 -18"><span class='ocrx_word' id='word_1_505' title='bbox 150 3622 283 3693; x_wconf 90' lang='lat' dir='ltr'>plicando</span> <span class='ocrx_word' id='word_1_506' title='bbox 300 3619 491 3674; x_wconf 88' lang='lat' dir='ltr'>confirmavit.</span> <span class='ocrx_word' id='word_1_507' title='bbox 521 3618 575 3673; x_wconf 90' lang='lat' dir='ltr'>Sed</span> <span class='ocrx_word' id='word_1_508' title='bbox 596 3623 691 3672; x_wconf 87' lang='lat' dir='ltr'>tameo</span> <span class='ocrx_word' id='word_1_509' title='bbox 717 3619 1001 3690; x_wconf 86' lang='lat' dir='ltr'>Deusvolnit,quod</span> <span class='ocrx_word' id='word_1_510' title='bbox 1054 3619 1131 3674; x_wconf 89' lang='lat' dir='ltr'>Nihil</span> <span class='ocrx_word' id='word_1_511' title='bbox 1157 3618 1235 3675; x_wconf 86' lang='lat' dir='ltr'>eninr</span> <span class='ocrx_word' id='word_1_512' title='bbox 1262 3620 1382 3683; x_wconf 90' lang='lat' dir='ltr'>humile,</span> <span class='ocrx_word' id='word_1_513' title='bbox 1408 3620 1478 3675; x_wconf 90' lang='lat' dir='ltr'>nihil</span> <span class='ocrx_word' id='word_1_514' title='bbox 1502 3621 1645 3691; x_wconf 82' lang='lat' dir='ltr'>dejectum</span> <span class='ocrx_word' id='word_1_515' title='bbox 1660 3637 1728 3692; x_wconf 89' lang='lat' dir='ltr'>erga</span> <span class='ocrx_word' id='word_1_516' title='bbox 1744 3621 1904 3694; x_wconf 79' lang='lat' dir='ltr'>prophetiae</span> 
     </span>
     <span class='ocr_line' id='line_1_40' title="bbox 150 3707 1904 3783; baseline -0.001 -18"><span class='ocrx_word' id='word_1_517' title='bbox 150 3713 180 3765; x_wconf 95' lang='lat' dir='ltr'>in</span> <span class='ocrx_word' id='word_1_518' title='bbox 202 3713 288 3782; x_wconf 91' lang='lat' dir='ltr'>plena</span> <span class='ocrx_word' id='word_1_519' title='bbox 314 3708 467 3764; x_wconf 90' lang='lat' dir='ltr'>securitate</span> <span class='ocrx_word' id='word_1_520' title='bbox 483 3711 649 3761; x_wconf 87' lang='lat' dir='ltr'>constanter</span> <span class='ocrx_word' id='word_1_521' title='bbox 671 3721 898 3776; x_wconf 82' lang='lat' dir='ltr'>perseverarem,</span> <span class='ocrx_word' id='word_1_522' title='bbox 928 3707 1002 3783; x_wconf 84' lang='lat' dir='ltr'>sicut</span> <span class='ocrx_word' id='word_1_523' title='bbox 1054 3708 1151 3762; x_wconf 91' lang='lat' dir='ltr'>sedem</span> <span class='ocrx_word' id='word_1_524' title='bbox 1190 3707 1344 3778; x_wconf 85' lang='lat' dir='ltr'>reperitur.</span> <span class='ocrx_word' id='word_1_525' title='bbox 1378 3707 1458 3763; x_wconf 92' lang='lat' dir='ltr'>Sicut</span> <span class='ocrx_word' id='word_1_526' title='bbox 1485 3713 1513 3762; x_wconf 91' lang='lat' dir='ltr'>et</span> <span class='ocrx_word' id='word_1_527' title='bbox 1526 3710 1603 3780; x_wconf 87' lang='lat' dir='ltr'>epod</span> <span class='ocrx_word' id='word_1_528' title='bbox 1622 3708 1805 3764; x_wconf 89' lang='lat' dir='ltr'>Salomonem</span> <span class='ocrx_word' id='word_1_529' title='bbox 1822 3710 1904 3764; x_wconf 88' lang='lat' dir='ltr'>sedes</span> 
     </span>
     <span class='ocr_line' id='line_1_41' title="bbox 149 3788 1979 3867; baseline 0 -13"><span class='ocrx_word' id='word_1_530' title='bbox 149 3801 185 3854; x_wconf 90' lang='lat' dir='ltr'>ab</span> <span class='ocrx_word' id='word_1_531' title='bbox 200 3797 321 3853; x_wconf 83' lang='lat' dir='ltr'>infautia</span> <span class='ocrx_word' id='word_1_532' title='bbox 343 3813 408 3851; x_wconf 88' lang='lat' dir='ltr'>mea</span> <span class='ocrx_word' id='word_1_533' title='bbox 436 3795 467 3849; x_wconf 90' lang='lat' dir='ltr'>iu</span> <span class='ocrx_word' id='word_1_534' title='bbox 496 3794 630 3849; x_wconf 87' lang='lat' dir='ltr'>omnibus</span> <span class='ocrx_word' id='word_1_535' title='bbox 658 3795 750 3848; x_wconf 86' lang='lat' dir='ltr'>causis</span> <span class='ocrx_word' id='word_1_536' title='bbox 776 3795 850 3850; x_wconf 90' lang='lat' dir='ltr'>meis</span> <span class='ocrx_word' id='word_1_537' title='bbox 881 3794 999 3863; x_wconf 85' lang='lat' dir='ltr'>lecerat,</span> <span class='ocrx_word' id='word_1_538' title='bbox 1055 3795 1214 3864; x_wconf 83' lang='lat' dir='ltr'>sapientire,</span> <span class='ocrx_word' id='word_1_539' title='bbox 1243 3797 1287 3850; x_wconf 84' lang='lat' dir='ltr'>rel</span> <span class='ocrx_word' id='word_1_540' title='bbox 1320 3796 1349 3849; x_wconf 90' lang='lat' dir='ltr'>in</span> <span class='ocrx_word' id='word_1_541' title='bbox 1369 3796 1459 3867; x_wconf 91' lang='lat' dir='ltr'>portis</span> <span class='ocrx_word' id='word_1_542' title='bbox 1484 3795 1630 3851; x_wconf 86' lang='lat' dir='ltr'>civitatum</span> <span class='ocrx_word' id='word_1_543' title='bbox 1658 3799 1797 3865; x_wconf 91' lang='lat' dir='ltr'>consistit,</span> <span class='ocrx_word' id='word_1_544' title='bbox 1813 3801 1856 3853; x_wconf 89' lang='lat' dir='ltr'>vel</span> <span class='ocrx_word' id='word_1_545' title='bbox 1872 3799 1903 3854; x_wconf 89' lang='lat' dir='ltr'>iu</span> <span class='ocrx_word' id='word_1_546' title='bbox 1978 3788 1979 3803; x_wconf 53' lang='lat'>³</span> 
     </span>
     <span class='ocr_line' id='line_1_42' title="bbox 149 3881 1903 3954; baseline 0 -12"><span class='ocrx_word' id='word_1_547' title='bbox 149 3903 215 3942; x_wconf 88' lang='lat' dir='ltr'>cum</span> <span class='ocrx_word' id='word_1_548' title='bbox 242 3884 351 3941; x_wconf 87' lang='lat' dir='ltr'>nnllam</span> <span class='ocrx_word' id='word_1_549' title='bbox 378 3882 560 3938; x_wconf 87' lang='lat' dir='ltr'>securitatem</span> <span class='ocrx_word' id='word_1_550' title='bbox 590 3881 688 3954; x_wconf 86' lang='lat' dir='ltr'>gaudii</span> <span class='ocrx_word' id='word_1_551' title='bbox 717 3883 781 3937; x_wconf 82' lang='lat' dir='ltr'>vitae</span> <span class='ocrx_word' id='word_1_552' title='bbox 809 3883 891 3938; x_wconf 86' lang='lat' dir='ltr'>istius</span> <span class='ocrx_word' id='word_1_553' title='bbox 929 3884 1001 3938; x_wconf 90' lang='lat' dir='ltr'>mihi</span> <span class='ocrx_word' id='word_1_554' title='bbox 1054 3898 1206 3938; x_wconf 90' lang='lat' dir='ltr'>murorum</span> <span class='ocrx_word' id='word_1_555' title='bbox 1230 3885 1374 3939; x_wconf 85' lang='lat' dir='ltr'>moenihus</span> <span class='ocrx_word' id='word_1_556' title='bbox 1396 3883 1517 3951; x_wconf 87' lang='lat' dir='ltr'>habitat,</span> <span class='ocrx_word' id='word_1_557' title='bbox 1541 3885 1630 3940; x_wconf 88' lang='lat' dir='ltr'>veliu</span> <span class='ocrx_word' id='word_1_558' title='bbox 1660 3885 1787 3941; x_wconf 89' lang='lat' dir='ltr'>turribus</span> <span class='ocrx_word' id='word_1_559' title='bbox 1811 3888 1903 3943; x_wconf 86' lang='lat' dir='ltr'>libere</span> 
     </span>
     <span class='ocr_line' id='line_1_43' title="bbox 149 3971 1902 4047; baseline 0 -18"><span class='ocrx_word' id='word_1_560' title='bbox 149 3975 269 4040; x_wconf 87' lang='lat' dir='ltr'>dimisit,</span> <span class='ocrx_word' id='word_1_561' title='bbox 287 3971 429 4044; x_wconf 89' lang='lat' dir='ltr'>perquod</span> <span class='ocrx_word' id='word_1_562' title='bbox 461 3987 542 4025; x_wconf 89' lang='lat' dir='ltr'>mens</span> <span class='ocrx_word' id='word_1_563' title='bbox 572 3987 636 4025; x_wconf 88' lang='lat' dir='ltr'>mea</span> <span class='ocrx_word' id='word_1_564' title='bbox 663 3973 766 4025; x_wconf 87' lang='lat' dir='ltr'>elevari</span> <span class='ocrx_word' id='word_1_565' title='bbox 796 3975 901 4043; x_wconf 88' lang='lat' dir='ltr'>posset.</span> <span class='ocrx_word' id='word_1_566' title='bbox 929 3973 1001 4027; x_wconf 89' lang='lat' dir='ltr'>Nem</span> <span class='ocrx_word' id='word_1_567' title='bbox 1054 3971 1123 4042; x_wconf 91' lang='lat' dir='ltr'>agit.</span> <span class='ocrx_word' id='word_1_568' title='bbox 1154 3972 1211 4026; x_wconf 90' lang='lat' dir='ltr'>itoe</span> <span class='ocrx_word' id='word_1_569' title='bbox 1242 3973 1327 4026; x_wconf 89' lang='lat' dir='ltr'>modo</span> <span class='ocrx_word' id='word_1_570' title='bbox 1355 3973 1508 4044; x_wconf 87' lang='lat' dir='ltr'>prophetia</span> <span class='ocrx_word' id='word_1_571' title='bbox 1548 3972 1579 4027; x_wconf 93' lang='lat' dir='ltr'>iu</span> <span class='ocrx_word' id='word_1_572' title='bbox 1617 3973 1701 4029; x_wconf 87' lang='lat' dir='ltr'>beata</span> <span class='ocrx_word' id='word_1_573' title='bbox 1731 3975 1902 4047; x_wconf 88' lang='lat' dir='ltr'>iiitdegarde</span> 
     </span>
     <span class='ocr_line' id='line_1_44' title="bbox 148 4053 1902 4136; baseline 0.002 -20"><span class='ocrx_word' id='word_1_574' title='bbox 148 4053 214 4116; x_wconf 88' lang='lat' dir='ltr'>cum</span> <span class='ocrx_word' id='word_1_575' title='bbox 229 4062 335 4117; x_wconf 88' lang='lat' dir='ltr'>librum</span> <span class='ocrx_word' id='word_1_576' title='bbox 363 4057 473 4116; x_wconf 73' lang='lat' dir='ltr'>Scieim</span> <span class='ocrx_word' id='word_1_577' title='bbox 499 4059 662 4126; x_wconf 90' lang='lat' dir='ltr'>scriberem,</span> <span class='ocrx_word' id='word_1_578' title='bbox 690 4061 843 4130; x_wconf 87' lang='lat' dir='ltr'>quamdam</span> <span class='ocrx_word' id='word_1_579' title='bbox 872 4061 1001 4115; x_wconf 89' lang='lat' dir='ltr'>nobilem</span> <span class='ocrx_word' id='word_1_580' title='bbox 1054 4059 1264 4114; x_wconf 90' lang='lat' dir='ltr'>iuterdomum</span> <span class='ocrx_word' id='word_1_581' title='bbox 1284 4061 1333 4115; x_wconf 86' lang='lat' dir='ltr'>ilci</span> <span class='ocrx_word' id='word_1_582' title='bbox 1357 4065 1386 4116; x_wconf 91' lang='lat' dir='ltr'>et</span> <span class='ocrx_word' id='word_1_583' title='bbox 1411 4061 1519 4116; x_wconf 83' lang='lat' dir='ltr'>excelsa</span> <span class='ocrx_word' id='word_1_584' title='bbox 1540 4061 1645 4117; x_wconf 89' lang='lat' dir='ltr'>dieitur</span> <span class='ocrx_word' id='word_1_585' title='bbox 1659 4060 1812 4132; x_wconf 85' lang='lat' dir='ltr'>habitasse,</span> <span class='ocrx_word' id='word_1_586' title='bbox 1824 4065 1902 4136; x_wconf 94' lang='lat' dir='ltr'>quod</span> 
     </span>
     <span class='ocr_line' id='line_1_45' title="bbox 148 4148 1979 4225; baseline 0.001 -19"><span class='ocrx_word' id='word_1_587' title='bbox 148 4151 286 4223; x_wconf 89' lang='lat' dir='ltr'>pueliam,</span> <span class='ocrx_word' id='word_1_588' title='bbox 304 4151 476 4218; x_wconf 73' lang='lat' dir='ltr'>srrpvrrdicue</span> <span class='ocrx_word' id='word_1_589' title='bbox 494 4149 707 4203; x_wconf 80' lang='lat' dir='ltr'>marchionissae</span> <span class='ocrx_word' id='word_1_590' title='bbox 737 4148 837 4215; x_wconf 88' lang='lat' dir='ltr'>liliam,</span> <span class='ocrx_word' id='word_1_591' title='bbox 863 4149 893 4203; x_wconf 92' lang='lat' dir='ltr'>iu</span> <span class='ocrx_word' id='word_1_592' title='bbox 915 4150 1001 4220; x_wconf 89' lang='lat' dir='ltr'>piena</span> <span class='ocrx_word' id='word_1_593' title='bbox 1053 4164 1131 4202; x_wconf 84' lang='lat' dir='ltr'>uvrne</span> <span class='ocrx_word' id='word_1_594' title='bbox 1145 4148 1236 4202; x_wconf 90' lang='lat' dir='ltr'>videri</span> <span class='ocrx_word' id='word_1_595' title='bbox 1247 4149 1337 4202; x_wconf 89' lang='lat' dir='ltr'>etiam</span> <span class='ocrx_word' id='word_1_596' title='bbox 1361 4149 1390 4203; x_wconf 90' lang='lat' dir='ltr'>iu</span> <span class='ocrx_word' id='word_1_597' title='bbox 1418 4155 1556 4220; x_wconf 89' lang='lat' dir='ltr'>promptu</span> <span class='ocrx_word' id='word_1_598' title='bbox 1574 4150 1612 4205; x_wconf 88' lang='lat' dir='ltr'>sit</span> <span class='ocrx_word' id='word_1_599' title='bbox 1630 4151 1777 4208; x_wconf 88' lang='lat' dir='ltr'>localiter:</span> <span class='ocrx_word' id='word_1_600' title='bbox 1806 4159 1902 4224; x_wconf 89' lang='lat' dir='ltr'>potest</span> <span class='ocrx_word' id='word_1_601' title='bbox 1978 4174 1979 4225; x_wconf 72' lang='lat' dir='ltr'><strong>j</strong></span> 
     </span>
     <span class='ocr_line' id='line_1_46' title="bbox 141 4236 1901 4312; baseline 0.001 -18"><span class='ocrx_word' id='word_1_602' title='bbox 141 4239 288 4294; x_wconf 77' lang='lat' dir='ltr'>&#39;elimitate</span> <span class='ocrx_word' id='word_1_603' title='bbox 304 4237 455 4300; x_wconf 85' lang='lat' dir='ltr'>habebam,</span> <span class='ocrx_word' id='word_1_604' title='bbox 483 4241 556 4291; x_wconf 87' lang='lat' dir='ltr'>sicut</span> <span class='ocrx_word' id='word_1_605' title='bbox 584 4237 686 4291; x_wconf 84' lang='lat' dir='ltr'>Paulus</span> <span class='ocrx_word' id='word_1_606' title='bbox 713 4237 906 4304; x_wconf 84' lang='lat' dir='ltr'>Timotheum,</span> <span class='ocrx_word' id='word_1_607' title='bbox 931 4253 995 4309; x_wconf 80' lang='lat' dir='ltr'>quae</span> <span class='ocrx_word' id='word_1_608' title='bbox 1016 4242 1149 4312; x_wconf 70' lang='lat' dir='ltr'>piamen</span> <span class='ocrx_word' id='word_1_609' title='bbox 1165 4237 1255 4307; x_wconf 88' lang='lat' dir='ltr'>accipi</span> <span class='ocrx_word' id='word_1_610' title='bbox 1270 4242 1299 4291; x_wconf 91' lang='lat' dir='ltr'>et</span> <span class='ocrx_word' id='word_1_611' title='bbox 1312 4236 1510 4308; x_wconf 89' lang='lat' dir='ltr'>spiritualiter.</span> <span class='ocrx_word' id='word_1_612' title='bbox 1534 4239 1622 4292; x_wconf 84' lang='lat' dir='ltr'>Docet</span> <span class='ocrx_word' id='word_1_613' title='bbox 1642 4240 1719 4294; x_wconf 91' lang='lat' dir='ltr'>enim</span> <span class='ocrx_word' id='word_1_614' title='bbox 1741 4245 1780 4307; x_wconf 91' lang='lat' dir='ltr'>te,</span> <span class='ocrx_word' id='word_1_615' title='bbox 1796 4256 1813 4294; x_wconf 95' lang='lat' dir='ltr'>o</span> <span class='ocrx_word' id='word_1_616' title='bbox 1831 4257 1901 4295; x_wconf 89' lang='lat' dir='ltr'>san-</span> 
     </span>
     <span class='ocr_line' id='line_1_47' title="bbox 149 4324 1899 4400; baseline 0.002 -20"><span class='ocrx_word' id='word_1_617' title='bbox 149 4327 179 4380; x_wconf 93' lang='lat' dir='ltr'>in</span> <span class='ocrx_word' id='word_1_618' title='bbox 204 4325 335 4395; x_wconf 89' lang='lat' dir='ltr'>diligenti</span> <span class='ocrx_word' id='word_1_619' title='bbox 354 4325 478 4379; x_wconf 87' lang='lat' dir='ltr'>amicitia</span> <span class='ocrx_word' id='word_1_620' title='bbox 498 4325 526 4380; x_wconf 95' lang='lat' dir='ltr'>in</span> <span class='ocrx_word' id='word_1_621' title='bbox 553 4326 687 4381; x_wconf 87' lang='lat' dir='ltr'>omnibus</span> <span class='ocrx_word' id='word_1_622' title='bbox 709 4343 738 4381; x_wconf 90' lang='lat' dir='ltr'>se</span> <span class='ocrx_word' id='word_1_623' title='bbox 754 4327 825 4382; x_wconf 86' lang='lat' dir='ltr'>milri</span> <span class='ocrx_word' id='word_1_624' title='bbox 841 4329 996 4399; x_wconf 86' lang='lat' dir='ltr'>conjunxe-</span> <span class='ocrx_word' id='word_1_625' title='bbox 1052 4330 1096 4380; x_wconf 87' lang='lat' dir='ltr'>cta</span> <span class='ocrx_word' id='word_1_626' title='bbox 1112 4325 1219 4390; x_wconf 88' lang='lat' dir='ltr'>anima,</span> <span class='ocrx_word' id='word_1_627' title='bbox 1235 4340 1417 4396; x_wconf 78' lang='lat' dir='ltr'>quacunque</span> <span class='ocrx_word' id='word_1_628' title='bbox 1440 4324 1479 4380; x_wconf 94' lang='lat' dir='ltr'>ibi</span> <span class='ocrx_word' id='word_1_629' title='bbox 1495 4326 1615 4395; x_wconf 87' lang='lat' dir='ltr'>habitas,</span> <span class='ocrx_word' id='word_1_630' title='bbox 1641 4343 1705 4399; x_wconf 77' lang='lat' dir='ltr'>quas</span> <span class='ocrx_word' id='word_1_631' title='bbox 1727 4345 1814 4400; x_wconf 88' lang='lat' dir='ltr'>super</span> <span class='ocrx_word' id='word_1_632' title='bbox 1839 4335 1899 4384; x_wconf 89' lang='lat' dir='ltr'>ter·</span> 
     </span>
     <span class='ocr_line' id='line_1_48' title="bbox 148 4413 1900 4488; baseline 0.003 -19"><span class='ocrx_word' id='word_1_633' title='bbox 148 4420 202 4482; x_wconf 89' lang='lat' dir='ltr'>rat,</span> <span class='ocrx_word' id='word_1_634' title='bbox 219 4419 247 4468; x_wconf 91' lang='lat' dir='ltr'>et</span> <span class='ocrx_word' id='word_1_635' title='bbox 261 4416 289 4468; x_wconf 91' lang='lat' dir='ltr'>in</span> <span class='ocrx_word' id='word_1_636' title='bbox 306 4413 487 4485; x_wconf 85' lang='lat' dir='ltr'>passionibus</span> <span class='ocrx_word' id='word_1_637' title='bbox 502 4414 573 4468; x_wconf 90' lang='lat' dir='ltr'>meis</span> <span class='ocrx_word' id='word_1_638' title='bbox 590 4415 660 4469; x_wconf 83' lang='lat' dir='ltr'>niilri</span> <span class='ocrx_word' id='word_1_639' title='bbox 675 4415 743 4485; x_wconf 89' lang='lat' dir='ltr'>[non</span> <span class='ocrx_word' id='word_1_640' title='bbox 755 4415 836 4470; x_wconf 83' lang='lat' dir='ltr'>estin</span> <span class='ocrx_word' id='word_1_641' title='bbox 849 4433 902 4470; x_wconf 83' lang='lat' dir='ltr'>ma.</span> <span class='ocrx_word' id='word_1_642' title='bbox 915 4415 998 4488; x_wconf 91' lang='lat' dir='ltr'>mihi]</span> <span class='ocrx_word' id='word_1_643' title='bbox 1051 4429 1113 4468; x_wconf 89' lang='lat' dir='ltr'>ram</span> <span class='ocrx_word' id='word_1_644' title='bbox 1135 4418 1212 4480; x_wconf 93' lang='lat' dir='ltr'>suut,</span> <span class='ocrx_word' id='word_1_645' title='bbox 1236 4429 1385 4484; x_wconf 87' lang='lat' dir='ltr'>respuere,</span> <span class='ocrx_word' id='word_1_646' title='bbox 1410 4419 1440 4470; x_wconf 89' lang='lat' dir='ltr'>el</span> <span class='ocrx_word' id='word_1_647' title='bbox 1467 4431 1533 4486; x_wconf 83' lang='lat' dir='ltr'>ques</span> <span class='ocrx_word' id='word_1_648' title='bbox 1559 4415 1590 4470; x_wconf 91' lang='lat' dir='ltr'>iu</span> <span class='ocrx_word' id='word_1_649' title='bbox 1613 4417 1751 4472; x_wconf 82' lang='lat' dir='ltr'>caelorum</span> <span class='ocrx_word' id='word_1_650' title='bbox 1780 4419 1900 4475; x_wconf 81' lang='lat' dir='ltr'>excelsis</span> 
     </span>
     <span class='ocr_line' id='line_1_49' title="bbox 148 4500 1898 4578; baseline 0.004 -23"><span class='ocrx_word' id='word_1_651' title='bbox 148 4500 306 4567; x_wconf 89' lang='lat' dir='ltr'>condoluit,</span> <span class='ocrx_word' id='word_1_652' title='bbox 331 4501 422 4556; x_wconf 86' lang='lat' dir='ltr'>donec</span> <span class='ocrx_word' id='word_1_653' title='bbox 446 4500 539 4570; x_wconf 92' lang='lat' dir='ltr'>ipsum</span> <span class='ocrx_word' id='word_1_654' title='bbox 564 4501 670 4556; x_wconf 90' lang='lat' dir='ltr'>librum</span> <span class='ocrx_word' id='word_1_655' title='bbox 695 4502 845 4572; x_wconf 90' lang='lat' dir='ltr'>complevi.</span> <span class='ocrx_word' id='word_1_656' title='bbox 862 4501 916 4557; x_wconf 89' lang='lat' dir='ltr'>Sed</span> <span class='ocrx_word' id='word_1_657' title='bbox 933 4508 998 4572; x_wconf 89' lang='lat' dir='ltr'>post</span> <span class='ocrx_word' id='word_1_658' title='bbox 1050 4507 1127 4568; x_wconf 87' lang='lat' dir='ltr'>suut,</span> <span class='ocrx_word' id='word_1_659' title='bbox 1146 4501 1195 4557; x_wconf 91' lang='lat' dir='ltr'>ubi</span> <span class='ocrx_word' id='word_1_660' title='bbox 1221 4501 1350 4556; x_wconf 86' lang='lat' dir='ltr'>Christus</span> <span class='ocrx_word' id='word_1_661' title='bbox 1378 4504 1407 4557; x_wconf 95' lang='lat' dir='ltr'>iu</span> <span class='ocrx_word' id='word_1_662' title='bbox 1433 4504 1548 4560; x_wconf 81' lang='lat' dir='ltr'>dextere</span> <span class='ocrx_word' id='word_1_663' title='bbox 1578 4505 1629 4560; x_wconf 88' lang='lat' dir='ltr'>Dei</span> <span class='ocrx_word' id='word_1_664' title='bbox 1652 4506 1740 4576; x_wconf 87' lang='lat' dir='ltr'>sedet,</span> <span class='ocrx_word' id='word_1_665' title='bbox 1757 4523 1898 4578; x_wconf 81' lang='lat' dir='ltr'>quaerere.</span> 
     </span>
     <span class='ocr_line' id='line_1_50' title="bbox 149 4589 1900 4664; baseline 0.004 -20"><span class='ocrx_word' id='word_1_666' title='bbox 149 4589 210 4644; x_wconf 78' lang='lat' dir='ltr'>hee</span> <span class='ocrx_word' id='word_1_667' title='bbox 232 4594 350 4661; x_wconf 90' lang='lat' dir='ltr'>propter</span> <span class='ocrx_word' id='word_1_668' title='bbox 363 4589 536 4659; x_wconf 86' lang='lat' dir='ltr'>elegantiam</span> <span class='ocrx_word' id='word_1_669' title='bbox 552 4590 666 4660; x_wconf 89' lang='lat' dir='ltr'>generis</span> <span class='ocrx_word' id='word_1_670' title='bbox 692 4591 746 4652; x_wconf 90' lang='lat' dir='ltr'>sui,</span> <span class='ocrx_word' id='word_1_671' title='bbox 768 4590 803 4644; x_wconf 86' lang='lat' dir='ltr'>ad</span> <span class='ocrx_word' id='word_1_672' title='bbox 825 4589 996 4660; x_wconf 87' lang='lat' dir='ltr'>dignitatem</span> <span class='ocrx_word' id='word_1_673' title='bbox 1049 4589 1111 4644; x_wconf 92' lang='lat' dir='ltr'>lllic</span> <span class='ocrx_word' id='word_1_674' title='bbox 1139 4596 1168 4644; x_wconf 92' lang='lat' dir='ltr'>te</span> <span class='ocrx_word' id='word_1_675' title='bbox 1196 4590 1348 4661; x_wconf 89' lang='lat' dir='ltr'>prophetia</span> <span class='ocrx_word' id='word_1_676' title='bbox 1379 4592 1440 4662; x_wconf 85' lang='lat' dir='ltr'>ejus</span> <span class='ocrx_word' id='word_1_677' title='bbox 1472 4593 1605 4648; x_wconf 87' lang='lat' dir='ltr'>hortetur</span> <span class='ocrx_word' id='word_1_678' title='bbox 1636 4596 1800 4664; x_wconf 87' lang='lat' dir='ltr'>ascendere,</span> <span class='ocrx_word' id='word_1_679' title='bbox 1831 4597 1900 4651; x_wconf 93' lang='lat' dir='ltr'>illuc</span> 
     </span>
     <span class='ocr_line' id='line_1_51' title="bbox 148 4676 1899 4758; baseline 0.005 -24"><span class='ocrx_word' id='word_1_680' title='bbox 148 4679 266 4750; x_wconf 89' lang='lat' dir='ltr'>majoris</span> <span class='ocrx_word' id='word_1_681' title='bbox 282 4676 345 4748; x_wconf 83' lang='lat' dir='ltr'>[ms.</span> <span class='ocrx_word' id='word_1_682' title='bbox 377 4676 526 4748; x_wconf 86' lang='lat' dir='ltr'>majorem]</span> <span class='ocrx_word' id='word_1_683' title='bbox 566 4679 690 4734; x_wconf 90' lang='lat' dir='ltr'>nominis</span> <span class='ocrx_word' id='word_1_684' title='bbox 718 4695 748 4734; x_wconf 88' lang='lat' dir='ltr'>se</span> <span class='ocrx_word' id='word_1_685' title='bbox 777 4679 935 4745; x_wconf 86' lang='lat' dir='ltr'>inclinavit,</span> <span class='ocrx_word' id='word_1_686' title='bbox 965 4685 997 4733; x_wconf 91' lang='lat' dir='ltr'>ut</span> <span class='ocrx_word' id='word_1_687' title='bbox 1050 4677 1196 4732; x_wconf 88' lang='lat' dir='ltr'>auditores</span> <span class='ocrx_word' id='word_1_688' title='bbox 1219 4695 1285 4732; x_wconf 89' lang='lat' dir='ltr'>suos</span> <span class='ocrx_word' id='word_1_689' title='bbox 1309 4679 1428 4734; x_wconf 87' lang='lat' dir='ltr'>molitur</span> <span class='ocrx_word' id='word_1_690' title='bbox 1459 4680 1618 4753; x_wconf 87' lang='lat' dir='ltr'>imponere.</span> <span class='ocrx_word' id='word_1_691' title='bbox 1643 4683 1797 4740; x_wconf 88' lang='lat' dir='ltr'>Benedicta</span> <span class='ocrx_word' id='word_1_692' title='bbox 1828 4703 1899 4758; x_wconf 88' lang='lat' dir='ltr'>erge</span> 
     </span>
     <span class='ocr_line' id='line_1_52' title="bbox 147 4762 1979 4844; baseline 0.005 -21"><span class='ocrx_word' id='word_1_693' title='bbox 147 4774 241 4823; x_wconf 91' lang='lat' dir='ltr'>mater</span> <span class='ocrx_word' id='word_1_694' title='bbox 260 4767 409 4836; x_wconf 88' lang='lat' dir='ltr'>cujusdam</span> <span class='ocrx_word' id='word_1_695' title='bbox 450 4767 581 4821; x_wconf 89' lang='lat' dir='ltr'>sublimis</span> <span class='ocrx_word' id='word_1_696' title='bbox 610 4767 737 4822; x_wconf 78' lang='lat' dir='ltr'>ecciesiae</span> <span class='ocrx_word' id='word_1_697' title='bbox 776 4767 994 4822; x_wconf 86' lang='lat' dir='ltr'>nominaretur:</span> <span class='ocrx_word' id='word_1_698' title='bbox 1049 4766 1143 4836; x_wconf 87' lang='lat' dir='ltr'>gratia</span> <span class='ocrx_word' id='word_1_699' title='bbox 1168 4766 1220 4821; x_wconf 87' lang='lat' dir='ltr'>Dei</span> <span class='ocrx_word' id='word_1_700' title='bbox 1261 4763 1324 4839; x_wconf 83' lang='lat' dir='ltr'>[nae.</span> <span class='ocrx_word' id='word_1_701' title='bbox 1360 4768 1454 4838; x_wconf 89' lang='lat' dir='ltr'>gioria</span> <span class='ocrx_word' id='word_1_702' title='bbox 1479 4770 1604 4842; x_wconf 84' lang='lat' dir='ltr'>nomint]</span> <span class='ocrx_word' id='word_1_703' title='bbox 1628 4770 1751 4829; x_wconf 91' lang='lat' dir='ltr'>deloco</span> <span class='ocrx_word' id='word_1_704' title='bbox 1785 4776 1900 4844; x_wconf 89' lang='lat' dir='ltr'>suo,de</span> <span class='ocrx_word' id='word_1_705' title='bbox 1978 4762 1979 4767; x_wconf 8' lang='grc' dir='ltr'>ἵ</span> 
     </span>
     <span class='ocr_line' id='line_1_53' title="bbox 147 4855 1900 4932; baseline 0.006 -22"><span class='ocrx_word' id='word_1_706' title='bbox 147 4855 223 4926; x_wconf 93' lang='lat' dir='ltr'>quod</span> <span class='ocrx_word' id='word_1_707' title='bbox 242 4861 338 4910; x_wconf 86' lang='lat' dir='ltr'>tamen</span> <span class='ocrx_word' id='word_1_708' title='bbox 359 4871 416 4908; x_wconf 90' lang='lat' dir='ltr'>non</span> <span class='ocrx_word' id='word_1_709' title='bbox 440 4855 598 4910; x_wconf 89' lang='lat' dir='ltr'>secuudum</span> <span class='ocrx_word' id='word_1_710' title='bbox 629 4857 728 4920; x_wconf 79' lang='lat' dir='ltr'>ileum,</span> <span class='ocrx_word' id='word_1_711' title='bbox 761 4856 808 4910; x_wconf 90' lang='lat' dir='ltr'>sed</span> <span class='ocrx_word' id='word_1_712' title='bbox 837 4855 995 4910; x_wconf 88' lang='lat' dir='ltr'>secundum</span> <span class='ocrx_word' id='word_1_713' title='bbox 1049 4855 1131 4925; x_wconf 87' lang='lat' dir='ltr'>cujus</span> <span class='ocrx_word' id='word_1_714' title='bbox 1150 4856 1390 4926; x_wconf 88' lang='lat' dir='ltr'>emancipatione,</span> <span class='ocrx_word' id='word_1_715' title='bbox 1407 4873 1494 4929; x_wconf 87' lang='lat' dir='ltr'>quum</span> <span class='ocrx_word' id='word_1_716' title='bbox 1507 4858 1536 4912; x_wconf 94' lang='lat' dir='ltr'>iu</span> <span class='ocrx_word' id='word_1_717' title='bbox 1550 4859 1653 4930; x_wconf 88' lang='lat' dir='ltr'>spiritu</span> <span class='ocrx_word' id='word_1_718' title='bbox 1667 4862 1802 4932; x_wconf 83' lang='lat' dir='ltr'>praevidit</span> <span class='ocrx_word' id='word_1_719' title='bbox 1814 4864 1900 4920; x_wconf 87' lang='lat' dir='ltr'>beata</span> 
     </span>
     <span class='ocr_line' id='line_1_54' title="bbox 147 4941 1540 5018; baseline 0.003 -19"><span class='ocrx_word' id='word_1_720' title='bbox 147 4946 286 4999; x_wconf 89' lang='lat' dir='ltr'>honorem</span> <span class='ocrx_word' id='word_1_721' title='bbox 303 4943 399 4998; x_wconf 83' lang='lat' dir='ltr'>saeculi</span> <span class='ocrx_word' id='word_1_722' title='bbox 423 4943 510 5016; x_wconf 89' lang='lat' dir='ltr'>hujus</span> <span class='ocrx_word' id='word_1_723' title='bbox 524 4943 665 5016; x_wconf 74' lang='lat' dir='ltr'>quesivit.</span> <span class='ocrx_word' id='word_1_724' title='bbox 683 4944 747 4999; x_wconf 85' lang='lat' dir='ltr'>iiaec</span> <span class='ocrx_word' id='word_1_725' title='bbox 761 4943 791 4998; x_wconf 92' lang='lat' dir='ltr'>in</span> <span class='ocrx_word' id='word_1_726' title='bbox 805 4943 862 4998; x_wconf 88' lang='lat' dir='ltr'>alia</span> <span class='ocrx_word' id='word_1_727' title='bbox 876 4944 995 5016; x_wconf 90' lang='lat' dir='ltr'>regione</span> <span class='ocrx_word' id='word_1_728' title='bbox 1049 4943 1141 5015; x_wconf 88' lang='lat' dir='ltr'>virgo,</span> <span class='ocrx_word' id='word_1_729' title='bbox 1162 4941 1232 4999; x_wconf 90' lang='lat' dir='ltr'>dicit</span> <span class='ocrx_word' id='word_1_730' title='bbox 1247 4943 1288 4998; x_wconf 90' lang='lat' dir='ltr'>ita</span> <span class='ocrx_word' id='word_1_731' title='bbox 1301 4944 1332 4999; x_wconf 93' lang='lat' dir='ltr'>iu</span> <span class='ocrx_word' id='word_1_732' title='bbox 1347 4945 1453 5018; x_wconf 86' lang='lat' dir='ltr'>scripto</span> <span class='ocrx_word' id='word_1_733' title='bbox 1468 4963 1540 5003; x_wconf 91' lang='lat' dir='ltr'>suo:</span> 
     </span>
     <span class='ocr_line' id='line_1_55' title="bbox 148 5031 1979 5108; baseline 0.004 -20"><span class='ocrx_word' id='word_1_734' title='bbox 148 5049 164 5088; x_wconf 91' lang='lat' dir='ltr'>a</span> <span class='ocrx_word' id='word_1_735' title='bbox 190 5033 273 5088; x_wconf 90' lang='lat' dir='ltr'>nobis</span> <span class='ocrx_word' id='word_1_736' title='bbox 302 5038 421 5100; x_wconf 88' lang='lat' dir='ltr'>remote,</span> <span class='ocrx_word' id='word_1_737' title='bbox 451 5039 606 5105; x_wconf 86' lang='lat' dir='ltr'>postquem</span> <span class='ocrx_word' id='word_1_738' title='bbox 635 5050 651 5088; x_wconf 87' lang='lat' dir='ltr'>e</span> <span class='ocrx_word' id='word_1_739' title='bbox 679 5047 724 5086; x_wconf 91' lang='lat' dir='ltr'>me</span> <span class='ocrx_word' id='word_1_740' title='bbox 753 5033 879 5101; x_wconf 88' lang='lat' dir='ltr'>recessit,</span> <span class='ocrx_word' id='word_1_741' title='bbox 908 5033 995 5088; x_wconf 89' lang='lat' dir='ltr'>vitam</span> <span class='ocrx_word' id='word_1_742' title='bbox 1083 5033 1129 5089; x_wconf 71' lang='lat'>23.</span> <span class='ocrx_word' id='word_1_743' title='bbox 1151 5032 1246 5086; x_wconf 81' lang='lat' dir='ltr'>«Vidi</span> <span class='ocrx_word' id='word_1_744' title='bbox 1266 5031 1296 5086; x_wconf 94' lang='lat' dir='ltr'>iu</span> <span class='ocrx_word' id='word_1_745' title='bbox 1322 5034 1443 5101; x_wconf 88' lang='lat' dir='ltr'>visione,</span> <span class='ocrx_word' id='word_1_746' title='bbox 1467 5041 1496 5090; x_wconf 88' lang='lat' dir='ltr'>et</span> <span class='ocrx_word' id='word_1_747' title='bbox 1516 5036 1844 5108; x_wconf 84' lang='lat' dir='ltr'>docteetcoactesum,</span> <span class='ocrx_word' id='word_1_748' title='bbox 1865 5048 1900 5098; x_wconf 88' lang='lat' dir='ltr'>ut</span> <span class='ocrx_word' id='word_1_749' title='bbox 1978 5054 1979 5095; x_wconf 71' lang='lat'>1</span> 
     </span>
     <span class='ocr_line' id='line_1_56' title="bbox 147 5102 1979 5197; baseline 0.005 -21"><span class='ocrx_word' id='word_1_750' title='bbox 147 5126 317 5193; x_wconf 73' lang='lat' dir='ltr'>presentem</span> <span class='ocrx_word' id='word_1_751' title='bbox 332 5138 397 5177; x_wconf 89' lang='lat' dir='ltr'>cum</span> <span class='ocrx_word' id='word_1_752' title='bbox 413 5123 530 5177; x_wconf 89' lang='lat' dir='ltr'>nomine</span> <span class='ocrx_word' id='word_1_753' title='bbox 546 5120 693 5192; x_wconf 86' lang='lat' dir='ltr'>diguitatis</span> <span class='ocrx_word' id='word_1_754' title='bbox 711 5122 768 5176; x_wconf 92' lang='lat' dir='ltr'>cito</span> <span class='ocrx_word' id='word_1_755' title='bbox 792 5121 916 5193; x_wconf 88' lang='lat' dir='ltr'>perdidit</span> <span class='ocrx_word' id='word_1_756' title='bbox 928 5120 994 5192; x_wconf 81' lang='grc'><strong>(33).</strong></span> <span class='ocrx_word' id='word_1_757' title='bbox 1048 5121 1176 5192; x_wconf 81' lang='lat' dir='ltr'>praetatis</span> <span class='ocrx_word' id='word_1_758' title='bbox 1189 5121 1262 5176; x_wconf 91' lang='lat' dir='ltr'>meis</span> <span class='ocrx_word' id='word_1_759' title='bbox 1289 5123 1458 5191; x_wconf 84' lang='lat' dir='ltr'>revelarem,</span> <span class='ocrx_word' id='word_1_760' title='bbox 1488 5127 1566 5197; x_wconf 93' lang='lat' dir='ltr'>quod</span> <span class='ocrx_word' id='word_1_761' title='bbox 1596 5127 1676 5183; x_wconf 91' lang='lat' dir='ltr'>loeus</span> <span class='ocrx_word' id='word_1_762' title='bbox 1705 5134 1805 5185; x_wconf 89' lang='lat' dir='ltr'>noster</span> <span class='ocrx_word' id='word_1_763' title='bbox 1831 5146 1897 5186; x_wconf 90' lang='lat' dir='ltr'>cum</span> <span class='ocrx_word' id='word_1_764' title='bbox 1978 5102 1979 5151; x_wconf 35' lang='grc' dir='ltr'><strong>ἶ</strong></span> 
     </span>
    </p>
   </div>
   <div class='ocr_carea' id='block_1_5' title="bbox 145 5262 1892 5549">
    <p class='ocr_par' dir='ltr' id='par_1_6' title="bbox 182 5262 1189 5334">
     <span class='ocr_line' id='line_1_57' title="bbox 182 5262 1189 5334; baseline 0 -15"><span class='ocrx_word' id='word_1_765' title='bbox 182 5263 239 5334; x_wconf 76' lang='grc'>(33)</span> <span class='ocrx_word' id='word_1_766' title='bbox 268 5265 333 5320; x_wconf 85' lang='lat' dir='ltr'>ilrec</span> <span class='ocrx_word' id='word_1_767' title='bbox 371 5262 524 5330; x_wconf 88' lang='lat' dir='ltr'>abbatissa,</span> <span class='ocrx_word' id='word_1_768' title='bbox 555 5263 590 5316; x_wconf 88' lang='lat' dir='ltr'>de</span> <span class='ocrx_word' id='word_1_769' title='bbox 635 5262 717 5333; x_wconf 89' lang='lat' dir='ltr'>cujus</span> <span class='ocrx_word' id='word_1_770' title='bbox 754 5278 863 5318; x_wconf 83' lang='lat' dir='ltr'>recessa</span> <span class='ocrx_word' id='word_1_771' title='bbox 893 5262 995 5319; x_wconf 89' lang='lat' dir='ltr'>Sancta</span> <span class='ocrx_word' id='word_1_772' title='bbox 1048 5265 1189 5319; x_wconf 75' lang='lat' dir='ltr'>numid.</span> 
     </span>
    </p>

    <p class='ocr_par' dir='ltr' id='par_1_7' title="bbox 145 5333 1892 5478">
     <span class='ocr_line' id='line_1_58' title="bbox 146 5333 1892 5412; baseline 0.005 -22"><span class='ocrx_word' id='word_1_773' title='bbox 146 5335 250 5401; x_wconf 87' lang='lat' dir='ltr'>doluit,</span> <span class='ocrx_word' id='word_1_774' title='bbox 291 5333 403 5389; x_wconf 83' lang='lat' dir='ltr'>ridetur</span> <span class='ocrx_word' id='word_1_775' title='bbox 447 5350 510 5388; x_wconf 86' lang='lat' dir='ltr'>esse</span> <span class='ocrx_word' id='word_1_776' title='bbox 555 5349 637 5388; x_wconf 91' lang='lat' dir='ltr'>soror</span> <span class='ocrx_word' id='word_1_777' title='bbox 669 5334 792 5388; x_wconf 86' lang='lat' dir='ltr'>llartvici</span> <span class='ocrx_word' id='word_1_778' title='bbox 833 5333 994 5390; x_wconf 91' lang='lat' dir='ltr'>Bremensis</span> <span class='ocrx_word' id='word_1_779' title='bbox 1084 5335 1137 5406; x_wconf 77' lang='lat' dir='ltr'>(dl)</span> <span class='ocrx_word' id='word_1_780' title='bbox 1167 5335 1206 5391; x_wconf 86' lang='lat' dir='ltr'>De</span> <span class='ocrx_word' id='word_1_781' title='bbox 1229 5336 1359 5392; x_wconf 84' lang='lat' dir='ltr'>Debbora</span> <span class='ocrx_word' id='word_1_782' title='bbox 1395 5337 1486 5394; x_wconf 90' lang='lat' dir='ltr'>videri</span> <span class='ocrx_word' id='word_1_783' title='bbox 1518 5344 1612 5412; x_wconf 88' lang='lat' dir='ltr'>potest</span> <span class='ocrx_word' id='word_1_784' title='bbox 1643 5341 1717 5396; x_wconf 90' lang='lat' dir='ltr'>liber</span> <span class='ocrx_word' id='word_1_785' title='bbox 1746 5341 1892 5412; x_wconf 77' lang='lat' dir='ltr'>iudicum,</span> 
     </span>
     <span class='ocr_line' id='line_1_59' title="bbox 145 5403 1161 5478; baseline -0.001 -18"><span class='ocrx_word' id='word_1_786' title='bbox 145 5405 363 5476; x_wconf 88' lang='lat' dir='ltr'>archiepiscopi,</span> <span class='ocrx_word' id='word_1_787' title='bbox 399 5405 449 5477; x_wconf 89' lang='lat' dir='ltr'>qui</span> <span class='ocrx_word' id='word_1_788' title='bbox 484 5409 607 5460; x_wconf 89' lang='lat' dir='ltr'>mortem</span> <span class='ocrx_word' id='word_1_789' title='bbox 637 5403 727 5474; x_wconf 88' lang='lat' dir='ltr'>ipsius</span> <span class='ocrx_word' id='word_1_790' title='bbox 765 5405 800 5460; x_wconf 88' lang='lat' dir='ltr'>ad</span> <span class='ocrx_word' id='word_1_791' title='bbox 833 5404 860 5460; x_wconf 92' lang='lat' dir='ltr'>S.</span> <span class='ocrx_word' id='word_1_792' title='bbox 893 5405 993 5461; x_wconf 88' lang='lat' dir='ltr'>iiilde-</span> <span class='ocrx_word' id='word_1_793' title='bbox 1046 5421 1161 5478; x_wconf 78' lang='lat' dir='ltr'>cupre.</span> 
     </span>
    </p>

    <p class='ocr_par' dir='ltr' id='par_1_8' title="bbox 146 5474 990 5549">
     <span class='ocr_line' id='line_1_60' title="bbox 146 5474 990 5549; baseline 0 -17"><span class='ocrx_word' id='word_1_794' title='bbox 146 5476 264 5549; x_wconf 86' lang='lat' dir='ltr'>gardem</span> <span class='ocrx_word' id='word_1_795' title='bbox 290 5474 467 5547; x_wconf 86' lang='lat' dir='ltr'>perscripsit,</span> <span class='ocrx_word' id='word_1_796' title='bbox 498 5481 529 5530; x_wconf 92' lang='lat' dir='ltr'>ut</span> <span class='ocrx_word' id='word_1_797' title='bbox 562 5476 670 5530; x_wconf 90' lang='lat' dir='ltr'>dictum</span> <span class='ocrx_word' id='word_1_798' title='bbox 704 5475 735 5530; x_wconf 85' lang='lat' dir='ltr'>in</span> <span class='ocrx_word' id='word_1_799' title='bbox 767 5476 990 5546; x_wconf 84' lang='lat' dir='ltr'>Commentario,</span> 
     </span>
    </p>
   </div>
   <div class='ocr_carea' id='block_1_6' title="bbox 0 0 1996 6034">
    <p class='ocr_par' dir='ltr' id='par_1_9' title="bbox 0 0 1996 6034">
     <span class='ocr_line' id='line_1_61' title="bbox 0 0 1996 6034; baseline 0 3"><span class='ocrx_word' id='word_1_800' title='bbox 0 0 1996 6034; x_wconf 95' lang='lat' dir='ltr'> </span> 
     </span>
    </p>
   </div>
  </div>
 </body>
</html>
