3984 6034
828 144 855 192 b'.
877 139 1124 196 itttibtitthltbts.

1802 145 1857 194 stu

104 279 204 352 cepisti
229 279 300 332 velte
325 276 431 331 habere
457 275 488 330 in
518 275 619 346 teipso,
645 274 697 345 qui
722 275 828 345 ejectus
860 291 891 328 es
916 274 952 329 ab
970 278 994 328 ll
1010 278 1055 326 tos
1070 273 1147 342 ejus;
1162 275 1230 344 quia
1250 275 1360 345 absque
1376 274 1474 328 liberis
1496 275 1616 330 decessit
1631 293 1638 341 ;
1653 276 1855 332 haereditatem

71 354 77 369 ¹
104 367 183 423 omni
206 366 300 435 gloria
318 367 382 432 tua3
406 364 442 418 ab
463 368 560 416 austro
587 362 694 416 scilicet
708 379 829 433 surgens
851 363 882 416 in
903 378 953 415 ar-

103 457 189 512 dente
206 453 365 508 clarissima
387 453 461 518 luce,
488 456 516 504 et
545 451 649 506 cadens
666 451 697 504 in
712 453 844 505 tenebras
865 451 953 522 aqui-

104 544 188 612 lonis,
206 543 235 596 id
258 548 300 596 est
324 542 440 596 interni.
467 542 499 594 Et
522 540 577 594 hoc
601 540 709 593 videbit
729 530 824 594 omnis
844 541 950 594 homo:

104 631 235 686 videlicet
258 629 341 684 electi
365 632 393 682 et
416 627 530 698 reprobi
555 632 757 696 cognoscentes
777 629 951 697 gehennam,

103 719 243 791 quoniam
272 718 356 772 eiecti
390 732 454 770 eam
479 721 670 785 cognoscunt3
704 716 772 786 quia
802 716 881 768 illam
911 715 951 768 el-

104 809 261 878 ingerunt,
285 802 402 874 reprobi
425 809 532 869 autern,
550 804 687 873 quoniam
709 819 774 856 curn
797 819 832 855 ea
846 802 876 855 in
891 818 951 871 poe·

104 896 148 948 uis
171 892 392 964 permanebunt,
414 888 535 945 scientes
565 891 635 960 quia
656 906 710 960 ego
737 890 874 944 Dominus
888 907 951 944 om-

103 983 237 1053 nipotens
271 979 403 1034 succendi
433 995 497 1032 eam
535 980 570 1032 ad
608 979 827 1033 retributionem
861 979 950 1032 malo-

104 1087 170 1126 rum
192 1075 321 1137 tuorum,
343 1085 359 1122 o
382 1068 508 1132 diabole,
530 1084 581 1122 nec
603 1068 800 1138 exstinguetur
823 1067 854 1120 in
869 1067 951 1121 malis

104 1159 161 1214 tuis
186 1157 435 1228 necaequentium
464 1162 501 1209 te.
536 1157 568 1210 Et
589 1156 629 1210 sic
658 1155 780 1226 perditio
803 1155 951 1210 diabolicae

104 1247 247 1318 superbire.
268 1245 389 1316 projecit
417 1245 552 1299 Seianam
583 1243 613 1298 et
638 1244 756 1313 angelos
783 1244 890 1312 ejusin
907 1259 951 1296 ex-

103 1336 223 1390 teriores
241 1334 374 1388 tenebras
392 1338 568 1387 aeternorum
584 1336 792 1386 tormentorum
812 1330 875 1386 sine
892 1332 951 1385 ulla

103 1423 297 1478 consolatione
314 1420 452 1476 luminis:
473 1421 513 1475 ita
526 1427 558 1476 ut
578 1420 621 1474 ilii
635 1422 733 1475 nullus
752 1421 790 1474 sit
810 1421 890 1474 locus
905 1420 949 1473 in·

102 1517 204 1568 ventus
218 1513 247 1567 in
262 1515 370 1566 aeterno
382 1510 503 1575 lumine,
520 1515 547 1563 et
562 1515 604 1574 tu,
625 1525 641 1562 o
657 1508 767 1579 fragilis
782 1509 869 1562 homo
884 1509 949 1563 hor·
970 1553 990 1604 Β

103 1617 168 1657 rens
195 1607 225 1656 et
242 1604 370 1671 stupens,
391 1614 491 1652 eurum
516 1600 592 1651 ultra
618 1597 691 1651 nihil
716 1597 880 1667 conspicere
904 1613 951 1667 po·

80 1689 198 1754 .tuisti;
228 1688 301 1742 sicut
330 1688 418 1741 etiam
441 1686 520 1740 idem
549 1684 677 1742 Ezechiel
699 1686 730 1740 in
755 1685 857 1755 spiritu
884 1700 950 1738 mea

101 1777 162 1848 regi
187 1777 253 1848 Tyri
276 1775 329 1830 sub
362 1775 482 1845 mystica
510 1775 721 1845 significatione
740 1773 826 1828 dicit:
848 1775 952 1827 Omnes

102 1866 156 1939 qui
167 1865 290 1922 uderint
302 1868 329 1920 le
339 1865 371 1920 in
383 1863 515 1937 pentibus
531 1864 728 1934 obstupescent
741 1879 828 1932 cuper
840 1866 875 1916 te.
891 1862 951 1917 Ni-

101 1956 144 2011 te
155 1958 301 2023 features,
313 1956 342 2008 et
350 1969 407 2008 non
417 1952 516 2009 visin
526 1947 695 2024 perpetuum
704 1951 813 2021 (Erech.
829 1950 948 2019 xxviii).

105 2046 165 2101 lice
190 2044 246 2098 tale
270 2046 321 2097 est.
340 2042 445 2098 Omnes
466 2042 539 2096 recti
568 2041 652 2096 corde
681 2041 731 2111 qui
756 2041 882 2094 viderint
908 2044 947 2105 te,

103 2131 228 2197 diabole,
254 2129 427 2185 inebriatum
455 2127 532 2182 ritiis
559 2129 590 2183 iu
613 2128 670 2182 illis
693 2129 826 2197 gentibus
854 2129 904 2199 qui
924 2133 951 2180 te

103 2222 302 2291 amplexentur
322 2219 353 2272 in
377 2217 611 2287 prevaricatione
647 2216 719 2287 legis
742 2217 802 2284 liei,
823 2220 951 2270 arescent

104 2311 337 2378 obstupescentes
351 2307 382 2360 in
404 2310 455 2360 tua
476 2305 571 2373 sorde,
596 2305 741 2376 quomodo
757 2306 862 2376 polluis
881 2319 951 2374 sug-

104 2399 234 2468 gestione
247 2401 296 2451 tua
318 2394 459 2464 templum
482 2394 513 2448 in
529 2393 717 2449 aedificatione
741 2394 791 2450 [lei
805 2394 882 2464 quod
902 2394 952 2448 ho«

105 2503 153 2541 nro
177 2489 235 2551 est;
266 2488 295 2538 ct
318 2487 470 2554 propterca
498 2481 572 2536 nibil
599 2482 690 2536 iectus
720 2499 750 2535 es
776 2498 829 2550 per
853 2497 951 2551 super-

104 2575 183 2630 biam
196 2577 276 2628 tuem
290 2571 322 2626 in
341 2587 398 2641 qua
412 2569 538 2624 cecidisti
553 2570 589 2624 eb
611 2569 691 2623 omui
710 2568 802 2640 gloria
816 2569 952 2622 salvatio-

104 2664 169 2726 nis;
185 2659 387 2733 quiaomuino
415 2658 608 2726 niellusvigor
632 2673 672 2720 es,
699 2656 729 2710 in
756 2658 834 2710 nulla
857 2656 951 2710 letici-

104 2756 172 2818 tate,
196 2763 292 2819 neque
313 2747 371 2802 eris
400 2747 534 2800 inventus
562 2746 651 2800 ultam
676 2745 798 2815 gloriam
826 2745 952 2815 emplius

1007 362 1060 415 liiii
1087 363 1205 416 attrahit
1228 362 1282 416 sibi
1302 368 1382 432 pater
1406 369 1434 416 et
1457 363 1593 433 proponit
1614 381 1677 418 eam
1704 365 1734 418 in
1756 369 1855 418 mente

1007 467 1058 504 sna
1073 451 1122 505 alii
1135 467 1185 504 suo
1202 452 1262 504 litio
1277 451 1407 504 nondum
1428 451 1480 505 sibi
1496 457 1576 516 nato,
1600 453 1719 506 daturus
1734 469 1797 506 eam
1811 451 1858 505 illi

1006 556 1071 594 cum
1087 545 1171 594 natus
1185 540 1274 594 laverit
1290 556 1322 594 er
1338 541 1407 610 ipso.
1441 542 1511 594 Nam
1533 541 1665 595 diabolus
1681 541 1856 595 ceciditabs-

1006 645 1062 699 qne
1087 629 1212 694 tiaerede,
1238 630 1315 698 quod
1336 635 1378 682 est
1405 629 1434 682 in
1461 635 1536 682 recta
1562 630 1721 684 intentione
1745 631 1855 683 lionam

1006 735 1093 788 opus:
1110 719 1178 789 quia
1193 733 1343 789 nunquam
1358 717 1465 788 aliquid
1487 717 1556 772 boni
1570 719 1636 772 iecit
1654 735 1707 772 nec
1726 717 1854 787 incoepit,

1006 813 1033 860 ct
1048 807 1083 860 ub
1097 807 1271 876 hocaccepit
1290 808 1361 860 alter
1386 807 1581 860 haereditatem
1598 806 1670 874 ejus,
1694 806 1744 868 qiri
1767 807 1855 859 etiam

1005 895 1116 956 cecidit,
1140 895 1247 948 habens
1273 898 1369 948 tamen
1394 895 1551 962 heredem,
1580 895 1687 948 scilicet
1715 894 1853 964 inceptio-

1005 1000 1071 1038 nem
1098 982 1286 1048 ohedientia;
1304 983 1441 1053 quoniam
1462 999 1526 1036 eam
1552 984 1674 1052 suscepit
1692 999 1755 1036 cum
1773 983 1856 1034 devo-

1005 1073 1092 1139 tione,
1114 1071 1243 1142 quumvis
1272 1087 1344 1142 opus
1359 1072 1394 1125 ad
1412 1073 1465 1126 boc
1495 1070 1639 1141 pertinens
1657 1087 1713 1124 nou
1730 1073 1856 1140 perfece-

1005 1161 1051 1223 rit,
1067 1160 1116 1214 sed
1130 1160 1223 1228 gratia
1236 1159 1287 1213 Dei
1302 1159 1418 1229 perlecit
1433 1159 1505 1212 illud
1521 1175 1594 1229 opos
1611 1161 1640 1212 in
1657 1159 1855 1213 incarnatione

1005 1248 1169 1302 salvationis
1206 1249 1392 1318 populorum,
1429 1247 1459 1300 in
1491 1250 1728 1302 restaurationem
1770 1248 1855 1300 bonae

1004 1335 1188 1390 hereditatis.
1213 1339 1305 1405 Atque
1330 1335 1393 1389 ideo
1415 1335 1523 1406 recepit
1543 1337 1630 1390 homo
1651 1335 1851 1390 hereditatem

1004 1441 1086 1478 suam
1100 1425 1130 1480 in
1150 1425 1272 1486 Christo,
1293 1424 1362 1494 quia
1382 1441 1440 1477 non
1465 1424 1641 1494 dedignatus
1656 1429 1698 1478 est
1721 1425 1751 1499 in
1766 1423 1850 1477 initio

1005 1518 1180 1584 pracceptum
1195 1513 1334 1574 Deicum
1360 1513 1479 1566 ornnino
1508 1512 1639 1566 diabolus
1668 1512 1853 1566 nondcside-

1005 1603 1077 1658 ravit
1104 1601 1253 1656 servitium
1277 1601 1419 1655 Creatoris
1441 1601 1486 1654 sui
1501 1601 1530 1654 in
1546 1601 1631 1664 hono,
1649 1600 1697 1654 sed
1712 1601 1854 1654 lionorem

1005 1692 1035 1747 in
1050 1691 1198 1760 superbia:
1220 1690 1298 1744 unde
1313 1705 1372 1744 non
1392 1689 1500 1760 recepit
1518 1689 1639 1759 gloriam
1654 1705 1737 1743 suam
1757 1689 1805 1744 sed
1822 1689 1852 1743 in

1005 1780 1163 1852 perditione
1178 1778 1273 1849 periit.

1042 1870 1075 1922 lit
1101 1867 1174 1921 sicut
1201 1867 1312 1920 Goliath
1338 1865 1461 1920 surrexit
1491 1865 1649 1936 despiciens
1676 1865 1783 1930 David3
1815 1866 1856 1920 ita

1006 1956 1096 2012 erexit
1110 1973 1139 2010 se
1154 1956 1284 2010 diabotus
1299 1955 1329 2008 in
1344 1955 1600 2025 praesumptionem
1634 1956 1663 2008 in
1681 1955 1785 2023 seipse,
1809 1970 1857 2008 vo·

1006 2043 1067 2097 lens
1083 2041 1184 2097 similis
1213 2059 1274 2096 esse
1304 2043 1460 2096 ditissimo.
1480 2043 1510 2096 Et
1538 2043 1697 2096 utGoliath
1716 2042 1852 2112 ignorans

1006 2132 1079 2185 vires
1095 2131 1182 2185 David
1202 2147 1268 2186 eum
1297 2147 1415 2201 prorsus
1436 2131 1517 2185 nihili
1542 2135 1679 2200 reputans
1694 2131 1855 2200 vilipendit,

1006 2220 1045 2272 sic
1061 2219 1206 2274 cumulata
1226 2217 1360 2288 superbia
1386 2218 1494 2271 diabriii
1521 2218 1694 2288 contempsit
1707 2216 1855 2270 humilita-

1007 2315 1064 2362 tem
1092 2307 1121 2360 in
1149 2307 1328 2360 humanitate
1357 2306 1419 2360 Filii
1446 2306 1505 2369 liei,
1527 2305 1620 2376 quiin
1638 2307 1855 2372 mundouetus,

1006 2411 1062 2449 nen
1088 2393 1212 2464 gloriam
1235 2409 1316 2447 suam
1341 2394 1388 2446 sed
1411 2393 1533 2461 gloriam
1562 2393 1652 2447 Patris
1682 2409 1734 2462 per
1757 2394 1856 2448 omnia

1007 2482 1147 2554 quesivit.
1163 2481 1332 2545 Quomodo?
1359 2481 1493 2534 Diabolus
1519 2497 1575 2534 riou
1602 2480 1856 2534 desideravitimi·

1006 2570 1060 2625 tari
1080 2571 1134 2624 hoc
1162 2570 1336 2639 exemptum,
1365 2573 1396 2621 nt
1422 2585 1451 2621 se
1478 2570 1614 2623 subderet
1651 2585 1703 2622 suo
1728 2569 1856 2624 Creatori

1006 2659 1250 2724 quemadmodum
1265 2675 1294 2710 se
1311 2658 1396 2710 Filius
1413 2657 1463 2712 Dei
1482 2658 1609 2712 subdidit
1624 2673 1675 2710 suo
1700 2657 1785 2712 Patri.
1801 2659 1855 2710 et-

1007 2752 1102 2802 tamen
1133 2746 1220 2801 ltavid
1244 2745 1404 2815 amputavit
1429 2751 1515 2816 caput
1544 2746 1655 2800 tlotieth
1687 2745 1717 2800 in
1744 2751 1856 2800 secreta

104 2839 213 2894 hebens
240 2836 270 2890 in
300 2835 460 2890 aeternitate
490 2833 659 2901 coelestium,
684 2832 797 2903 quieta
816 2835 951 2886 contusas
971 2836 1170 2899 clortitudine
1192 2835 1252 2901 liei,
1279 2841 1310 2888 at
1340 2834 1445 2904 Spiritu
1476 2839 1573 2888 sancto
1601 2834 1759 2904 inspirante
1786 2833 1856 2887 scri-

104 2943 136 2982 es
150 2926 180 2980 in
192 2924 249 2979 iltis
260 2924 291 2978 in
306 2927 478 2994 perpetuum
496 2923 555 2976 siue
569 2921 637 2975 fine.

139 3012 194 3068 Sed
209 3011 286 3083 quod
310 3013 495 3082 splendorem
519 3010 603 3064 illurn
623 3025 763 3079 magnum
787 3011 837 3079 qui
849 3010 890 3063 eis
904 3010 952 3063 ab·

104 3105 227 3155 stractus
240 3105 295 3164 est,
320 3097 417 3153 vidisti
441 3098 535 3152 subito
557 3098 587 3152 in
609 3112 708 3152 earum
734 3097 950 3151 exstinctionem

103 3189 208 3243 reverti
222 3189 258 3242 ad
273 3187 369 3257 ipsum
382 3186 530 3242 sedentem
544 3185 577 3240 in
596 3187 701 3240 throno
714 3202 722 3240 ε
737 3186 793 3240 hoc
814 3191 857 3238 est
874 3185 950 3256 quod

104 3275 273 3345 perspicuus
287 3277 317 3328 et
331 3289 453 3344 magnus
478 3273 573 3343 luigor
587 3288 674 3343 quem
688 3272 818 3327 diabolus
833 3279 952 3343 propter

104 3363 270 3433 superbiam
284 3367 313 3416 et
339 3349 551 3417 contumaciam
581 3350 663 3416 suam
685 3362 812 3432 perdidit
832 3377 897 3415 cum
921 3361 952 3415 in

105 3451 200 3523 ipsum
215 3458 359 3506 etomnes
373 3466 510 3521 sequaces
523 3450 587 3519 ejus
608 3450 724 3504 intravit
738 3466 857 3520 germen
875 3465 950 3504 mer·

106 3540 142 3594 tis
155 3541 230 3608 terat
251 3539 329 3595 euim
354 3540 463 3595 Lucifer
477 3539 602 3609 purioris
623 3539 740 3593 luminis
755 3555 842 3610 qnam
856 3538 952 3593 caeteri

105 3629 211 3701 augeli)
234 3644 365 3684 reversus
380 3632 423 3682 est
440 3629 474 3683 ad
495 3629 586 3682 iteum
605 3631 718 3683 Patrem
740 3629 818 3683 unde
839 3627 953 3698 prodie

105 3724 159 3783 rat,
188 3723 317 3772 servatus
343 3718 374 3772 in
406 3723 513 3772 secreto
541 3718 619 3788 ejus;
651 3717 720 3787 quia
749 3718 826 3772 locus
851 3717 952 3784 gioriae

106 3807 268 3878 splendoris
287 3807 365 3862 iltius
385 3822 443 3860 nun
461 3806 560 3861 debuit
579 3821 641 3860 esse
664 3821 785 3872 vacuus3
811 3807 860 3859 sed
879 3807 953 3860 Deus

105 3896 228 3951 servavit
240 3911 307 3950 eum
322 3894 405 3950 elteri
420 3895 502 3948 tacte
515 3893 581 3948 luci.
598 3895 670 3948 Nam
685 3895 748 3963 ejus
766 3909 853 3965 quem
878 3896 953 3949 Deus

105 3985 214 4040 nudum
239 3999 357 4053 surgere
382 3984 468 4053 jussit
491 3988 577 4054 atque
596 3998 654 4036 non
680 3987 846 4050 coopertum
868 3999 952 4037 carne

104 4072 155 4140 qui
171 4069 303 4126 diabolus
325 4076 368 4123 est
394 4085 460 4124 cum
482 4069 562 4123 omni
576 4070 715 4124 comitatu
730 4070 791 4139 ejus
810 4070 841 4123 in
855 4072 952 4140 splen·

1006 2932 1087 2997 ptum
1103 2929 1162 2979 est:
1184 2926 1340 2979 Aesumeue
1363 2928 1459 2978 autem
1478 2924 1571 2978 Dauid
1588 2927 1675 2994 caput
1691 2922 1851 2978 Pttttsttat

1005 3012 1104 3068 attulit
1116 3012 1190 3067 illud
1203 3013 1236 3068 in
1247 3011 1426 3079 Jerusalem,
1448 3028 1533 3066 erma
1555 3029 1621 3066 uero
1637 3013 1700 3080 ejus
1713 3010 1809 3083 posuit
1824 3011 1855 3065 in

1008 3101 1230 3170 tubernaoetoll
1245 3103 1312 3172 ch.
1341 3101 1417 3170 xvir).
1444 3102 1499 3154 lioc
1515 3101 1572 3154 tale
1591 3106 1643 3154 est.
1660 3100 1753 3170 Spolia
1767 3106 1795 3153 ct
1810 3099 1853 3153 di-

1007 3191 1154 3261 reptiones
1183 3189 1290 3244 diaboli
1316 3190 1425 3258 accepit
1454 3187 1627 3242 fortissimus
1657 3188 1850 3253 Filiusmeus,

1006 3295 1071 3335 cnm
1087 3278 1190 3348 dejecit
1202 3283 1288 3348 caput
1310 3279 1438 3346 ejusdem
1473 3277 1613 3347 serpentis
1639 3276 1758 3347 antiqui.
1776 3277 1851 3330 Ubi‘l

1008 3370 1037 3422 tn
1052 3373 1133 3422 litero
1144 3366 1267 3436 Virginis
1282 3381 1345 3436 quae
1360 3367 1414 3420 hoc
1428 3371 1513 3434 caput
1523 3364 1666 3420 contrivit.
1678 3367 1731 3420 Per
1743 3367 1852 3436 quem?

1007 3460 1060 3512 Per
1074 3455 1208 3511 eumdem
1235 3455 1338 3510 Filium
1354 3469 1448 3508 sirum.
1472 3455 1539 3517 Qua
1555 3459 1598 3508 est
1612 3455 1673 3508 have
1696 3453 1853 3510 contritio?

1006 3545 1106 3600 Sancta
1133 3544 1292 3608 humilitas,
1321 3558 1386 3614 quar
1418 3543 1448 3597 in
1468 3547 1559 3596 matre
1580 3547 1609 3596 et
1632 3543 1692 3597 tilio
1713 3559 1854 3612 apparens

1007 3633 1146 3705 percussit
1160 3633 1286 3703 primum
1308 3631 1421 3686 initium
1437 3630 1589 3702 superbire,
1619 3631 1697 3702 quod
1712 3637 1754 3686 est
1769 3635 1855 3701 caput

1006 3722 1121 3778 diaboli.
1138 3723 1172 3776 Et
1187 3721 1227 3774 sic
1242 3721 1306 3775 Filii
1321 3721 1388 3787 mei,
1417 3721 1574 3774 secundum
1603 3735 1729 3787 carnem,
1753 3720 1855 3774 victrix

1006 3808 1155 3863 humilitas
1170 3807 1266 3860 attulit
1279 3806 1375 3876 ipsum
1388 3813 1475 3877 caput
1501 3804 1529 3860 in
1556 3812 1683 3860 sanctam
1702 3805 1855 3860 Ecclesiam

1007 3914 1071 3968 quae
1099 3903 1142 3950 est
1160 3895 1231 3948 visio
1258 3894 1346 3965 pacis,
1376 3895 1662 3965 elostendensquod
1686 3909 1737 3963 per
1762 3894 1854 3964 ipsam

1008 3984 1192 4040 fortissimam
1220 3983 1413 4037 humilitatem
1444 3983 1594 4037 interiecta
1620 3988 1694 4036 esset
1720 3981 1856 4051 superbie

1008 4073 1133 4136 diaboli;
1155 4072 1308 4126 fortissima
1323 4087 1390 4126 vero
1407 4086 1487 4126 arma
1501 4072 1563 4141 ejus
1585 4077 1652 4124 sunt
1668 4070 1857 4125 multilormia

105 4159 284 4214 doretemen
301 4157 950 4229 ciarum3spleudorcmservavitlimoqucm
970 4141 1071 4231 ”ejus
1099 4158 1177 4224 vitia,
1206 4157 1310 4228 quibus
1335 4158 1382 4212 ille
1403 4158 1550 4228 superavit
1576 4174 1667 4229 genus
1695 4158 1855 4212 humanum

104 4246 239 4301 formavit
254 4246 444 4300 inhominem
460 4252 559 4315 tegens
582 4245 677 4316 ipsum
698 4248 835 4302 vilissima
849 4255 952 4302 natura

103 4338 199 4401 terrae,
216 4335 252 4390 ob
268 4335 394 4405 idipsum
409 4351 446 4388 ue
468 4351 497 4388 se
516 4336 664 4389 extolleret
679 4335 709 4389 in
732 4336 951 4390 similitudinem

104 4423 166 4490 Dei,
182 4424 250 4494 quia
265 4438 352 4494 quem
373 4422 483 4477 clarum
507 4423 698 4476 creaveretin
722 4425 813 4477 multo
840 4423 951 4492 lutgore

106 4513 156 4569 sed
180 4528 240 4566 nou
256 4517 425 4582 coopertum
452 4517 511 4566 tam
538 4511 632 4582 fragili
648 4518 677 4565 et
691 4517 748 4566 tam
773 4513 879 4566 misero
894 4519 953 4582 teg-

103 4603 183 4656 mine
197 4617 255 4672 quo
270 4608 300 4656 et
314 4602 413 4666 bomo,
429 4600 547 4655 hicnon
572 4601 666 4671 potuit
680 4606 755 4655 stare
778 4602 807 4654 in
828 4601 952 4655 elatione

104 4707 167 4756 aua,
183 4691 325 4762 quianon
352 4694 395 4744 est
416 4690 471 4742 nisi
487 4707 560 4744 nnus
577 4690 651 4745 Deus
668 4690 728 4744 siue
744 4689 829 4742 initio
847 4694 876 4743 et
890 4689 952 4744 sine

102 4781 160 4835 line
174 4779 206 4834 in
232 4781 402 4833 aetcrnitate·
424 4781 464 4832 Ac
481 4778 547 4833 ideo
566 4777 818 4834 sceleratissimum
833 4782 876 4830 est
890 4793 949 4848 pree

103 4868 214 4924 ceteris
228 4867 410 4934 criminibus,
437 4883 495 4938 quu
510 4867 575 4939 quis
599 4884 629 4920 se
650 4869 709 4920 Deo
730 4864 853 4920 simulet.
872 4866 952 4920 Nunc

102 4961 201 5012 autem
237 4973 291 5028 ego
320 4959 396 5012 Deus
425 4957 548 5012 coelestis
572 4956 680 5010 servavi
714 4955 825 5010 illustre
853 4956 950 5010 lumen

97 5047 178 5116 quod
194 5047 299 5102 retraxi
311 5065 329 5102 e
341 5046 456 5103 diabole
471 5051 592 5116 propter
607 5046 714 5099 melum
735 5045 807 5114 ejus,
833 5045 888 5098 boc
909 5045 951 5100 di-

101 5134 224 5202 ligenter
250 5137 429 5191 abscondens
466 5135 542 5203 aptrd
560 5149 615 5200 me,
641 5139 670 5188 et
698 5134 765 5188 dedi
785 5133 854 5188 illud
882 5134 950 5188 tirno

103 5225 186 5274 terrm
202 5236 288 5289 quem
307 5221 427 5275 formavi
447 5217 484 5274 sd
500 5219 656 5288 imaginem
680 5225 709 5272 et
730 5217 951 5274 similitudinem

103 5321 208 5374 meam,
233 5309 477 5378 quemadmodum
505 5305 712 5377 eliquishemo
732 5305 893 5369 faciteam
916 5307 952 5360 ii-

103 5396 158 5448 lius
170 5396 231 5464 ejus
247 5397 369 5450 moritur
381 5396 466 5464 cujus
478 5394 633 5450 haeredites
655 5411 713 5451 non
733 5395 837 5450 transit
854 5395 886 5449 in
900 5411 951 5450 ua-

1007 4248 1167 4319 quodcum
1190 4262 1242 4316 pro
1269 4247 1325 4300 [teo
1354 4247 1452 4312 coluit,
1474 4247 1514 4300 sic
1537 4251 1682 4300 exterrens
1701 4246 1733 4299 in
1747 4244 1855 4298 vitiosis

1006 4337 1113 4392 artibus
1127 4335 1185 4389 stris
1201 4339 1233 4388 ut
1248 4350 1327 4388 artua
1342 4341 1487 4388 exterrere
1511 4335 1605 4388 soient
1627 4333 1771 4388 homines
1790 4334 1855 4386 ilaec

1006 4425 1146 4495 confregit
1161 4424 1248 4480 Filius
1275 4439 1357 4478 meus
1376 4439 1487 4494 ponens
1502 4437 1534 4477 ee
1549 4423 1578 4478 in
1593 4423 1775 4476 tabernaculo
1790 4437 1853 4488 suo,

1006 4515 1097 4569 idest
1121 4514 1150 4567 in
1167 4513 1328 4584 passionem
1355 4511 1482 4582 corporis
1504 4512 1549 4565 sui
1568 4512 1638 4566 dum
1662 4515 1809 4582 pateretur
1823 4510 1854 4563 in

1005 4618 1098 4657 cruce.
1119 4603 1196 4657 Unde
1208 4601 1301 4672 ipsam
1316 4615 1444 4671 pugnem
1461 4600 1570 4656 dimisit
1598 4600 1684 4654 etiam
1700 4599 1730 4652 in
1755 4598 1853 4653 teber-

1007 4689 1116 4746 neculis
1130 4690 1217 4743 simui
1240 4689 1270 4743 in
1298 4687 1466 4759 corporibus
1486 4689 1640 4743 electorum
1659 4687 1855 4742 membrorum

1006 4795 1141 4836 suorum:
1171 4781 1204 4832 ut
1230 4782 1258 4832 et
1290 4777 1346 4848 ipsi
1361 4777 1535 4832 distribuent
1555 4793 1637 4832 arma
1663 4776 1770 4831 diaboti
1788 4791 1854 4830 cum

1006 4869 1079 4938 ipso.
1106 4867 1274 4931 Quomodo?
1294 4867 1330 4920 Ut
1353 4865 1510 4934 sicutipse
1534 4865 1637 4920 devicit
1660 4863 1807 4919 diabolum
1823 4863 1854 4916 in
1944 4853 1948 4866 ’

1005 4955 1137 5028 passione
1149 4971 1210 5020 sua,
1231 4954 1271 5010 sic
1285 4959 1313 5010 et
1327 4953 1383 5025 ipsi
1405 4969 1472 5009 eum
1496 4955 1691 5008 devincentes
1713 4951 1855 5006 constrin-

1006 5049 1105 5117 gentes
1118 5045 1149 5098 in
1168 5042 1327 5109 desideriis,
1344 5047 1373 5097 et
1389 5058 1448 5096 non
1474 5042 1531 5097 sint
1549 5042 1759 5096 consentientes
1779 5038 1855 5092 vitiis

1006 5130 1091 5185 illius.
1124 5129 1156 5182 Et
1177 5128 1335 5182 secundum
1360 5126 1577 5182 similitudinem
1613 5127 1696 5190 hanc,
1719 5128 1749 5178 ut
1762 5122 1855 5192 gloria

1004 5218 1250 5273 Getiathdelaest
1267 5216 1367 5271 David:
1387 5217 1427 5270 ita
1462 5216 1585 5287 gloriam
1613 5231 1677 5286 quae
1703 5214 1854 5269 abiateest

1006 5307 1099 5378 primo
1111 5307 1222 5376 angelo,
1243 5305 1310 5360 dedi
1324 5306 1393 5360 nde
1420 5309 1449 5360 et
1462 5303 1562 5376 generi
1578 5305 1652 5374 ejus,
1668 5301 1746 5373 quod
1761 5301 1852 5356 ceuli-

1004 5399 1082 5450 tetur
1097 5411 1142 5448 me
1157 5409 1271 5462 servans
1287 5398 1429 5464 precepta
1456 5409 1530 5458 mea,
1560 5391 1736 5462 interempta
1749 5405 1850 5460 super-
