<?xml version="1.0" encoding="UTF-8"?>
<!DOCTYPE html PUBLIC "-//W3C//DTD XHTML 1.0 Transitional//EN"
    "http://www.w3.org/TR/xhtml1/DTD/xhtml1-transitional.dtd">
<html xmlns="http://www.w3.org/1999/xhtml" xml:lang="en" lang="en">
 <head>
  <title>
</title>
<meta http-equiv="Content-Type" content="text/html;charset=utf-8" />
  <meta name='ocr-system' content='tesseract 3.04.00' />
  <meta name='ocr-capabilities' content='ocr_page ocr_carea ocr_par ocr_line ocrx_word'/>
</head>
<body>
  <div class='ocr_page' id='page_1' title='image "./patrologiaecurs125unkngoog/patrologiaecurs125unkngoog_0650.png"; bbox 0 0 3984 6034; ppageno 0'>
   <div class='ocr_carea' id='block_1_1' title="bbox 180 192 1930 264">
    <p class='ocr_par' dir='ltr' id='par_1_1' title="bbox 180 192 1930 264">
     <span class='ocr_line' id='line_1_1' title="bbox 180 192 1930 264; baseline -0.01 -1"><span class='ocrx_word' id='word_1_1' title='bbox 180 210 244 264; x_wconf 72' lang='lat' dir='ltr'><strong>titt</strong></span> <span class='ocrx_word' id='word_1_2' title='bbox 922 199 950 253; x_wconf 84' lang='lat' dir='ltr'><strong>S.</strong></span> <span class='ocrx_word' id='word_1_3' title='bbox 972 194 1210 254; x_wconf 67' lang='lat' dir='ltr'><strong>uuuuueuuts</strong></span> <span class='ocrx_word' id='word_1_4' title='bbox 1862 192 1930 247; x_wconf 75' lang='lat' dir='ltr'><strong>tesi</strong></span> 
     </span>
    </p>
   </div>
   <div class='ocr_carea' id='block_1_2' title="bbox 178 327 1933 937">
    <p class='ocr_par' dir='ltr' id='par_1_2' title="bbox 178 327 1933 937">
     <span class='ocr_line' id='line_1_2' title="bbox 178 327 1930 414; baseline -0.008 -17"><span class='ocrx_word' id='word_1_5' title='bbox 178 342 265 414; x_wconf 88' lang='lat' dir='ltr'><strong>pheta</strong></span> <span class='ocrx_word' id='word_1_6' title='bbox 279 345 332 409; x_wconf 87' lang='lat' dir='ltr'><strong>est,</strong></span> <span class='ocrx_word' id='word_1_7' title='bbox 344 338 416 395; x_wconf 93' lang='lat' dir='ltr'><strong>etin</strong></span> <span class='ocrx_word' id='word_1_8' title='bbox 428 343 508 395; x_wconf 70' lang='lat' dir='ltr'><strong>unte</strong></span> <span class='ocrx_word' id='word_1_9' title='bbox 523 334 677 393; x_wconf 75' lang='lat' dir='ltr'><strong>altitudine</strong></span> <span class='ocrx_word' id='word_1_10' title='bbox 689 332 776 403; x_wconf 80' lang='lat' dir='ltr'><strong>solat,</strong></span> <span class='ocrx_word' id='word_1_11' title='bbox 791 338 899 407; x_wconf 87' lang='lat' dir='ltr'><strong>quanta</strong></span> <span class='ocrx_word' id='word_1_12' title='bbox 912 333 1019 388; x_wconf 88' lang='lat' dir='ltr'><strong>lrumor</strong></span> <span class='ocrx_word' id='word_1_13' title='bbox 1036 329 1197 400; x_wconf 82' lang='lat' dir='ltr'><strong>Acalescit,</strong></span> <span class='ocrx_word' id='word_1_14' title='bbox 1219 329 1283 403; x_wconf 87' lang='lat' dir='ltr'><strong>ipsa</strong></span> <span class='ocrx_word' id='word_1_15' title='bbox 1298 328 1426 403; x_wconf 85' lang='lat' dir='ltr'><strong>pericula</strong></span> <span class='ocrx_word' id='word_1_16' title='bbox 1447 328 1551 385; x_wconf 81' lang='lat' dir='ltr'><strong>veneni</strong></span> <span class='ocrx_word' id='word_1_17' title='bbox 1570 327 1714 405; x_wconf 81' lang='lat' dir='ltr'><strong>declinare</strong></span> <span class='ocrx_word' id='word_1_18' title='bbox 1750 328 1827 397; x_wconf 84' lang='lat' dir='ltr'><strong>iacit,</strong></span> <span class='ocrx_word' id='word_1_19' title='bbox 1853 344 1930 401; x_wconf 88' lang='lat' dir='ltr'><strong>qno·</strong></span> 
     </span>
     <span class='ocr_line' id='line_1_3' title="bbox 178 415 1930 493; baseline -0.009 -7"><span class='ocrx_word' id='word_1_20' title='bbox 178 437 264 486; x_wconf 79' lang='lat' dir='ltr'><strong>terra</strong></span> <span class='ocrx_word' id='word_1_21' title='bbox 284 444 397 483; x_wconf 87' lang='lat' dir='ltr'><strong>sorsum</strong></span> <span class='ocrx_word' id='word_1_22' title='bbox 418 426 557 491; x_wconf 90' lang='lat' dir='ltr'><strong>ascendit,</strong></span> <span class='ocrx_word' id='word_1_23' title='bbox 587 423 695 480; x_wconf 90' lang='lat' dir='ltr'><strong>scilicet</strong></span> <span class='ocrx_word' id='word_1_24' title='bbox 721 424 871 493; x_wconf 87' lang='lat' dir='ltr'><strong>usquead</strong></span> <span class='ocrx_word' id='word_1_25' title='bbox 898 422 1024 477; x_wconf 87' lang='lat' dir='ltr'><strong>calorem</strong></span> <span class='ocrx_word' id='word_1_26' title='bbox 1080 420 1158 475; x_wconf 88' lang='lat' dir='ltr'><strong>niam</strong></span> <span class='ocrx_word' id='word_1_27' title='bbox 1172 434 1233 486; x_wconf 88' lang='lat' dir='ltr'><strong>aer,</strong></span> <span class='ocrx_word' id='word_1_28' title='bbox 1246 418 1297 491; x_wconf 85' lang='lat' dir='ltr'><strong>qui</strong></span> <span class='ocrx_word' id='word_1_29' title='bbox 1317 418 1391 480; x_wconf 75' lang='lat' dir='ltr'><strong>circa</strong></span> <span class='ocrx_word' id='word_1_30' title='bbox 1404 416 1552 475; x_wconf 87' lang='lat' dir='ltr'><strong>hominem</strong></span> <span class='ocrx_word' id='word_1_31' title='bbox 1575 420 1627 485; x_wconf 93' lang='lat' dir='ltr'><strong>ast,</strong></span> <span class='ocrx_word' id='word_1_32' title='bbox 1655 415 1858 473; x_wconf 79' lang='lat' dir='ltr'><strong>advenientem</strong></span> <span class='ocrx_word' id='word_1_33' title='bbox 1873 433 1930 472; x_wconf 91' lang='lat' dir='ltr'><strong>no-</strong></span> 
     </span>
     <span class='ocr_line' id='line_1_4' title="bbox 179 503 1933 583; baseline -0.009 -8"><span class='ocrx_word' id='word_1_34' title='bbox 179 518 269 583; x_wconf 88' lang='lat' dir='ltr'><strong>aeris;</strong></span> <span class='ocrx_word' id='word_1_35' title='bbox 285 522 313 573; x_wconf 89' lang='lat' dir='ltr'><strong>et</strong></span> <span class='ocrx_word' id='word_1_36' title='bbox 335 517 447 571; x_wconf 90' lang='lat' dir='ltr'><strong>nullum</strong></span> <span class='ocrx_word' id='word_1_37' title='bbox 463 514 606 570; x_wconf 86' lang='lat' dir='ltr'><strong>volucrem</strong></span> <span class='ocrx_word' id='word_1_38' title='bbox 622 512 710 580; x_wconf 81' lang='lat' dir='ltr'><strong>laedit,</strong></span> <span class='ocrx_word' id='word_1_39' title='bbox 724 516 754 566; x_wconf 89' lang='lat' dir='ltr'><strong>ct</strong></span> <span class='ocrx_word' id='word_1_40' title='bbox 772 515 913 583; x_wconf 79' lang='lat' dir='ltr'><strong>percueret</strong></span> <span class='ocrx_word' id='word_1_41' title='bbox 936 510 1024 565; x_wconf 83' lang='lat' dir='ltr'><strong>etiarn</strong></span> <span class='ocrx_word' id='word_1_42' title='bbox 1079 506 1158 561; x_wconf 88' lang='lat' dir='ltr'><strong>xium</strong></span> <span class='ocrx_word' id='word_1_43' title='bbox 1181 522 1278 561; x_wconf 87' lang='lat' dir='ltr'><strong>aerem</strong></span> <span class='ocrx_word' id='word_1_44' title='bbox 1303 511 1332 560; x_wconf 86' lang='lat' dir='ltr'><strong>et</strong></span> <span class='ocrx_word' id='word_1_45' title='bbox 1369 521 1421 578; x_wconf 89' lang='lat' dir='ltr'><strong>per</strong></span> <span class='ocrx_word' id='word_1_46' title='bbox 1452 504 1571 561; x_wconf 88' lang='lat' dir='ltr'><strong>insidias</strong></span> <span class='ocrx_word' id='word_1_47' title='bbox 1595 503 1736 559; x_wconf 90' lang='lat' dir='ltr'><strong>emissum</strong></span> <span class='ocrx_word' id='word_1_48' title='bbox 1766 520 1817 575; x_wconf 87' lang='lat' dir='ltr'><strong>per</strong></span> <span class='ocrx_word' id='word_1_49' title='bbox 1840 504 1933 559; x_wconf 82' lang='lat' dir='ltr'><strong>virtu-</strong></span> 
     </span>
     <span class='ocr_line' id='line_1_5' title="bbox 179 590 1933 671; baseline -0.01 -10"><span class='ocrx_word' id='word_1_50' title='bbox 179 604 491 667; x_wconf 79' lang='lat' dir='ltr'><strong>ncebaliislaedatur,</strong></span> <span class='ocrx_word' id='word_1_51' title='bbox 511 604 598 671; x_wconf 85' lang='lat' dir='ltr'><strong>atque</strong></span> <span class='ocrx_word' id='word_1_52' title='bbox 619 598 805 655; x_wconf 78' lang='lat' dir='ltr'><strong>cadaueribus</strong></span> <span class='ocrx_word' id='word_1_53' title='bbox 826 597 964 667; x_wconf 91' lang='lat' dir='ltr'><strong>pascitur,</strong></span> <span class='ocrx_word' id='word_1_54' title='bbox 998 602 1026 649; x_wconf 91' lang='lat' dir='ltr'><strong>et</strong></span> <span class='ocrx_word' id='word_1_55' title='bbox 1079 598 1137 649; x_wconf 87' lang='lat' dir='ltr'><strong>tem</strong></span> <span class='ocrx_word' id='word_1_56' title='bbox 1161 593 1289 664; x_wconf 87' lang='lat' dir='ltr'><strong>ejusdem</strong></span> <span class='ocrx_word' id='word_1_57' title='bbox 1314 592 1408 647; x_wconf 86' lang='lat' dir='ltr'><strong>cordis</strong></span> <span class='ocrx_word' id='word_1_58' title='bbox 1430 597 1459 647; x_wconf 93' lang='lat' dir='ltr'><strong>et</strong></span> <span class='ocrx_word' id='word_1_59' title='bbox 1483 592 1605 647; x_wconf 79' lang='lat' dir='ltr'><strong>cervinae</strong></span> <span class='ocrx_word' id='word_1_60' title='bbox 1633 590 1777 663; x_wconf 78' lang='lat' dir='ltr'><strong>corrigite,</strong></span> <span class='ocrx_word' id='word_1_61' title='bbox 1803 592 1874 663; x_wconf 85' lang='lat' dir='ltr'><strong>quia</strong></span> <span class='ocrx_word' id='word_1_62' title='bbox 1902 598 1933 645; x_wconf 89' lang='lat' dir='ltr'><strong>et</strong></span> 
     </span>
     <span class='ocr_line' id='line_1_6' title="bbox 179 676 1931 757; baseline -0.008 -9"><span class='ocrx_word' id='word_1_63' title='bbox 179 694 264 749; x_wconf 87' lang='lat' dir='ltr'><strong>etiarn</strong></span> <span class='ocrx_word' id='word_1_64' title='bbox 287 693 323 747; x_wconf 93' lang='lat' dir='ltr'><strong>de</strong></span> <span class='ocrx_word' id='word_1_65' title='bbox 343 696 420 747; x_wconf 88' lang='lat' dir='ltr'><strong>terra</strong></span> <span class='ocrx_word' id='word_1_66' title='bbox 444 691 493 745; x_wconf 90' lang='lat' dir='ltr'><strong>illa</strong></span> <span class='ocrx_word' id='word_1_67' title='bbox 513 688 659 744; x_wconf 88' lang='lat' dir='ltr'><strong>interdum</strong></span> <span class='ocrx_word' id='word_1_68' title='bbox 684 687 769 754; x_wconf 85' lang='lat' dir='ltr'><strong>iuret,</strong></span> <span class='ocrx_word' id='word_1_69' title='bbox 795 702 860 757; x_wconf 82' lang='lat' dir='ltr'><strong>quoe</strong></span> <span class='ocrx_word' id='word_1_70' title='bbox 884 684 1025 755; x_wconf 81' lang='lat' dir='ltr'><strong>sunguine</strong></span> <span class='ocrx_word' id='word_1_71' title='bbox 1079 676 1156 737; x_wconf 81' lang='lat' dir='ltr'><strong>idern</strong></span> <span class='ocrx_word' id='word_1_72' title='bbox 1173 680 1370 736; x_wconf 85' lang='lat' dir='ltr'><strong>aercirceille</strong></span> <span class='ocrx_word' id='word_1_73' title='bbox 1384 685 1516 735; x_wconf 85' lang='lat' dir='ltr'><strong>versatur</strong></span> <span class='ocrx_word' id='word_1_74' title='bbox 1531 678 1660 751; x_wconf 81' lang='lat' dir='ltr'><strong>depellit.</strong></span> <span class='ocrx_word' id='word_1_75' title='bbox 1677 678 1749 733; x_wconf 89' lang='lat' dir='ltr'><strong>Nam</strong></span> <span class='ocrx_word' id='word_1_76' title='bbox 1770 679 1931 735; x_wconf 86' lang='lat' dir='ltr'><strong>cumidem</strong></span> 
     </span>
     <span class='ocr_line' id='line_1_7' title="bbox 179 768 1931 850; baseline -0.007 -14"><span class='ocrx_word' id='word_1_77' title='bbox 179 782 349 837; x_wconf 80' lang='lat' dir='ltr'><strong>spirantium</strong></span> <span class='ocrx_word' id='word_1_78' title='bbox 367 777 561 850; x_wconf 79' lang='lat' dir='ltr'><strong>perfunditur,</strong></span> <span class='ocrx_word' id='word_1_79' title='bbox 582 775 691 831; x_wconf 84' lang='lat' dir='ltr'><strong>scilicet</strong></span> <span class='ocrx_word' id='word_1_80' title='bbox 712 774 763 829; x_wconf 89' lang='lat' dir='ltr'><strong>ubi</strong></span> <span class='ocrx_word' id='word_1_81' title='bbox 794 773 931 828; x_wconf 84' lang='lat' dir='ltr'><strong>animalia</strong></span> <span class='ocrx_word' id='word_1_82' title='bbox 953 774 1026 827; x_wconf 89' lang='lat' dir='ltr'><strong>occi·</strong></span> <span class='ocrx_word' id='word_1_83' title='bbox 1079 786 1130 827; x_wconf 89' lang='lat' dir='ltr'><strong>aer</strong></span> <span class='ocrx_word' id='word_1_84' title='bbox 1158 785 1301 824; x_wconf 82' lang='lat' dir='ltr'><strong>renonum</strong></span> <span class='ocrx_word' id='word_1_85' title='bbox 1333 770 1433 823; x_wconf 80' lang='lat' dir='ltr'><strong>adesse</strong></span> <span class='ocrx_word' id='word_1_86' title='bbox 1463 768 1595 835; x_wconf 77' lang='lat' dir='ltr'>senserit,</span> <span class='ocrx_word' id='word_1_87' title='bbox 1631 773 1750 840; x_wconf 91' lang='lat' dir='ltr'><strong>propter</strong></span> <span class='ocrx_word' id='word_1_88' title='bbox 1791 768 1931 823; x_wconf 77' lang='lat' dir='ltr'><strong>virtutem</strong></span> 
     </span>
     <span class='ocr_line' id='line_1_8' title="bbox 179 855 1931 937; baseline -0.008 -13"><span class='ocrx_word' id='word_1_89' title='bbox 179 869 362 937; x_wconf 83' lang='lat' dir='ltr'><strong>deuterii).</strong></span> <span class='ocrx_word' id='word_1_90' title='bbox 390 867 461 921; x_wconf 84' lang='lat' dir='ltr'><strong>Caro</strong></span> <span class='ocrx_word' id='word_1_91' title='bbox 488 869 586 921; x_wconf 84' lang='lat' dir='ltr'><strong>autem</strong></span> <span class='ocrx_word' id='word_1_92' title='bbox 612 862 674 934; x_wconf 83' lang='lat' dir='ltr'><strong>ejus</strong></span> <span class='ocrx_word' id='word_1_93' title='bbox 701 862 814 917; x_wconf 89' lang='lat' dir='ltr'><strong>comedi</strong></span> <span class='ocrx_word' id='word_1_94' title='bbox 842 877 900 916; x_wconf 87' lang='lat' dir='ltr'><strong>uon</strong></span> <span class='ocrx_word' id='word_1_95' title='bbox 927 860 1024 929; x_wconf 88' lang='lat' dir='ltr'><strong>debet,</strong></span> <span class='ocrx_word' id='word_1_96' title='bbox 1080 858 1208 930; x_wconf 72' lang='lat' dir='ltr'><strong>predicti</strong></span> <span class='ocrx_word' id='word_1_97' title='bbox 1232 856 1326 913; x_wconf 91' lang='lat' dir='ltr'><strong>cordis</strong></span> <span class='ocrx_word' id='word_1_98' title='bbox 1349 862 1379 913; x_wconf 86' lang='lat' dir='ltr'><strong>el</strong></span> <span class='ocrx_word' id='word_1_99' title='bbox 1406 857 1538 927; x_wconf 76' lang='lat' dir='ltr'><strong>corrigite</strong></span> <span class='ocrx_word' id='word_1_100' title='bbox 1567 855 1716 912; x_wconf 88' lang='lat' dir='ltr'><strong>hominem</strong></span> <span class='ocrx_word' id='word_1_101' title='bbox 1738 856 1774 911; x_wconf 87' lang='lat' dir='ltr'><strong>ad</strong></span> <span class='ocrx_word' id='word_1_102' title='bbox 1796 856 1931 929; x_wconf 87' lang='lat' dir='ltr'><strong>trepida-</strong></span> 
     </span>
    </p>
   </div>
   <div class='ocr_carea' id='block_1_3' title="bbox 74 944 1930 1029">
    <p class='ocr_par' dir='ltr' id='par_1_3' title="bbox 74 944 1930 1029">
     <span class='ocr_line' id='line_1_9' title="bbox 74 944 1930 1029; baseline -0.007 -17"><span class='ocrx_word' id='word_1_103' title='bbox 74 978 77 981; x_wconf 89' lang='lat'><strong>·</strong></span> <span class='ocrx_word' id='word_1_104' title='bbox 178 956 248 1029; x_wconf 87' lang='lat' dir='ltr'><strong>quia</strong></span> <span class='ocrx_word' id='word_1_105' title='bbox 262 954 405 1027; x_wconf 80' lang='lat' dir='ltr'><strong>frigiditas</strong></span> <span class='ocrx_word' id='word_1_106' title='bbox 423 969 487 1024; x_wconf 73' lang='lat' dir='ltr'><strong>qua</strong></span> <span class='ocrx_word' id='word_1_107' title='bbox 515 952 546 1007; x_wconf 91' lang='lat' dir='ltr'><strong>iu</strong></span> <span class='ocrx_word' id='word_1_108' title='bbox 570 967 605 1007; x_wconf 88' lang='lat' dir='ltr'><strong>co</strong></span> <span class='ocrx_word' id='word_1_109' title='bbox 634 955 679 1005; x_wconf 88' lang='lat' dir='ltr'><strong>cst</strong></span> <span class='ocrx_word' id='word_1_110' title='bbox 703 951 744 1020; x_wconf 75' lang='lat'><strong>(2)</strong></span> <span class='ocrx_word' id='word_1_111' title='bbox 771 949 883 1004; x_wconf 90' lang='lat' dir='ltr'><strong>homini</strong></span> <span class='ocrx_word' id='word_1_112' title='bbox 911 950 940 1005; x_wconf 91' lang='lat' dir='ltr'><strong>in</strong></span> <span class='ocrx_word' id='word_1_113' title='bbox 963 948 1026 1003; x_wconf 87' lang='lat' dir='ltr'><strong>cibo</strong></span> <span class='ocrx_word' id='word_1_114' title='bbox 1079 946 1188 1000; x_wconf 88' lang='lat' dir='ltr'><strong>tionem</strong></span> <span class='ocrx_word' id='word_1_115' title='bbox 1204 949 1373 1011; x_wconf 87' lang='lat' dir='ltr'><strong>commoret,</strong></span> <span class='ocrx_word' id='word_1_116' title='bbox 1398 950 1432 999; x_wconf 89' lang='lat' dir='ltr'><strong>ut</strong></span> <span class='ocrx_word' id='word_1_117' title='bbox 1448 960 1512 999; x_wconf 89' lang='lat' dir='ltr'><strong>enm</strong></span> <span class='ocrx_word' id='word_1_118' title='bbox 1540 944 1575 999; x_wconf 87' lang='lat' dir='ltr'><strong>de</strong></span> <span class='ocrx_word' id='word_1_119' title='bbox 1599 944 1684 1000; x_wconf 82' lang='lat' dir='ltr'><strong>bouis</strong></span> <span class='ocrx_word' id='word_1_120' title='bbox 1709 944 1845 1016; x_wconf 74' lang='lat' dir='ltr'>operibus</span> <span class='ocrx_word' id='word_1_121' title='bbox 1867 944 1930 999; x_wconf 87' lang='lat' dir='ltr'><strong>loca</strong></span> 
     </span>
    </p>
   </div>
   <div class='ocr_carea' id='block_1_4' title="bbox 112 1032 1930 3578">
    <p class='ocr_par' dir='ltr' id='par_1_4' title="bbox 176 1032 1930 1642">
     <span class='ocr_line' id='line_1_10' title="bbox 178 1032 1929 1104; baseline -0.007 -4"><span class='ocrx_word' id='word_1_122' title='bbox 178 1043 326 1100; x_wconf 80' lang='lat' dir='ltr'><strong>mortifera</strong></span> <span class='ocrx_word' id='word_1_123' title='bbox 340 1046 424 1097; x_wconf 81' lang='lat' dir='ltr'><strong>esset</strong></span> <span class='ocrx_word' id='word_1_124' title='bbox 452 1040 507 1098; x_wconf 84' lang='lat' dir='ltr'><strong>Sed</strong></span> <span class='ocrx_word' id='word_1_125' title='bbox 529 1040 679 1095; x_wconf 88' lang='lat' dir='ltr'><strong>cerebrum</strong></span> <span class='ocrx_word' id='word_1_126' title='bbox 702 1038 824 1093; x_wconf 80' lang='lat' dir='ltr'><strong>vulturis</strong></span> <span class='ocrx_word' id='word_1_127' title='bbox 848 1038 921 1093; x_wconf 88' lang='lat' dir='ltr'><strong>hanc</strong></span> <span class='ocrx_word' id='word_1_128' title='bbox 942 1043 1026 1091; x_wconf 89' lang='lat' dir='ltr'><strong>natu·</strong></span> <span class='ocrx_word' id='word_1_129' title='bbox 1080 1033 1253 1088; x_wconf 90' lang='lat' dir='ltr'><strong>ethomines</strong></span> <span class='ocrx_word' id='word_1_130' title='bbox 1279 1034 1308 1087; x_wconf 92' lang='lat' dir='ltr'><strong>in</strong></span> <span class='ocrx_word' id='word_1_131' title='bbox 1333 1032 1589 1088; x_wconf 82' lang='lat' dir='ltr'><strong>sanctificationem</strong></span> <span class='ocrx_word' id='word_1_132' title='bbox 1608 1032 1681 1089; x_wconf 91' lang='lat' dir='ltr'><strong>etin</strong></span> <span class='ocrx_word' id='word_1_133' title='bbox 1705 1032 1929 1104; x_wconf 69' lang='lat' dir='ltr'><strong>prosperitatem</strong></span> 
     </span>
     <span class='ocr_line' id='line_1_11' title="bbox 176 1119 1930 1201; baseline -0.007 -13"><span class='ocrx_word' id='word_1_134' title='bbox 176 1148 240 1188; x_wconf 87' lang='lat' dir='ltr'><strong>ram</strong></span> <span class='ocrx_word' id='word_1_135' title='bbox 256 1130 352 1199; x_wconf 87' lang='lat' dir='ltr'><strong>habet,</strong></span> <span class='ocrx_word' id='word_1_136' title='bbox 373 1129 444 1185; x_wconf 87' lang='lat' dir='ltr'><strong>dnm</strong></span> <span class='ocrx_word' id='word_1_137' title='bbox 465 1128 527 1201; x_wconf 88' lang='lat' dir='ltr'><strong>ipse</strong></span> <span class='ocrx_word' id='word_1_138' title='bbox 550 1127 646 1182; x_wconf 84' lang='lat' dir='ltr'><strong>vultur</strong></span> <span class='ocrx_word' id='word_1_139' title='bbox 668 1125 745 1194; x_wconf 86' lang='lat' dir='ltr'><strong>vivit,</strong></span> <span class='ocrx_word' id='word_1_140' title='bbox 762 1129 795 1180; x_wconf 88' lang='lat' dir='ltr'><strong>ut</strong></span> <span class='ocrx_word' id='word_1_141' title='bbox 817 1124 1026 1180; x_wconf 89' lang='lat' dir='ltr'><strong>sihomoillud</strong></span> <span class='ocrx_word' id='word_1_142' title='bbox 1080 1120 1235 1189; x_wconf 88' lang='lat' dir='ltr'><strong>ducuntur,</strong></span> <span class='ocrx_word' id='word_1_143' title='bbox 1259 1126 1288 1175; x_wconf 92' lang='lat' dir='ltr'><strong>et</strong></span> <span class='ocrx_word' id='word_1_144' title='bbox 1310 1125 1344 1175; x_wconf 85' lang='lat' dir='ltr'><strong>ul</strong></span> <span class='ocrx_word' id='word_1_145' title='bbox 1366 1120 1402 1175; x_wconf 91' lang='lat' dir='ltr'><strong>de</strong></span> <span class='ocrx_word' id='word_1_146' title='bbox 1426 1119 1510 1176; x_wconf 88' lang='lat' dir='ltr'><strong>malis</strong></span> <span class='ocrx_word' id='word_1_147' title='bbox 1532 1120 1668 1192; x_wconf 84' lang='lat' dir='ltr'>operibus</span> <span class='ocrx_word' id='word_1_148' title='bbox 1698 1119 1728 1175; x_wconf 93' lang='lat' dir='ltr'><strong>in</strong></span> <span class='ocrx_word' id='word_1_149' title='bbox 1744 1120 1879 1175; x_wconf 88' lang='lat' dir='ltr'><strong>scandala</strong></span> <span class='ocrx_word' id='word_1_150' title='bbox 1903 1128 1930 1175; x_wconf 89' lang='lat' dir='ltr'><strong>et</strong></span> 
     </span>
     <span class='ocr_line' id='line_1_12' title="bbox 177 1206 1930 1290; baseline -0.006 -16"><span class='ocrx_word' id='word_1_151' title='bbox 177 1220 380 1290; x_wconf 89' lang='lat' dir='ltr'><strong>incorruptum</strong></span> <span class='ocrx_word' id='word_1_152' title='bbox 409 1216 516 1271; x_wconf 89' lang='lat' dir='ltr'><strong>habere</strong></span> <span class='ocrx_word' id='word_1_153' title='bbox 545 1220 653 1287; x_wconf 87' lang='lat' dir='ltr'><strong>posset,</strong></span> <span class='ocrx_word' id='word_1_154' title='bbox 684 1229 802 1270; x_wconf 89' lang='lat' dir='ltr'><strong>omnem</strong></span> <span class='ocrx_word' id='word_1_155' title='bbox 825 1212 1025 1268; x_wconf 86' lang='lat' dir='ltr'><strong>infirmitatem</strong></span> <span class='ocrx_word' id='word_1_156' title='bbox 1079 1206 1110 1263; x_wconf 93' lang='lat' dir='ltr'><strong>in</strong></span> <span class='ocrx_word' id='word_1_157' title='bbox 1126 1210 1272 1265; x_wconf 80' lang='lat' dir='ltr'><strong>laesionem</strong></span> <span class='ocrx_word' id='word_1_158' title='bbox 1293 1208 1333 1263; x_wconf 91' lang='lat' dir='ltr'><strong>sic</strong></span> <span class='ocrx_word' id='word_1_159' title='bbox 1357 1207 1445 1263; x_wconf 89' lang='lat' dir='ltr'><strong>etiam</strong></span> <span class='ocrx_word' id='word_1_160' title='bbox 1472 1212 1634 1263; x_wconf 82' lang='lat' dir='ltr'><strong>vertrrntur.</strong></span> <span class='ocrx_word' id='word_1_161' title='bbox 1658 1208 1712 1263; x_wconf 88' lang='lat' dir='ltr'><strong>Sed</strong></span> <span class='ocrx_word' id='word_1_162' title='bbox 1737 1223 1803 1263; x_wconf 87' lang='lat' dir='ltr'><strong>curn</strong></span> <span class='ocrx_word' id='word_1_163' title='bbox 1830 1208 1930 1263; x_wconf 82' lang='lat' dir='ltr'><strong>vultur</strong></span> 
     </span>
     <span class='ocr_line' id='line_1_13' title="bbox 179 1296 1927 1379; baseline -0.005 -17"><span class='ocrx_word' id='word_1_164' title='bbox 179 1311 283 1379; x_wconf 83' lang='lat' dir='ltr'><strong>praeter</strong></span> <span class='ocrx_word' id='word_1_165' title='bbox 299 1310 420 1361; x_wconf 92' lang='lat' dir='ltr'><strong>mortem</strong></span> <span class='ocrx_word' id='word_1_166' title='bbox 436 1322 452 1359; x_wconf 91' lang='lat' dir='ltr'><strong>a</strong></span> <span class='ocrx_word' id='word_1_167' title='bbox 473 1320 504 1360; x_wconf 92' lang='lat' dir='ltr'><strong>se</strong></span> <span class='ocrx_word' id='word_1_168' title='bbox 520 1303 689 1373; x_wconf 85' lang='lat' dir='ltr'><strong>depelleret.</strong></span> <span class='ocrx_word' id='word_1_169' title='bbox 712 1302 767 1358; x_wconf 89' lang='lat' dir='ltr'><strong>Sed</strong></span> <span class='ocrx_word' id='word_1_170' title='bbox 782 1303 869 1357; x_wconf 86' lang='lat' dir='ltr'><strong>homo</strong></span> <span class='ocrx_word' id='word_1_171' title='bbox 887 1301 958 1356; x_wconf 93' lang='lat' dir='ltr'><strong>illud</strong></span> <span class='ocrx_word' id='word_1_172' title='bbox 980 1300 1026 1355; x_wconf 93' lang='lat' dir='ltr'><strong>in·</strong></span> <span class='ocrx_word' id='word_1_173' title='bbox 1080 1296 1224 1368; x_wconf 78' lang='lat' dir='ltr'><strong>coquitur,</strong></span> <span class='ocrx_word' id='word_1_174' title='bbox 1239 1297 1355 1352; x_wconf 89' lang='lat' dir='ltr'><strong>oculum</strong></span> <span class='ocrx_word' id='word_1_175' title='bbox 1369 1296 1431 1367; x_wconf 87' lang='lat' dir='ltr'><strong>ejus</strong></span> <span class='ocrx_word' id='word_1_176' title='bbox 1459 1296 1490 1350; x_wconf 93' lang='lat' dir='ltr'><strong>in</strong></span> <span class='ocrx_word' id='word_1_177' title='bbox 1504 1296 1591 1351; x_wconf 91' lang='lat' dir='ltr'><strong>anulo</strong></span> <span class='ocrx_word' id='word_1_178' title='bbox 1607 1296 1737 1365; x_wconf 80' lang='lat' dir='ltr'><strong>besmede,</strong></span> <span class='ocrx_word' id='word_1_179' title='bbox 1753 1302 1781 1353; x_wconf 90' lang='lat' dir='ltr'><strong>et</strong></span> <span class='ocrx_word' id='word_1_180' title='bbox 1805 1297 1830 1351; x_wconf 89' lang='lat' dir='ltr'><strong>si</strong></span> <span class='ocrx_word' id='word_1_181' title='bbox 1843 1296 1927 1353; x_wconf 91' lang='lat' dir='ltr'><strong>illum</strong></span> 
     </span>
     <span class='ocr_line' id='line_1_14' title="bbox 177 1383 1928 1466; baseline -0.005 -17"><span class='ocrx_word' id='word_1_182' title='bbox 177 1400 345 1466; x_wconf 88' lang='lat' dir='ltr'><strong>corruptum</strong></span> <span class='ocrx_word' id='word_1_183' title='bbox 367 1393 473 1449; x_wconf 89' lang='lat' dir='ltr'><strong>habere</strong></span> <span class='ocrx_word' id='word_1_184' title='bbox 496 1408 555 1447; x_wconf 94' lang='lat' dir='ltr'><strong>non</strong></span> <span class='ocrx_word' id='word_1_185' title='bbox 576 1395 678 1464; x_wconf 76' lang='lat' dir='ltr'><strong>potest</strong></span> <span class='ocrx_word' id='word_1_186' title='bbox 702 1390 770 1462; x_wconf 88' lang='lat' dir='ltr'><strong>qnia</strong></span> <span class='ocrx_word' id='word_1_187' title='bbox 800 1404 865 1445; x_wconf 89' lang='lat' dir='ltr'><strong>cnm</strong></span> <span class='ocrx_word' id='word_1_188' title='bbox 889 1404 966 1443; x_wconf 88' lang='lat' dir='ltr'><strong>mors</strong></span> <span class='ocrx_word' id='word_1_189' title='bbox 987 1390 1025 1456; x_wconf 88' lang='grc'><strong>(3)</strong></span> <span class='ocrx_word' id='word_1_190' title='bbox 1080 1386 1110 1440; x_wconf 92' lang='lat' dir='ltr'><strong>iu</strong></span> <span class='ocrx_word' id='word_1_191' title='bbox 1134 1385 1227 1455; x_wconf 81' lang='lat' dir='ltr'><strong>digito</strong></span> <span class='ocrx_word' id='word_1_192' title='bbox 1248 1384 1420 1455; x_wconf 82' lang='lat' dir='ltr'><strong>portaveris,</strong></span> <span class='ocrx_word' id='word_1_193' title='bbox 1454 1383 1599 1457; x_wconf 77' lang='lat' dir='ltr'><strong>paralisim</strong></span> <span class='ocrx_word' id='word_1_194' title='bbox 1620 1390 1649 1439; x_wconf 90' lang='lat' dir='ltr'><strong>et</strong></span> <span class='ocrx_word' id='word_1_195' title='bbox 1668 1385 1779 1456; x_wconf 84' lang='lat' dir='ltr'><strong>gichta</strong></span> <span class='ocrx_word' id='word_1_196' title='bbox 1800 1391 1830 1440; x_wconf 90' lang='lat' dir='ltr'><strong>te</strong></span> <span class='ocrx_word' id='word_1_197' title='bbox 1852 1401 1928 1441; x_wconf 91' lang='lat' dir='ltr'><strong>com·</strong></span> 
     </span>
     <span class='ocr_line' id='line_1_15' title="bbox 176 1472 1926 1551; baseline -0.004 -15"><span class='ocrx_word' id='word_1_198' title='bbox 176 1485 324 1538; x_wconf 85' lang='lat' dir='ltr'><strong>volucrem</strong></span> <span class='ocrx_word' id='word_1_199' title='bbox 335 1482 418 1537; x_wconf 90' lang='lat' dir='ltr'><strong>illum</strong></span> <span class='ocrx_word' id='word_1_200' title='bbox 433 1481 530 1551; x_wconf 82' lang='lat' dir='ltr'><strong>aliquo</strong></span> <span class='ocrx_word' id='word_1_201' title='bbox 547 1480 632 1535; x_wconf 92' lang='lat' dir='ltr'><strong>modo</strong></span> <span class='ocrx_word' id='word_1_202' title='bbox 645 1479 763 1546; x_wconf 83' lang='lat' dir='ltr'><strong>invadit,</strong></span> <span class='ocrx_word' id='word_1_203' title='bbox 778 1479 817 1533; x_wconf 85' lang='lat' dir='ltr'><strong>ita</strong></span> <span class='ocrx_word' id='word_1_204' title='bbox 831 1477 909 1550; x_wconf 83' lang='lat' dir='ltr'><strong>qnod</strong></span> <span class='ocrx_word' id='word_1_205' title='bbox 931 1477 1027 1532; x_wconf 77' lang='lat' dir='ltr'><strong>vitalis</strong></span> <span class='ocrx_word' id='word_1_206' title='bbox 1082 1473 1179 1546; x_wconf 86' lang='lat' dir='ltr'><strong>pascit.</strong></span> <span class='ocrx_word' id='word_1_207' title='bbox 1199 1474 1300 1529; x_wconf 88' lang='lat' dir='ltr'><strong>Pulmo</strong></span> <span class='ocrx_word' id='word_1_208' title='bbox 1325 1478 1354 1529; x_wconf 91' lang='lat' dir='ltr'><strong>et</strong></span> <span class='ocrx_word' id='word_1_209' title='bbox 1376 1488 1478 1545; x_wconf 80' lang='lat' dir='ltr'><strong>pennae</strong></span> <span class='ocrx_word' id='word_1_210' title='bbox 1503 1472 1538 1529; x_wconf 88' lang='lat' dir='ltr'><strong>ad</strong></span> <span class='ocrx_word' id='word_1_211' title='bbox 1562 1473 1771 1529; x_wconf 86' lang='lat' dir='ltr'><strong>medicamenta</strong></span> <span class='ocrx_word' id='word_1_212' title='bbox 1795 1489 1851 1529; x_wconf 92' lang='lat' dir='ltr'><strong>non</strong></span> <span class='ocrx_word' id='word_1_213' title='bbox 1878 1491 1926 1529; x_wconf 84' lang='lat' dir='ltr'><strong>ve·</strong></span> 
     </span>
     <span class='ocr_line' id='line_1_16' title="bbox 179 1562 1150 1642; baseline -0.01 -14"><span class='ocrx_word' id='word_1_214' title='bbox 179 1588 230 1627; x_wconf 88' lang='lat' dir='ltr'><strong>aer</strong></span> <span class='ocrx_word' id='word_1_215' title='bbox 246 1572 283 1627; x_wconf 93' lang='lat' dir='ltr'><strong>ab</strong></span> <span class='ocrx_word' id='word_1_216' title='bbox 297 1587 332 1625; x_wconf 93' lang='lat' dir='ltr'><strong>eo</strong></span> <span class='ocrx_word' id='word_1_217' title='bbox 348 1570 504 1642; x_wconf 88' lang='lat' dir='ltr'><strong>egreditur,</strong></span> <span class='ocrx_word' id='word_1_218' title='bbox 520 1570 583 1639; x_wconf 91' lang='lat' dir='ltr'><strong>ipso</strong></span> <span class='ocrx_word' id='word_1_219' title='bbox 597 1567 738 1623; x_wconf 89' lang='lat' dir='ltr'><strong>moriente</strong></span> <span class='ocrx_word' id='word_1_220' title='bbox 763 1566 897 1638; x_wconf 90' lang='lat' dir='ltr'><strong>pellicula</strong></span> <span class='ocrx_word' id='word_1_221' title='bbox 916 1565 1026 1619; x_wconf 90' lang='lat' dir='ltr'><strong>cerebri</strong></span> <span class='ocrx_word' id='word_1_222' title='bbox 1080 1562 1150 1618; x_wconf 91' lang='lat' dir='ltr'><strong>lent.</strong></span> 
     </span>
    </p>

    <p class='ocr_par' dir='ltr' id='par_1_5' title="bbox 112 1628 1928 3578">
     <span class='ocr_line' id='line_1_17' title="bbox 177 1628 1827 1732; baseline -0.007 -16"><span class='ocrx_word' id='word_1_223' title='bbox 177 1660 332 1732; x_wconf 78' lang='lat' dir='ltr'><strong>frangitur,</strong></span> <span class='ocrx_word' id='word_1_224' title='bbox 354 1664 383 1713; x_wconf 85' lang='lat' dir='ltr'><strong>et</strong></span> <span class='ocrx_word' id='word_1_225' title='bbox 406 1673 474 1713; x_wconf 83' lang='lat' dir='ltr'><strong>mox</strong></span> <span class='ocrx_word' id='word_1_226' title='bbox 502 1657 654 1711; x_wconf 91' lang='lat' dir='ltr'><strong>cerebrum</strong></span> <span class='ocrx_word' id='word_1_227' title='bbox 677 1654 842 1727; x_wconf 87' lang='lat' dir='ltr'><strong>dissipatur,</strong></span> <span class='ocrx_word' id='word_1_228' title='bbox 879 1654 919 1708; x_wconf 87' lang='lat' dir='ltr'><strong>ita</strong></span> <span class='ocrx_word' id='word_1_229' title='bbox 948 1628 1066 1726; x_wconf 71' lang='lat' dir='ltr'><strong>qnodss</strong></span> <span class='ocrx_word' id='word_1_230' title='bbox 1179 1651 1244 1706; x_wconf 79' lang='lat' dir='ltr'><strong>Ger.</strong></span> <span class='ocrx_word' id='word_1_231' title='bbox 1265 1650 1387 1705; x_wconf 87' lang='lat' dir='ltr'><strong>Vlll.-</strong></span> <span class='ocrx_word' id='word_1_232' title='bbox 1407 1650 1447 1704; x_wconf 86' lang='lat' dir='ltr'><strong>Da</strong></span> <span class='ocrx_word' id='word_1_233' title='bbox 1465 1650 1572 1710; x_wconf 76' lang='lat' dir='ltr'><strong>donica</strong></span> <span class='ocrx_word' id='word_1_234' title='bbox 1590 1648 1629 1721; x_wconf 82' lang='grc'><strong>(3)</strong></span> <span class='ocrx_word' id='word_1_235' title='bbox 1651 1647 1708 1722; x_wconf 88' lang='lat' dir='ltr'><strong>[1v,</strong></span> <span class='ocrx_word' id='word_1_236' title='bbox 1729 1666 1759 1717; x_wconf 84' lang='lat' dir='ltr'><strong>rr,</strong></span> <span class='ocrx_word' id='word_1_237' title='bbox 1775 1651 1827 1722; x_wconf 83' lang='grc'>18].</span> 
     </span>
     <span class='ocr_line' id='line_1_18' title="bbox 177 1737 1926 1811; baseline -0.005 -10"><span class='ocrx_word' id='word_1_238' title='bbox 177 1750 314 1804; x_wconf 81' lang='lat' dir='ltr'><strong>eirtntem</strong></span> <span class='ocrx_word' id='word_1_239' title='bbox 338 1762 419 1801; x_wconf 89' lang='lat' dir='ltr'><strong>suam</strong></span> <span class='ocrx_word' id='word_1_240' title='bbox 441 1746 558 1800; x_wconf 87' lang='lat' dir='ltr'><strong>amittit.</strong></span> <span class='ocrx_word' id='word_1_241' title='bbox 583 1744 637 1799; x_wconf 82' lang='lat' dir='ltr'><strong>Sed</strong></span> <span class='ocrx_word' id='word_1_242' title='bbox 659 1758 724 1798; x_wconf 92' lang='lat' dir='ltr'><strong>cum</strong></span> <span class='ocrx_word' id='word_1_243' title='bbox 745 1743 889 1797; x_wconf 81' lang='lat' dir='ltr'><strong>vulturem</strong></span> <span class='ocrx_word' id='word_1_244' title='bbox 912 1741 1026 1810; x_wconf 87' lang='lat' dir='ltr'><strong>occidis,</strong></span> <span class='ocrx_word' id='word_1_245' title='bbox 1116 1737 1220 1811; x_wconf 80' lang='lat' dir='ltr'><strong>riquila</strong></span> <span class='ocrx_word' id='word_1_246' title='bbox 1239 1738 1321 1794; x_wconf 80' lang='lat' dir='ltr'><strong>raldo</strong></span> <span class='ocrx_word' id='word_1_247' title='bbox 1342 1737 1436 1793; x_wconf 87' lang='lat' dir='ltr'><strong>calida</strong></span> <span class='ocrx_word' id='word_1_248' title='bbox 1473 1743 1525 1806; x_wconf 93' lang='lat' dir='ltr'><strong>est,</strong></span> <span class='ocrx_word' id='word_1_249' title='bbox 1545 1738 1623 1792; x_wconf 81' lang='lat' dir='ltr'><strong>reiut</strong></span> <span class='ocrx_word' id='word_1_250' title='bbox 1645 1740 1732 1808; x_wconf 87' lang='lat' dir='ltr'><strong>ignea</strong></span> <span class='ocrx_word' id='word_1_251' title='bbox 1758 1738 1795 1792; x_wconf 91' lang='lat' dir='ltr'><strong>sit</strong></span> <span class='ocrx_word' id='word_1_252' title='bbox 1821 1739 1873 1811; x_wconf 76' lang='grc'>(7),</span> <span class='ocrx_word' id='word_1_253' title='bbox 1900 1744 1926 1793; x_wconf 89' lang='lat' dir='ltr'><strong>el</strong></span> 
     </span>
     <span class='ocr_line' id='line_1_19' title="bbox 178 1824 1927 1904; baseline -0.005 -13"><span class='ocrx_word' id='word_1_254' title='bbox 178 1852 245 1891; x_wconf 87' lang='lat' dir='ltr'><strong>cum</strong></span> <span class='ocrx_word' id='word_1_255' title='bbox 257 1835 351 1891; x_wconf 87' lang='lat' dir='ltr'><strong>adhuc</strong></span> <span class='ocrx_word' id='word_1_256' title='bbox 365 1833 474 1889; x_wconf 85' lang='lat' dir='ltr'><strong>calidus</strong></span> <span class='ocrx_word' id='word_1_257' title='bbox 491 1836 542 1900; x_wconf 89' lang='lat' dir='ltr'><strong>est,</strong></span> <span class='ocrx_word' id='word_1_258' title='bbox 558 1848 668 1904; x_wconf 91' lang='lat' dir='ltr'><strong>pennas</strong></span> <span class='ocrx_word' id='word_1_259' title='bbox 682 1832 745 1902; x_wconf 89' lang='lat' dir='ltr'><strong>ejus</strong></span> <span class='ocrx_word' id='word_1_260' title='bbox 762 1832 853 1895; x_wconf 88' lang='lat' dir='ltr'><strong>auter,</strong></span> <span class='ocrx_word' id='word_1_261' title='bbox 876 1835 905 1885; x_wconf 85' lang='lat' dir='ltr'><strong>et</strong></span> <span class='ocrx_word' id='word_1_262' title='bbox 925 1846 1028 1902; x_wconf 91' lang='lat' dir='ltr'><strong>eorpus</strong></span> <span class='ocrx_word' id='word_1_263' title='bbox 1081 1826 1158 1882; x_wconf 91' lang='lat' dir='ltr'><strong>oculi</strong></span> <span class='ocrx_word' id='word_1_264' title='bbox 1169 1827 1231 1896; x_wconf 88' lang='lat' dir='ltr'><strong>ejus</strong></span> <span class='ocrx_word' id='word_1_265' title='bbox 1246 1826 1338 1896; x_wconf 89' lang='lat' dir='ltr'><strong>magis</strong></span> <span class='ocrx_word' id='word_1_266' title='bbox 1362 1824 1442 1896; x_wconf 88' lang='lat' dir='ltr'><strong>ignei</strong></span> <span class='ocrx_word' id='word_1_267' title='bbox 1464 1828 1532 1880; x_wconf 92' lang='lat' dir='ltr'><strong>sunt</strong></span> <span class='ocrx_word' id='word_1_268' title='bbox 1553 1840 1640 1896; x_wconf 88' lang='lat' dir='ltr'><strong>quam</strong></span> <span class='ocrx_word' id='word_1_269' title='bbox 1663 1826 1775 1897; x_wconf 78' lang='lat' dir='ltr'><strong>aquosi,</strong></span> <span class='ocrx_word' id='word_1_270' title='bbox 1805 1833 1834 1882; x_wconf 91' lang='lat' dir='ltr'><strong>et</strong></span> <span class='ocrx_word' id='word_1_271' title='bbox 1861 1828 1927 1883; x_wconf 87' lang='lat' dir='ltr'><strong>ideo</strong></span> 
     </span>
     <span class='ocr_line' id='line_1_20' title="bbox 180 1913 1928 1995; baseline -0.006 -15"><span class='ocrx_word' id='word_1_272' title='bbox 180 1925 244 1995; x_wconf 84' lang='lat' dir='ltr'><strong>ejus</strong></span> <span class='ocrx_word' id='word_1_273' title='bbox 267 1923 374 1992; x_wconf 92' lang='lat' dir='ltr'><strong>incide,</strong></span> <span class='ocrx_word' id='word_1_274' title='bbox 391 1927 421 1978; x_wconf 91' lang='lat' dir='ltr'><strong>et</strong></span> <span class='ocrx_word' id='word_1_275' title='bbox 442 1926 556 1977; x_wconf 86' lang='lat' dir='ltr'><strong>tanturn</strong></span> <span class='ocrx_word' id='word_1_276' title='bbox 580 1920 688 1975; x_wconf 82' lang='lat' dir='ltr'><strong>viscera</strong></span> <span class='ocrx_word' id='word_1_277' title='bbox 711 1920 742 1973; x_wconf 93' lang='lat' dir='ltr'><strong>in</strong></span> <span class='ocrx_word' id='word_1_278' title='bbox 772 1919 876 1991; x_wconf 83' lang='lat' dir='ltr'><strong>quibus</strong></span> <span class='ocrx_word' id='word_1_279' title='bbox 903 1923 1027 1973; x_wconf 82' lang='lat' dir='ltr'><strong>stercore</strong></span> <span class='ocrx_word' id='word_1_280' title='bbox 1080 1916 1167 1970; x_wconf 88' lang='lat' dir='ltr'><strong>etiam</strong></span> <span class='ocrx_word' id='word_1_281' title='bbox 1182 1914 1272 1969; x_wconf 89' lang='lat' dir='ltr'><strong>solem</strong></span> <span class='ocrx_word' id='word_1_282' title='bbox 1287 1913 1401 1969; x_wconf 87' lang='lat' dir='ltr'><strong>iortiter</strong></span> <span class='ocrx_word' id='word_1_283' title='bbox 1425 1913 1550 1985; x_wconf 85' lang='lat' dir='ltr'><strong>inspicit.</strong></span> <span class='ocrx_word' id='word_1_284' title='bbox 1565 1913 1600 1968; x_wconf 81' lang='lat' dir='ltr'><strong>lit</strong></span> <span class='ocrx_word' id='word_1_285' title='bbox 1614 1914 1751 1985; x_wconf 84' lang='lat' dir='ltr'><strong>quoniam</strong></span> <span class='ocrx_word' id='word_1_286' title='bbox 1767 1914 1827 1970; x_wconf 82' lang='lat' dir='ltr'><strong>iere</strong></span> <span class='ocrx_word' id='word_1_287' title='bbox 1842 1914 1928 1986; x_wconf 87' lang='lat' dir='ltr'><strong>ignee</strong></span> 
     </span>
     <span class='ocr_line' id='line_1_21' title="bbox 178 2001 1925 2083; baseline -0.005 -16"><span class='ocrx_word' id='word_1_288' title='bbox 178 2020 245 2067; x_wconf 86' lang='lat' dir='ltr'><strong>sant</strong></span> <span class='ocrx_word' id='word_1_289' title='bbox 268 2012 370 2083; x_wconf 86' lang='lat' dir='ltr'><strong>abjice,</strong></span> <span class='ocrx_word' id='word_1_290' title='bbox 393 2014 422 2065; x_wconf 91' lang='lat' dir='ltr'><strong>et</strong></span> <span class='ocrx_word' id='word_1_291' title='bbox 445 2013 538 2065; x_wconf 89' lang='lat' dir='ltr'><strong>totum</strong></span> <span class='ocrx_word' id='word_1_292' title='bbox 570 2008 649 2063; x_wconf 89' lang='lat' dir='ltr'><strong>aliud</strong></span> <span class='ocrx_word' id='word_1_293' title='bbox 679 2022 794 2079; x_wconf 90' lang='lat' dir='ltr'><strong>corpus,</strong></span> <span class='ocrx_word' id='word_1_294' title='bbox 819 2006 927 2062; x_wconf 89' lang='lat' dir='ltr'><strong>scilicet</strong></span> <span class='ocrx_word' id='word_1_295' title='bbox 960 2024 1026 2062; x_wconf 89' lang='lat' dir='ltr'><strong>curn</strong></span> <span class='ocrx_word' id='word_1_296' title='bbox 1081 2007 1133 2069; x_wconf 83' lang='lat' dir='ltr'><strong>cst,</strong></span> <span class='ocrx_word' id='word_1_297' title='bbox 1151 2007 1180 2059; x_wconf 90' lang='lat' dir='ltr'><strong>et</strong></span> <span class='ocrx_word' id='word_1_298' title='bbox 1200 2001 1324 2057; x_wconf 87' lang='lat' dir='ltr'><strong>calorem</strong></span> <span class='ocrx_word' id='word_1_299' title='bbox 1349 2006 1377 2056; x_wconf 88' lang='lat' dir='ltr'><strong>et</strong></span> <span class='ocrx_word' id='word_1_300' title='bbox 1397 2001 1492 2073; x_wconf 82' lang='lat' dir='ltr'><strong>frigus</strong></span> <span class='ocrx_word' id='word_1_301' title='bbox 1510 2001 1572 2074; x_wconf 88' lang='lat' dir='ltr'><strong>pati</strong></span> <span class='ocrx_word' id='word_1_302' title='bbox 1595 2007 1701 2073; x_wconf 88' lang='lat' dir='ltr'><strong>potest,</strong></span> <span class='ocrx_word' id='word_1_303' title='bbox 1722 2004 1820 2057; x_wconf 88' lang='lat' dir='ltr'><strong>etelte</strong></span> <span class='ocrx_word' id='word_1_304' title='bbox 1846 2005 1925 2060; x_wconf 82' lang='lat' dir='ltr'><strong>volat</strong></span> 
     </span>
     <span class='ocr_line' id='line_1_22' title="bbox 178 2088 1924 2171; baseline -0.005 -16"><span class='ocrx_word' id='word_1_305' title='bbox 178 2103 293 2171; x_wconf 89' lang='lat' dir='ltr'><strong>integro</strong></span> <span class='ocrx_word' id='word_1_306' title='bbox 308 2098 402 2171; x_wconf 88' lang='lat' dir='ltr'><strong>capite</strong></span> <span class='ocrx_word' id='word_1_307' title='bbox 422 2101 451 2152; x_wconf 89' lang='lat' dir='ltr'><strong>et</strong></span> <span class='ocrx_word' id='word_1_308' title='bbox 466 2112 531 2152; x_wconf 91' lang='lat' dir='ltr'><strong>cnm</strong></span> <span class='ocrx_word' id='word_1_309' title='bbox 551 2097 648 2160; x_wconf 90' lang='lat' dir='ltr'><strong>corde,</strong></span> <span class='ocrx_word' id='word_1_310' title='bbox 670 2096 767 2167; x_wconf 83' lang='lat' dir='ltr'><strong>jecore</strong></span> <span class='ocrx_word' id='word_1_311' title='bbox 783 2101 813 2151; x_wconf 89' lang='lat' dir='ltr'><strong>et</strong></span> <span class='ocrx_word' id='word_1_312' title='bbox 827 2096 967 2166; x_wconf 89' lang='lat' dir='ltr'><strong>pulmone</strong></span> <span class='ocrx_word' id='word_1_313' title='bbox 986 2094 1026 2166; x_wconf 81' lang='grc'><strong>(1)</strong></span> <span class='ocrx_word' id='word_1_314' title='bbox 1080 2090 1148 2163; x_wconf 88' lang='lat' dir='ltr'><strong>quia</strong></span> <span class='ocrx_word' id='word_1_315' title='bbox 1162 2090 1284 2145; x_wconf 87' lang='lat' dir='ltr'><strong>calorem</strong></span> <span class='ocrx_word' id='word_1_316' title='bbox 1302 2090 1374 2144; x_wconf 90' lang='lat' dir='ltr'><strong>bene</strong></span> <span class='ocrx_word' id='word_1_317' title='bbox 1388 2088 1489 2146; x_wconf 82' lang='lat' dir='ltr'><strong>suliert</strong></span> <span class='ocrx_word' id='word_1_318' title='bbox 1503 2090 1553 2162; x_wconf 87' lang='grc'>(11).</span> <span class='ocrx_word' id='word_1_319' title='bbox 1580 2089 1636 2145; x_wconf 85' lang='lat' dir='ltr'><strong>Sed</strong></span> <span class='ocrx_word' id='word_1_320' title='bbox 1653 2096 1682 2147; x_wconf 84' lang='lat' dir='ltr'><strong>et</strong></span> <span class='ocrx_word' id='word_1_321' title='bbox 1695 2107 1762 2147; x_wconf 86' lang='lat' dir='ltr'><strong>caro</strong></span> <span class='ocrx_word' id='word_1_322' title='bbox 1777 2091 1840 2162; x_wconf 76' lang='lat' dir='ltr'><strong>eJus</strong></span> <span class='ocrx_word' id='word_1_323' title='bbox 1867 2093 1924 2149; x_wconf 90' lang='lat' dir='ltr'><strong>ho-</strong></span> 
     </span>
     <span class='ocr_line' id='line_1_23' title="bbox 178 2177 1925 2257; baseline -0.003 -16"><span class='ocrx_word' id='word_1_324' title='bbox 178 2189 208 2241; x_wconf 92' lang='lat' dir='ltr'><strong>in</strong></span> <span class='ocrx_word' id='word_1_325' title='bbox 236 2202 312 2257; x_wconf 87' lang='lat' dir='ltr'><strong>aqua</strong></span> <span class='ocrx_word' id='word_1_326' title='bbox 338 2193 368 2240; x_wconf 86' lang='lat' dir='ltr'><strong>et</strong></span> <span class='ocrx_word' id='word_1_327' title='bbox 400 2188 431 2239; x_wconf 90' lang='lat' dir='ltr'><strong>iu</strong></span> <span class='ocrx_word' id='word_1_328' title='bbox 455 2199 529 2239; x_wconf 86' lang='lat' dir='ltr'><strong>nora</strong></span> <span class='ocrx_word' id='word_1_329' title='bbox 560 2183 617 2237; x_wconf 90' lang='lat' dir='ltr'><strong>olle</strong></span> <span class='ocrx_word' id='word_1_330' title='bbox 644 2182 757 2237; x_wconf 82' lang='lat' dir='ltr'><strong>fortiter</strong></span> <span class='ocrx_word' id='word_1_331' title='bbox 773 2198 877 2254; x_wconf 88' lang='lat' dir='ltr'><strong>eoque,</strong></span> <span class='ocrx_word' id='word_1_332' title='bbox 902 2188 932 2237; x_wconf 92' lang='lat' dir='ltr'><strong>et</strong></span> <span class='ocrx_word' id='word_1_333' title='bbox 957 2188 1028 2239; x_wconf 89' lang='lat' dir='ltr'><strong>tune</strong></span> <span class='ocrx_word' id='word_1_334' title='bbox 1081 2180 1152 2234; x_wconf 94' lang='lat' dir='ltr'><strong>mini</strong></span> <span class='ocrx_word' id='word_1_335' title='bbox 1177 2179 1213 2249; x_wconf 77' lang='lat' dir='ltr'><strong>ad</strong></span> <span class='ocrx_word' id='word_1_336' title='bbox 1241 2177 1451 2233; x_wconf 86' lang='lat' dir='ltr'><strong>comedendum</strong></span> <span class='ocrx_word' id='word_1_337' title='bbox 1481 2177 1630 2233; x_wconf 75' lang='lat' dir='ltr'><strong>mortifera</strong></span> <span class='ocrx_word' id='word_1_338' title='bbox 1656 2182 1730 2233; x_wconf 90' lang='lat' dir='ltr'><strong>esset</strong></span> <span class='ocrx_word' id='word_1_339' title='bbox 1759 2180 1796 2250; x_wconf 81' lang='lat' dir='ltr'><strong>(a)</strong></span> <span class='ocrx_word' id='word_1_340' title='bbox 1821 2179 1846 2233; x_wconf 89' lang='lat' dir='ltr'><strong>si</strong></span> <span class='ocrx_word' id='word_1_341' title='bbox 1862 2196 1925 2235; x_wconf 86' lang='lat' dir='ltr'><strong>eam</strong></span> 
     </span>
     <span class='ocr_line' id='line_1_24' title="bbox 178 2266 1926 2342; baseline -0.005 -11"><span class='ocrx_word' id='word_1_342' title='bbox 178 2274 287 2342; x_wconf 69' lang='lat' dir='ltr'><strong>suuis,</strong></span> <span class='ocrx_word' id='word_1_343' title='bbox 316 2272 464 2328; x_wconf 90' lang='lat' dir='ltr'><strong>modicum</strong></span> <span class='ocrx_word' id='word_1_344' title='bbox 486 2271 621 2326; x_wconf 78' lang='lat' dir='ltr'><strong>baumolei</strong></span> <span class='ocrx_word' id='word_1_345' title='bbox 643 2270 725 2337; x_wconf 87' lang='lat' dir='ltr'><strong>adde,</strong></span> <span class='ocrx_word' id='word_1_346' title='bbox 757 2275 786 2325; x_wconf 88' lang='lat' dir='ltr'><strong>ct</strong></span> <span class='ocrx_word' id='word_1_347' title='bbox 816 2270 912 2325; x_wconf 87' lang='lat' dir='ltr'><strong>minus</strong></span> <span class='ocrx_word' id='word_1_348' title='bbox 941 2270 1027 2327; x_wconf 77' lang='lat' dir='ltr'><strong>bilsen</strong></span> <span class='ocrx_word' id='word_1_349' title='bbox 1080 2266 1255 2333; x_wconf 89' lang='lat' dir='ltr'><strong>comederet,</strong></span> <span class='ocrx_word' id='word_1_350' title='bbox 1273 2266 1340 2339; x_wconf 88' lang='lat' dir='ltr'><strong>quia</strong></span> <span class='ocrx_word' id='word_1_351' title='bbox 1368 2266 1454 2321; x_wconf 89' lang='lat' dir='ltr'><strong>nimis</strong></span> <span class='ocrx_word' id='word_1_352' title='bbox 1473 2266 1556 2321; x_wconf 85' lang='lat' dir='ltr'><strong>fortis</strong></span> <span class='ocrx_word' id='word_1_353' title='bbox 1579 2266 1606 2320; x_wconf 83' lang='lat' dir='ltr'><strong>ei</strong></span> <span class='ocrx_word' id='word_1_354' title='bbox 1631 2272 1707 2321; x_wconf 83' lang='lat' dir='ltr'><strong>esset</strong></span> <span class='ocrx_word' id='word_1_355' title='bbox 1729 2274 1849 2339; x_wconf 91' lang='lat' dir='ltr'><strong>propter</strong></span> <span class='ocrx_word' id='word_1_356' title='bbox 1885 2270 1926 2323; x_wconf 94' lang='lat' dir='ltr'><strong>ni·</strong></span> 
     </span>
     <span class='ocr_line' id='line_1_25' title="bbox 180 2355 1926 2434; baseline -0.002 -19"><span class='ocrx_word' id='word_1_357' title='bbox 180 2363 238 2418; x_wconf 91' lang='lat' dir='ltr'><strong>olei</strong></span> <span class='ocrx_word' id='word_1_358' title='bbox 262 2378 348 2434; x_wconf 76' lang='lat' dir='ltr'><strong>quam</strong></span> <span class='ocrx_word' id='word_1_359' title='bbox 370 2360 515 2415; x_wconf 80' lang='lat' dir='ltr'><strong>baumolei</strong></span> <span class='ocrx_word' id='word_1_360' title='bbox 537 2360 583 2427; x_wconf 89' lang='lat' dir='ltr'><strong>sit,</strong></span> <span class='ocrx_word' id='word_1_361' title='bbox 599 2364 629 2414; x_wconf 91' lang='lat' dir='ltr'><strong>et</strong></span> <span class='ocrx_word' id='word_1_362' title='bbox 648 2360 688 2413; x_wconf 90' lang='lat' dir='ltr'><strong>sic</strong></span> <span class='ocrx_word' id='word_1_363' title='bbox 711 2363 892 2429; x_wconf 86' lang='lat' dir='ltr'><strong>unguentum</strong></span> <span class='ocrx_word' id='word_1_364' title='bbox 918 2360 974 2427; x_wconf 82' lang='lat' dir='ltr'><strong>iac,</strong></span> <span class='ocrx_word' id='word_1_365' title='bbox 999 2366 1028 2414; x_wconf 92' lang='lat' dir='ltr'><strong>et</strong></span> <span class='ocrx_word' id='word_1_366' title='bbox 1083 2355 1175 2410; x_wconf 85' lang='lat' dir='ltr'><strong>mium</strong></span> <span class='ocrx_word' id='word_1_367' title='bbox 1191 2356 1317 2410; x_wconf 88' lang='lat' dir='ltr'><strong>calorem</strong></span> <span class='ocrx_word' id='word_1_368' title='bbox 1335 2355 1386 2426; x_wconf 72' lang='lat' dir='ltr'><strong>quii</strong></span> <span class='ocrx_word' id='word_1_369' title='bbox 1402 2355 1433 2410; x_wconf 94' lang='lat' dir='ltr'><strong>in</strong></span> <span class='ocrx_word' id='word_1_370' title='bbox 1448 2359 1543 2411; x_wconf 86' lang='lat' dir='ltr'><strong>eaesi.</strong></span> <span class='ocrx_word' id='word_1_371' title='bbox 1557 2355 1590 2410; x_wconf 83' lang='lat' dir='ltr'><strong>Et</strong></span> <span class='ocrx_word' id='word_1_372' title='bbox 1604 2356 1744 2427; x_wconf 86' lang='lat' dir='ltr'><strong>qnoniam</strong></span> <span class='ocrx_word' id='word_1_373' title='bbox 1755 2357 1849 2412; x_wconf 70' lang='lat' dir='ltr'><strong>catere</strong></span> <span class='ocrx_word' id='word_1_374' title='bbox 1860 2358 1926 2412; x_wconf 89' lang='lat' dir='ltr'><strong>solis</strong></span> 
     </span>
     <span class='ocr_line' id='line_1_26' title="bbox 179 2442 1924 2521; baseline -0.003 -18"><span class='ocrx_word' id='word_1_375' title='bbox 179 2450 261 2503; x_wconf 89' lang='lat' dir='ltr'><strong>illum</strong></span> <span class='ocrx_word' id='word_1_376' title='bbox 287 2449 338 2521; x_wconf 87' lang='lat' dir='ltr'><strong>qui</strong></span> <span class='ocrx_word' id='word_1_377' title='bbox 369 2449 501 2513; x_wconf 77' lang='lat' dir='ltr'><strong>unsinnig</strong></span> <span class='ocrx_word' id='word_1_378' title='bbox 532 2446 697 2516; x_wconf 79' lang='lat' dir='ltr'><strong>[freneticus</strong></span> <span class='ocrx_word' id='word_1_379' title='bbox 715 2444 773 2518; x_wconf 76' lang='lat' dir='ltr'><strong>ed]</strong></span> <span class='ocrx_word' id='word_1_380' title='bbox 797 2452 839 2500; x_wconf 87' lang='lat' dir='ltr'><strong>est</strong></span> <span class='ocrx_word' id='word_1_381' title='bbox 859 2463 913 2517; x_wconf 91' lang='lat' dir='ltr'><strong>per</strong></span> <span class='ocrx_word' id='word_1_382' title='bbox 932 2450 1026 2501; x_wconf 90' lang='lat' dir='ltr'><strong>toturn</strong></span> <span class='ocrx_word' id='word_1_383' title='bbox 1079 2444 1195 2515; x_wconf 82' lang='lat' dir='ltr'><strong>perfusa</strong></span> <span class='ocrx_word' id='word_1_384' title='bbox 1216 2448 1268 2512; x_wconf 89' lang='lat' dir='ltr'><strong>ast,</strong></span> <span class='ocrx_word' id='word_1_385' title='bbox 1296 2449 1325 2497; x_wconf 91' lang='lat' dir='ltr'><strong>et</strong></span> <span class='ocrx_word' id='word_1_386' title='bbox 1352 2443 1420 2514; x_wconf 91' lang='lat' dir='ltr'><strong>quia</strong></span> <span class='ocrx_word' id='word_1_387' title='bbox 1444 2443 1530 2498; x_wconf 89' lang='lat' dir='ltr'><strong>etiarn</strong></span> <span class='ocrx_word' id='word_1_388' title='bbox 1562 2458 1629 2497; x_wconf 88' lang='lat' dir='ltr'><strong>eum</strong></span> <span class='ocrx_word' id='word_1_389' title='bbox 1651 2442 1765 2499; x_wconf 75' lang='lat' dir='ltr'><strong>sortiter</strong></span> <span class='ocrx_word' id='word_1_390' title='bbox 1800 2444 1924 2517; x_wconf 88' lang='lat' dir='ltr'><strong>inspicit,</strong></span> 
     </span>
     <span class='ocr_line' id='line_1_27' title="bbox 179 2532 1926 2609; baseline -0.001 -17"><span class='ocrx_word' id='word_1_391' title='bbox 179 2543 265 2609; x_wconf 86' lang='lat' dir='ltr'><strong>eaput</strong></span> <span class='ocrx_word' id='word_1_392' title='bbox 278 2551 362 2591; x_wconf 88' lang='lat' dir='ltr'><strong>suum</strong></span> <span class='ocrx_word' id='word_1_393' title='bbox 388 2550 457 2604; x_wconf 89' lang='lat' dir='ltr'><strong>sepo</strong></span> <span class='ocrx_word' id='word_1_394' title='bbox 475 2534 524 2588; x_wconf 89' lang='lat' dir='ltr'><strong>illo</strong></span> <span class='ocrx_word' id='word_1_395' title='bbox 542 2538 678 2604; x_wconf 89' lang='lat' dir='ltr'><strong>nnge;et</strong></span> <span class='ocrx_word' id='word_1_396' title='bbox 691 2532 774 2588; x_wconf 90' lang='lat' dir='ltr'><strong>illum</strong></span> <span class='ocrx_word' id='word_1_397' title='bbox 790 2533 839 2605; x_wconf 89' lang='lat' dir='ltr'><strong>qui</strong></span> <span class='ocrx_word' id='word_1_398' title='bbox 853 2535 1027 2603; x_wconf 74' lang='lat' dir='ltr'><strong>virgichtigit</strong></span> <span class='ocrx_word' id='word_1_399' title='bbox 1082 2533 1150 2589; x_wconf 89' lang='lat' dir='ltr'><strong>inde</strong></span> <span class='ocrx_word' id='word_1_400' title='bbox 1188 2538 1260 2601; x_wconf 79' lang='lat' dir='ltr'><strong>grim</strong></span> <span class='ocrx_word' id='word_1_401' title='bbox 1295 2537 1351 2600; x_wconf 88' lang='lat' dir='ltr'><strong>est,</strong></span> <span class='ocrx_word' id='word_1_402' title='bbox 1388 2535 1417 2587; x_wconf 84' lang='lat' dir='ltr'><strong>et</strong></span> <span class='ocrx_word' id='word_1_403' title='bbox 1460 2533 1526 2588; x_wconf 83' lang='lat' dir='ltr'><strong>inde</strong></span> <span class='ocrx_word' id='word_1_404' title='bbox 1560 2532 1680 2589; x_wconf 83' lang='lat' dir='ltr'><strong>multam</strong></span> <span class='ocrx_word' id='word_1_405' title='bbox 1709 2534 1926 2591; x_wconf 84' lang='lat' dir='ltr'><strong>sensibilitatem</strong></span> 
     </span>
     <span class='ocr_line' id='line_1_28' title="bbox 179 2620 1925 2696; baseline -0.002 -15"><span class='ocrx_word' id='word_1_406' title='bbox 179 2632 222 2681; x_wconf 87' lang='lat' dir='ltr'><strong>est</strong></span> <span class='ocrx_word' id='word_1_407' title='bbox 235 2631 265 2681; x_wconf 88' lang='lat' dir='ltr'><strong>et</strong></span> <span class='ocrx_word' id='word_1_408' title='bbox 279 2640 365 2696; x_wconf 87' lang='lat' dir='ltr'><strong>qoem</strong></span> <span class='ocrx_word' id='word_1_409' title='bbox 381 2622 456 2691; x_wconf 79' lang='lat' dir='ltr'><strong>gicht</strong></span> <span class='ocrx_word' id='word_1_410' title='bbox 474 2622 586 2693; x_wconf 87' lang='lat' dir='ltr'><strong>iatigat,</strong></span> <span class='ocrx_word' id='word_1_411' title='bbox 600 2637 665 2676; x_wconf 90' lang='lat' dir='ltr'><strong>cum</strong></span> <span class='ocrx_word' id='word_1_412' title='bbox 681 2637 715 2675; x_wconf 93' lang='lat' dir='ltr'><strong>eo</strong></span> <span class='ocrx_word' id='word_1_413' title='bbox 732 2621 839 2693; x_wconf 88' lang='lat' dir='ltr'><strong>ubique</strong></span> <span class='ocrx_word' id='word_1_414' title='bbox 859 2624 889 2677; x_wconf 92' lang='lat' dir='ltr'><strong>in</strong></span> <span class='ocrx_word' id='word_1_415' title='bbox 904 2638 1026 2695; x_wconf 90' lang='lat' dir='ltr'><strong>corpore</strong></span> <span class='ocrx_word' id='word_1_416' title='bbox 1081 2622 1114 2677; x_wconf 92' lang='lat' dir='ltr'><strong>in</strong></span> <span class='ocrx_word' id='word_1_417' title='bbox 1140 2622 1226 2677; x_wconf 91' lang='lat' dir='ltr'><strong>corde</strong></span> <span class='ocrx_word' id='word_1_418' title='bbox 1252 2620 1348 2678; x_wconf 86' lang='lat' dir='ltr'><strong>habet.</strong></span> <span class='ocrx_word' id='word_1_419' title='bbox 1378 2622 1412 2675; x_wconf 89' lang='lat' dir='ltr'><strong>Et</strong></span> <span class='ocrx_word' id='word_1_420' title='bbox 1438 2620 1564 2692; x_wconf 86' lang='lat' dir='ltr'><strong>plurime</strong></span> <span class='ocrx_word' id='word_1_421' title='bbox 1603 2620 1679 2693; x_wconf 89' lang='lat' dir='ltr'><strong>rapit</strong></span> <span class='ocrx_word' id='word_1_422' title='bbox 1706 2626 1733 2677; x_wconf 86' lang='lat' dir='ltr'><strong>et</strong></span> <span class='ocrx_word' id='word_1_423' title='bbox 1755 2624 1925 2689; x_wconf 76' lang='lat' dir='ltr'><strong>transvehit,</strong></span> 
     </span>
     <span class='ocr_line' id='line_1_29' title="bbox 164 2706 1925 2784; baseline 0 -17"><span class='ocrx_word' id='word_1_424' title='bbox 164 2706 388 2784; x_wconf 67' lang='lat' dir='ltr'><strong>&#39;suuperunge</strong></span> <span class='ocrx_word' id='word_1_425' title='bbox 408 2713 440 2767; x_wconf 77' lang='lat' dir='ltr'><strong>ut</strong></span> <span class='ocrx_word' id='word_1_426' title='bbox 456 2711 543 2765; x_wconf 87' lang='lat' dir='ltr'><strong>etiam</strong></span> <span class='ocrx_word' id='word_1_427' title='bbox 569 2711 619 2782; x_wconf 85' lang='lat' dir='ltr'><strong>qui</strong></span> <span class='ocrx_word' id='word_1_428' title='bbox 643 2710 839 2765; x_wconf 82' lang='lat' dir='ltr'><strong>indorsoeut</strong></span> <span class='ocrx_word' id='word_1_429' title='bbox 861 2711 891 2764; x_wconf 89' lang='lat' dir='ltr'><strong>in</strong></span> <span class='ocrx_word' id='word_1_430' title='bbox 917 2711 1025 2779; x_wconf 71' lang='lat' dir='ltr'><strong>boden,</strong></span> <span class='ocrx_word' id='word_1_431' title='bbox 1082 2726 1147 2782; x_wconf 77' lang='lat' dir='ltr'><strong>quie</strong></span> <span class='ocrx_word' id='word_1_432' title='bbox 1159 2710 1257 2782; x_wconf 88' lang='lat' dir='ltr'><strong>abjicit</strong></span> <span class='ocrx_word' id='word_1_433' title='bbox 1276 2713 1305 2765; x_wconf 88' lang='lat' dir='ltr'><strong>et</strong></span> <span class='ocrx_word' id='word_1_434' title='bbox 1324 2725 1381 2763; x_wconf 93' lang='lat' dir='ltr'><strong>non</strong></span> <span class='ocrx_word' id='word_1_435' title='bbox 1395 2710 1529 2776; x_wconf 90' lang='lat' dir='ltr'><strong>comedit,</strong></span> <span class='ocrx_word' id='word_1_436' title='bbox 1546 2709 1595 2764; x_wconf 91' lang='lat' dir='ltr'><strong>sad</strong></span> <span class='ocrx_word' id='word_1_437' title='bbox 1610 2725 1644 2764; x_wconf 90' lang='lat' dir='ltr'><strong>ea</strong></span> <span class='ocrx_word' id='word_1_438' title='bbox 1659 2716 1771 2765; x_wconf 86' lang='lat' dir='ltr'><strong>tantum</strong></span> <span class='ocrx_word' id='word_1_439' title='bbox 1798 2713 1925 2767; x_wconf 86' lang='lat' dir='ltr'><strong>comedit</strong></span> 
     </span>
     <span class='ocr_line' id='line_1_30' title="bbox 176 2797 1926 2871; baseline -0.001 -15"><span class='ocrx_word' id='word_1_440' title='bbox 176 2802 268 2857; x_wconf 89' lang='lat' dir='ltr'><strong>autin</strong></span> <span class='ocrx_word' id='word_1_441' title='bbox 291 2817 410 2871; x_wconf 87' lang='lat' dir='ltr'><strong>corpore</strong></span> <span class='ocrx_word' id='word_1_442' title='bbox 431 2817 483 2854; x_wconf 87' lang='lat' dir='ltr'><strong>suo</strong></span> <span class='ocrx_word' id='word_1_443' title='bbox 513 2798 601 2854; x_wconf 88' lang='lat' dir='ltr'><strong>ullam</strong></span> <span class='ocrx_word' id='word_1_444' title='bbox 626 2798 825 2853; x_wconf 91' lang='lat' dir='ltr'><strong>intlrmitatem</strong></span> <span class='ocrx_word' id='word_1_445' title='bbox 848 2798 1025 2863; x_wconf 69' lang='lat' dir='ltr'><strong>debetcum</strong></span> <span class='ocrx_word' id='word_1_446' title='bbox 1079 2814 1143 2870; x_wconf 79' lang='lat' dir='ltr'><strong>quae</strong></span> <span class='ocrx_word' id='word_1_447' title='bbox 1155 2797 1375 2855; x_wconf 87' lang='lat' dir='ltr'><strong>sanaatcalida</strong></span> <span class='ocrx_word' id='word_1_448' title='bbox 1398 2803 1475 2853; x_wconf 90' lang='lat' dir='ltr'><strong>snut.</strong></span> <span class='ocrx_word' id='word_1_449' title='bbox 1497 2798 1613 2853; x_wconf 87' lang='lat' dir='ltr'><strong>Etcum</strong></span> <span class='ocrx_word' id='word_1_450' title='bbox 1637 2800 1926 2869; x_wconf 80' lang='lat' dir='ltr'><strong>ovaponit,calidis-</strong></span> 
     </span>
     <span class='ocr_line' id='line_1_31' title="bbox 178 2885 1927 2975; baseline 0 -30"><span class='ocrx_word' id='word_1_451' title='bbox 178 2906 214 2945; x_wconf 92' lang='lat' dir='ltr'><strong>eo</strong></span> <span class='ocrx_word' id='word_1_452' title='bbox 237 2890 279 2945; x_wconf 91' lang='lat' dir='ltr'><strong>ibi</strong></span> <span class='ocrx_word' id='word_1_453' title='bbox 300 2892 421 2959; x_wconf 88' lang='lat' dir='ltr'><strong>inunge,</strong></span> <span class='ocrx_word' id='word_1_454' title='bbox 442 2893 471 2943; x_wconf 86' lang='lat' dir='ltr'><strong>et</strong></span> <span class='ocrx_word' id='word_1_455' title='bbox 489 2887 647 2953; x_wconf 87' lang='lat' dir='ltr'><strong>curabitur,</strong></span> <span class='ocrx_word' id='word_1_456' title='bbox 669 2891 720 2941; x_wconf 91' lang='lat' dir='ltr'><strong>aut</strong></span> <span class='ocrx_word' id='word_1_457' title='bbox 741 2888 815 2941; x_wconf 86' lang='lat' dir='ltr'><strong>Dens</strong></span> <span class='ocrx_word' id='word_1_458' title='bbox 833 2901 900 2941; x_wconf 86' lang='lat' dir='ltr'><strong>cum</strong></span> <span class='ocrx_word' id='word_1_459' title='bbox 924 2902 1024 2941; x_wconf 86' lang='lat' dir='ltr'><strong>curere</strong></span> <span class='ocrx_word' id='word_1_460' title='bbox 1044 2887 1185 2975; x_wconf 73' lang='lat' dir='ltr'><strong>Csimnm</strong></span> <span class='ocrx_word' id='word_1_461' title='bbox 1203 2887 1297 2941; x_wconf 86' lang='lat' dir='ltr'><strong>locum</strong></span> <span class='ocrx_word' id='word_1_462' title='bbox 1322 2890 1373 2940; x_wconf 89' lang='lat' dir='ltr'><strong>aut</strong></span> <span class='ocrx_word' id='word_1_463' title='bbox 1396 2885 1463 2941; x_wconf 89' lang='lat' dir='ltr'><strong>solie</strong></span> <span class='ocrx_word' id='word_1_464' title='bbox 1478 2894 1529 2940; x_wconf 91' lang='lat' dir='ltr'><strong>aut</strong></span> <span class='ocrx_word' id='word_1_465' title='bbox 1551 2885 1625 2941; x_wconf 86' lang='lat' dir='ltr'><strong>aeris</strong></span> <span class='ocrx_word' id='word_1_466' title='bbox 1646 2888 1759 2959; x_wconf 76' lang='lat' dir='ltr'><strong>quaerit,</strong></span> <span class='ocrx_word' id='word_1_467' title='bbox 1778 2894 1810 2942; x_wconf 88' lang='lat' dir='ltr'><strong>ut</strong></span> <span class='ocrx_word' id='word_1_468' title='bbox 1832 2889 1927 2945; x_wconf 85' lang='lat' dir='ltr'><strong>calore</strong></span> 
     </span>
     <span class='ocr_line' id='line_1_32' title="bbox 179 2973 1926 3049; baseline 0 -16"><span class='ocrx_word' id='word_1_469' title='bbox 179 2994 240 3035; x_wconf 89' lang='lat' dir='ltr'><strong>nou</strong></span> <span class='ocrx_word' id='word_1_470' title='bbox 257 2977 329 3047; x_wconf 82' lang='lat' dir='ltr'><strong>salt,</strong></span> <span class='ocrx_word' id='word_1_471' title='bbox 359 2976 507 3049; x_wconf 86' lang='lat' dir='ltr'><strong>quiahoc</strong></span> <span class='ocrx_word' id='word_1_472' title='bbox 535 2979 715 3046; x_wconf 80' lang='lat' dir='ltr'><strong>unguentum</strong></span> <span class='ocrx_word' id='word_1_473' title='bbox 741 2973 948 3047; x_wconf 86' lang='lat' dir='ltr'><strong>pretiosissimo</strong></span> <span class='ocrx_word' id='word_1_474' title='bbox 973 2990 1026 3029; x_wconf 90' lang='lat' dir='ltr'><strong>nn·</strong></span> <span class='ocrx_word' id='word_1_475' title='bbox 1080 2975 1130 3029; x_wconf 91' lang='lat' dir='ltr'><strong>illo</strong></span> <span class='ocrx_word' id='word_1_476' title='bbox 1167 2974 1280 3030; x_wconf 77' lang='lat' dir='ltr'><strong>fortiter</strong></span> <span class='ocrx_word' id='word_1_477' title='bbox 1315 2974 1506 3045; x_wconf 83' lang='lat' dir='ltr'><strong>perfundatur</strong></span> <span class='ocrx_word' id='word_1_478' title='bbox 1537 2980 1566 3029; x_wconf 86' lang='lat' dir='ltr'><strong>et</strong></span> <span class='ocrx_word' id='word_1_479' title='bbox 1604 2977 1818 3043; x_wconf 62' lang='lat' dir='ltr'><strong>conibuentem</strong></span> <span class='ocrx_word' id='word_1_480' title='bbox 1842 2983 1872 3031; x_wconf 88' lang='lat' dir='ltr'><strong>et</strong></span> <span class='ocrx_word' id='word_1_481' title='bbox 1903 2979 1926 3033; x_wconf 90' lang='lat' dir='ltr'><strong>si</strong></span> 
     </span>
     <span class='ocr_line' id='line_1_33' title="bbox 179 3062 1924 3139; baseline 0.001 -17"><span class='ocrx_word' id='word_1_482' title='bbox 179 3072 289 3139; x_wconf 83' lang='lat' dir='ltr'><strong>guento</strong></span> <span class='ocrx_word' id='word_1_483' title='bbox 309 3064 463 3139; x_wconf 83' lang='lat' dir='ltr'><strong>pretiosior</strong></span> <span class='ocrx_word' id='word_1_484' title='bbox 485 3067 538 3130; x_wconf 88' lang='lat' dir='ltr'><strong>est,</strong></span> <span class='ocrx_word' id='word_1_485' title='bbox 563 3062 631 3135; x_wconf 88' lang='lat' dir='ltr'><strong>quia</strong></span> <span class='ocrx_word' id='word_1_486' title='bbox 654 3068 748 3118; x_wconf 88' lang='lat' dir='ltr'><strong>eutem</strong></span> <span class='ocrx_word' id='word_1_487' title='bbox 775 3062 949 3119; x_wconf 81' lang='lat' dir='ltr'><strong>infirmantis</strong></span> <span class='ocrx_word' id='word_1_488' title='bbox 973 3063 1024 3118; x_wconf 90' lang='lat' dir='ltr'><strong>ho·</strong></span> <span class='ocrx_word' id='word_1_489' title='bbox 1079 3080 1144 3119; x_wconf 91' lang='lat' dir='ltr'><strong>casu</strong></span> <span class='ocrx_word' id='word_1_490' title='bbox 1161 3062 1301 3132; x_wconf 75' lang='lat' dir='ltr'><strong>evenerit,</strong></span> <span class='ocrx_word' id='word_1_491' title='bbox 1324 3069 1357 3118; x_wconf 91' lang='lat' dir='ltr'><strong>ut</strong></span> <span class='ocrx_word' id='word_1_492' title='bbox 1368 3062 1487 3136; x_wconf 89' lang='lat' dir='ltr'><strong>aliquod</strong></span> <span class='ocrx_word' id='word_1_493' title='bbox 1501 3080 1536 3118; x_wconf 87' lang='lat' dir='ltr'><strong>ex</strong></span> <span class='ocrx_word' id='word_1_494' title='bbox 1562 3062 1607 3118; x_wconf 90' lang='lat' dir='ltr'><strong>his</strong></span> <span class='ocrx_word' id='word_1_495' title='bbox 1621 3065 1762 3119; x_wconf 75' lang='lat' dir='ltr'><strong>vacaverit</strong></span> <span class='ocrx_word' id='word_1_496' title='bbox 1791 3066 1831 3121; x_wconf 86' lang='lat' dir='ltr'><strong>ita</strong></span> <span class='ocrx_word' id='word_1_497' title='bbox 1845 3069 1924 3139; x_wconf 84' lang='lat' dir='ltr'><strong>qnod</strong></span> 
     </span>
     <span class='ocr_line' id='line_1_34' title="bbox 179 3150 1924 3227; baseline 0.001 -16"><span class='ocrx_word' id='word_1_498' title='bbox 179 3155 266 3211; x_wconf 90' lang='lat' dir='ltr'><strong>minis</strong></span> <span class='ocrx_word' id='word_1_499' title='bbox 286 3153 342 3210; x_wconf 91' lang='lat' dir='ltr'><strong>cito</strong></span> <span class='ocrx_word' id='word_1_500' title='bbox 359 3153 515 3226; x_wconf 82' lang='lat' dir='ltr'><strong>pertransit</strong></span> <span class='ocrx_word' id='word_1_501' title='bbox 539 3157 568 3207; x_wconf 87' lang='lat' dir='ltr'><strong>ct</strong></span> <span class='ocrx_word' id='word_1_502' title='bbox 583 3166 651 3206; x_wconf 91' lang='lat' dir='ltr'><strong>eum</strong></span> <span class='ocrx_word' id='word_1_503' title='bbox 665 3162 756 3206; x_wconf 89' lang='lat' dir='ltr'><strong>sanat.</strong></span> <span class='ocrx_word' id='word_1_504' title='bbox 775 3151 814 3221; x_wconf 82' lang='grc'><strong>(5)</strong></span> <span class='ocrx_word' id='word_1_505' title='bbox 828 3150 888 3205; x_wconf 86' lang='lat' dir='ltr'><strong>Etsi</strong></span> <span class='ocrx_word' id='word_1_506' title='bbox 904 3150 944 3206; x_wconf 90' lang='lat' dir='ltr'><strong>ita</strong></span> <span class='ocrx_word' id='word_1_507' title='bbox 958 3166 1024 3206; x_wconf 90' lang='lat' dir='ltr'><strong>cnm</strong></span> <span class='ocrx_word' id='word_1_508' title='bbox 1078 3154 1173 3207; x_wconf 90' lang='lat' dir='ltr'><strong>calore</strong></span> <span class='ocrx_word' id='word_1_509' title='bbox 1190 3151 1323 3222; x_wconf 82' lang='lat' dir='ltr'><strong>perfundi</strong></span> <span class='ocrx_word' id='word_1_510' title='bbox 1347 3167 1406 3207; x_wconf 93' lang='lat' dir='ltr'><strong>non</strong></span> <span class='ocrx_word' id='word_1_511' title='bbox 1426 3150 1524 3223; x_wconf 90' lang='lat' dir='ltr'><strong>possit,</strong></span> <span class='ocrx_word' id='word_1_512' title='bbox 1548 3152 1645 3223; x_wconf 87' lang='lat' dir='ltr'><strong>pullus</strong></span> <span class='ocrx_word' id='word_1_513' title='bbox 1661 3154 1711 3224; x_wconf 89' lang='lat' dir='ltr'><strong>qui</strong></span> <span class='ocrx_word' id='word_1_514' title='bbox 1736 3170 1770 3209; x_wconf 83' lang='lat' dir='ltr'><strong>ex</strong></span> <span class='ocrx_word' id='word_1_515' title='bbox 1795 3171 1829 3209; x_wconf 90' lang='lat' dir='ltr'><strong>eo</strong></span> <span class='ocrx_word' id='word_1_516' title='bbox 1844 3170 1924 3227; x_wconf 88' lang='lat' dir='ltr'><strong>egre-</strong></span> 
     </span>
     <span class='ocr_line' id='line_1_35' title="bbox 164 3237 1923 3315; baseline 0.002 -18"><span class='ocrx_word' id='word_1_517' title='bbox 164 3284 167 3290; x_wconf 85' lang='lat'>.</span> <span class='ocrx_word' id='word_1_518' title='bbox 179 3242 318 3315; x_wconf 73' lang='lat' dir='ltr'><strong>predicto</strong></span> <span class='ocrx_word' id='word_1_519' title='bbox 332 3242 437 3297; x_wconf 84' lang='lat' dir='ltr'><strong>smalcz</strong></span> <span class='ocrx_word' id='word_1_520' title='bbox 458 3245 546 3311; x_wconf 90' lang='lat' dir='ltr'><strong>caput</strong></span> <span class='ocrx_word' id='word_1_521' title='bbox 565 3238 697 3304; x_wconf 81' lang='lat' dir='ltr'><strong>vulturis,</strong></span> <span class='ocrx_word' id='word_1_522' title='bbox 726 3243 758 3294; x_wconf 91' lang='lat' dir='ltr'><strong>ut</strong></span> <span class='ocrx_word' id='word_1_523' title='bbox 781 3237 949 3310; x_wconf 68' lang='lat' dir='ltr'><strong>praedictam</strong></span> <span class='ocrx_word' id='word_1_524' title='bbox 969 3242 1024 3309; x_wconf 87' lang='lat' dir='ltr'><strong>est,</strong></span> <span class='ocrx_word' id='word_1_525' title='bbox 1078 3241 1157 3295; x_wconf 89' lang='lat' dir='ltr'><strong>ditur</strong></span> <span class='ocrx_word' id='word_1_526' title='bbox 1178 3239 1280 3296; x_wconf 89' lang='lat' dir='ltr'><strong>debilis</strong></span> <span class='ocrx_word' id='word_1_527' title='bbox 1290 3247 1318 3295; x_wconf 92' lang='lat' dir='ltr'><strong>et</strong></span> <span class='ocrx_word' id='word_1_528' title='bbox 1342 3240 1475 3295; x_wconf 88' lang='lat' dir='ltr'><strong>inflrmus</strong></span> <span class='ocrx_word' id='word_1_529' title='bbox 1492 3240 1547 3295; x_wconf 86' lang='lat' dir='ltr'><strong>erit</strong></span> <span class='ocrx_word' id='word_1_530' title='bbox 1568 3247 1598 3296; x_wconf 92' lang='lat' dir='ltr'><strong>et</strong></span> <span class='ocrx_word' id='word_1_531' title='bbox 1620 3257 1678 3296; x_wconf 86' lang='lat' dir='ltr'><strong>non</strong></span> <span class='ocrx_word' id='word_1_532' title='bbox 1703 3248 1762 3297; x_wconf 89' lang='lat' dir='ltr'><strong>tam</strong></span> <span class='ocrx_word' id='word_1_533' title='bbox 1788 3244 1871 3299; x_wconf 88' lang='lat' dir='ltr'><strong>lortis</strong></span> <span class='ocrx_word' id='word_1_534' title='bbox 1893 3250 1923 3300; x_wconf 91' lang='lat' dir='ltr'><strong>nt</strong></span> 
     </span>
     <span class='ocr_line' id='line_1_36' title="bbox 177 3325 1923 3403; baseline 0.001 -17"><span class='ocrx_word' id='word_1_535' title='bbox 177 3332 322 3403; x_wconf 89' lang='lat' dir='ltr'><strong>coquitur,</strong></span> <span class='ocrx_word' id='word_1_536' title='bbox 347 3329 383 3384; x_wconf 91' lang='lat' dir='ltr'><strong>de</strong></span> <span class='ocrx_word' id='word_1_537' title='bbox 404 3344 488 3384; x_wconf 89' lang='lat' dir='ltr'><strong>succo</strong></span> <span class='ocrx_word' id='word_1_538' title='bbox 515 3326 625 3383; x_wconf 88' lang='lat' dir='ltr'><strong>cerebri</strong></span> <span class='ocrx_word' id='word_1_539' title='bbox 651 3326 713 3399; x_wconf 87' lang='lat' dir='ltr'><strong>ejus</strong></span> <span class='ocrx_word' id='word_1_540' title='bbox 736 3325 836 3382; x_wconf 88' lang='lat' dir='ltr'><strong>haberi</strong></span> <span class='ocrx_word' id='word_1_541' title='bbox 857 3326 972 3399; x_wconf 90' lang='lat' dir='ltr'><strong>poterit,</strong></span> <span class='ocrx_word' id='word_1_542' title='bbox 995 3332 1025 3382; x_wconf 91' lang='lat' dir='ltr'><strong>et</strong></span> <span class='ocrx_word' id='word_1_543' title='bbox 1077 3328 1172 3384; x_wconf 80' lang='lat' dir='ltr'><strong>vivere</strong></span> <span class='ocrx_word' id='word_1_544' title='bbox 1190 3327 1321 3397; x_wconf 87' lang='lat' dir='ltr'><strong>deberet;</strong></span> <span class='ocrx_word' id='word_1_545' title='bbox 1354 3334 1383 3383; x_wconf 89' lang='lat' dir='ltr'><strong>et</strong></span> <span class='ocrx_word' id='word_1_546' title='bbox 1410 3332 1469 3383; x_wconf 89' lang='lat' dir='ltr'><strong>tam</strong></span> <span class='ocrx_word' id='word_1_547' title='bbox 1502 3329 1642 3384; x_wconf 84' lang='lat' dir='ltr'><strong>mirabilis</strong></span> <span class='ocrx_word' id='word_1_548' title='bbox 1676 3336 1778 3385; x_wconf 86' lang='lat' dir='ltr'><strong>natura</strong></span> <span class='ocrx_word' id='word_1_549' title='bbox 1794 3332 1824 3386; x_wconf 91' lang='lat' dir='ltr'><strong>in</strong></span> <span class='ocrx_word' id='word_1_550' title='bbox 1838 3334 1923 3389; x_wconf 84' lang='lat' dir='ltr'><strong>conis</strong></span> 
     </span>
     <span class='ocr_line' id='line_1_37' title="bbox 177 3412 1922 3493; baseline 0.003 -21"><span class='ocrx_word' id='word_1_551' title='bbox 177 3432 236 3473; x_wconf 92' lang='lat' dir='ltr'><strong>non</strong></span> <span class='ocrx_word' id='word_1_552' title='bbox 251 3418 308 3472; x_wconf 88' lang='lat' dir='ltr'><strong>alio</strong></span> <span class='ocrx_word' id='word_1_553' title='bbox 329 3415 427 3472; x_wconf 85' lang='lat' dir='ltr'><strong>modo.</strong></span> <span class='ocrx_word' id='word_1_554' title='bbox 449 3415 484 3470; x_wconf 87' lang='lat' dir='ltr'><strong>Et</strong></span> <span class='ocrx_word' id='word_1_555' title='bbox 506 3429 557 3469; x_wconf 88' lang='lat' dir='ltr'><strong>cor</strong></span> <span class='ocrx_word' id='word_1_556' title='bbox 575 3413 638 3485; x_wconf 87' lang='lat' dir='ltr'><strong>ejas</strong></span> <span class='ocrx_word' id='word_1_557' title='bbox 660 3413 691 3467; x_wconf 92' lang='lat' dir='ltr'><strong>in</strong></span> <span class='ocrx_word' id='word_1_558' title='bbox 715 3412 841 3468; x_wconf 89' lang='lat' dir='ltr'><strong>medium</strong></span> <span class='ocrx_word' id='word_1_559' title='bbox 867 3412 972 3482; x_wconf 72' lang='lat' dir='ltr'><strong>divide,</strong></span> <span class='ocrx_word' id='word_1_560' title='bbox 992 3417 1024 3468; x_wconf 89' lang='lat' dir='ltr'><strong>nt</strong></span> <span class='ocrx_word' id='word_1_561' title='bbox 1077 3416 1139 3488; x_wconf 86' lang='lat' dir='ltr'><strong>ejus</strong></span> <span class='ocrx_word' id='word_1_562' title='bbox 1152 3422 1180 3471; x_wconf 91' lang='lat' dir='ltr'><strong>et</strong></span> <span class='ocrx_word' id='word_1_563' title='bbox 1194 3416 1234 3473; x_wconf 85' lang='lat' dir='ltr'><strong>ita</strong></span> <span class='ocrx_word' id='word_1_564' title='bbox 1242 3417 1317 3488; x_wconf 87' lang='lat' dir='ltr'><strong>apud</strong></span> <span class='ocrx_word' id='word_1_565' title='bbox 1328 3417 1487 3473; x_wconf 73' lang='lat' dir='ltr'><strong>rehaberet</strong></span> <span class='ocrx_word' id='word_1_566' title='bbox 1498 3416 1567 3489; x_wconf 87' lang='grc'>(10),</span> <span class='ocrx_word' id='word_1_567' title='bbox 1578 3424 1606 3473; x_wconf 93' lang='lat' dir='ltr'><strong>et</strong></span> <span class='ocrx_word' id='word_1_568' title='bbox 1614 3424 1692 3473; x_wconf 80' lang='lat' dir='ltr'><strong>tante</strong></span> <span class='ocrx_word' id='word_1_569' title='bbox 1704 3419 1823 3475; x_wconf 85' lang='lat' dir='ltr'><strong>scientia</strong></span> <span class='ocrx_word' id='word_1_570' title='bbox 1836 3436 1922 3493; x_wconf 89' lang='lat' dir='ltr'><strong>super</strong></span> 
     </span>
     <span class='ocr_line' id='line_1_38' title="bbox 112 3501 1921 3578; baseline 0.002 -16"><span class='ocrx_word' id='word_1_571' title='bbox 112 3518 119 3529; x_wconf 89' lang='lat'><strong>·</strong></span> <span class='ocrx_word' id='word_1_572' title='bbox 175 3510 256 3563; x_wconf 86' lang='lat' dir='ltr'><strong>tante</strong></span> <span class='ocrx_word' id='word_1_573' title='bbox 267 3505 372 3561; x_wconf 91' lang='lat' dir='ltr'><strong>melius</strong></span> <span class='ocrx_word' id='word_1_574' title='bbox 383 3504 481 3559; x_wconf 90' lang='lat' dir='ltr'><strong>siccari</strong></span> <span class='ocrx_word' id='word_1_575' title='bbox 499 3502 601 3574; x_wconf 85' lang='lat' dir='ltr'><strong>possit,</strong></span> <span class='ocrx_word' id='word_1_576' title='bbox 616 3502 652 3557; x_wconf 88' lang='lat' dir='ltr'><strong>ad</strong></span> <span class='ocrx_word' id='word_1_577' title='bbox 676 3503 772 3573; x_wconf 83' lang='lat' dir='ltr'><strong>ignens</strong></span> <span class='ocrx_word' id='word_1_578' title='bbox 788 3501 914 3557; x_wconf 81' lang='lat' dir='ltr'><strong>suaviter</strong></span> <span class='ocrx_word' id='word_1_579' title='bbox 937 3502 1021 3572; x_wconf 88' lang='lat' dir='ltr'><strong>sicca,</strong></span> <span class='ocrx_word' id='word_1_580' title='bbox 1076 3522 1192 3562; x_wconf 86' lang='lat' dir='ltr'><strong>ornnem</strong></span> <span class='ocrx_word' id='word_1_581' title='bbox 1208 3504 1353 3561; x_wconf 88' lang='lat' dir='ltr'><strong>modicum</strong></span> <span class='ocrx_word' id='word_1_582' title='bbox 1368 3505 1400 3561; x_wconf 93' lang='lat' dir='ltr'><strong>in</strong></span> <span class='ocrx_word' id='word_1_583' title='bbox 1414 3520 1447 3559; x_wconf 87' lang='lat' dir='ltr'><strong>ao</strong></span> <span class='ocrx_word' id='word_1_584' title='bbox 1470 3506 1646 3571; x_wconf 85' lang='lat' dir='ltr'><strong>claresceret,</strong></span> <span class='ocrx_word' id='word_1_585' title='bbox 1673 3507 1752 3578; x_wconf 82' lang='lat' dir='ltr'><strong>qrrod</strong></span> <span class='ocrx_word' id='word_1_586' title='bbox 1766 3509 1921 3565; x_wconf 88' lang='lat' dir='ltr'><strong>corhomi·</strong></span> 
     </span>
    </p>
   </div>
   <div class='ocr_carea' id='block_1_5' title="bbox 61 3589 1922 3667">
    <p class='ocr_par' dir='ltr' id='par_1_6' title="bbox 61 3589 1922 3667">
     <span class='ocr_line' id='line_1_39' title="bbox 61 3589 1922 3667; baseline 0.001 -18"><span class='ocrx_word' id='word_1_587' title='bbox 61 3622 64 3630; x_wconf 80' lang='lat'>‚</span> <span class='ocrx_word' id='word_1_588' title='bbox 177 3595 219 3649; x_wconf 89' lang='lat' dir='ltr'><strong>ita</strong></span> <span class='ocrx_word' id='word_1_589' title='bbox 236 3608 274 3649; x_wconf 91' lang='lat' dir='ltr'><strong>ne</strong></span> <span class='ocrx_word' id='word_1_590' title='bbox 294 3598 416 3660; x_wconf 85' lang='lat' dir='ltr'><strong>assetur,</strong></span> <span class='ocrx_word' id='word_1_591' title='bbox 437 3598 467 3647; x_wconf 91' lang='lat' dir='ltr'><strong>et</strong></span> <span class='ocrx_word' id='word_1_592' title='bbox 489 3590 592 3646; x_wconf 91' lang='lat' dir='ltr'><strong>deinde</strong></span> <span class='ocrx_word' id='word_1_593' title='bbox 613 3589 699 3645; x_wconf 88' lang='lat' dir='ltr'><strong>eliam</strong></span> <span class='ocrx_word' id='word_1_594' title='bbox 721 3591 757 3645; x_wconf 90' lang='lat' dir='ltr'><strong>ad</strong></span> <span class='ocrx_word' id='word_1_595' title='bbox 781 3590 871 3646; x_wconf 90' lang='lat' dir='ltr'><strong>solem</strong></span> <span class='ocrx_word' id='word_1_596' title='bbox 894 3589 977 3659; x_wconf 84' lang='lat' dir='ltr'><strong>sicca,</strong></span> <span class='ocrx_word' id='word_1_597' title='bbox 994 3593 1023 3647; x_wconf 90' lang='lat' dir='ltr'><strong>el</strong></span> <span class='ocrx_word' id='word_1_598' title='bbox 1076 3594 1196 3648; x_wconf 87' lang='lat' dir='ltr'><strong>niseum</strong></span> <span class='ocrx_word' id='word_1_599' title='bbox 1212 3592 1331 3648; x_wconf 81' lang='lat' dir='ltr'><strong>sufferre</strong></span> <span class='ocrx_word' id='word_1_600' title='bbox 1344 3608 1401 3648; x_wconf 91' lang='lat' dir='ltr'><strong>non</strong></span> <span class='ocrx_word' id='word_1_601' title='bbox 1416 3598 1521 3665; x_wconf 87' lang='lat' dir='ltr'><strong>posset.</strong></span> <span class='ocrx_word' id='word_1_602' title='bbox 1534 3593 1608 3651; x_wconf 87' lang='lat' dir='ltr'><strong>Nam</strong></span> <span class='ocrx_word' id='word_1_603' title='bbox 1633 3596 1663 3649; x_wconf 91' lang='lat' dir='ltr'><strong>iu</strong></span> <span class='ocrx_word' id='word_1_604' title='bbox 1691 3594 1754 3665; x_wconf 85' lang='lat' dir='ltr'><strong>ipsa</strong></span> <span class='ocrx_word' id='word_1_605' title='bbox 1779 3595 1851 3650; x_wconf 85' lang='lat' dir='ltr'><strong>hora</strong></span> <span class='ocrx_word' id='word_1_606' title='bbox 1866 3612 1922 3667; x_wconf 86' lang='lat' dir='ltr'><strong>qua</strong></span> 
     </span>
    </p>
   </div>
   <div class='ocr_carea' id='block_1_6' title="bbox 164 3677 1920 4986">
    <p class='ocr_par' dir='ltr' id='par_1_7' title="bbox 166 3677 1920 4717">
     <span class='ocr_line' id='line_1_40' title="bbox 173 3677 1920 3753; baseline -0.003 -15"><span class='ocrx_word' id='word_1_607' title='bbox 173 3688 243 3738; x_wconf 88' lang='lat' dir='ltr'><strong>tunc</strong></span> <span class='ocrx_word' id='word_1_608' title='bbox 256 3682 327 3737; x_wconf 90' lang='lat' dir='ltr'><strong>illud</strong></span> <span class='ocrx_word' id='word_1_609' title='bbox 351 3681 382 3735; x_wconf 90' lang='lat' dir='ltr'><strong>in</strong></span> <span class='ocrx_word' id='word_1_610' title='bbox 405 3680 550 3736; x_wconf 85' lang='lat' dir='ltr'><strong>cervinam</strong></span> <span class='ocrx_word' id='word_1_611' title='bbox 571 3678 725 3749; x_wconf 90' lang='lat' dir='ltr'><strong>corrigiam</strong></span> <span class='ocrx_word' id='word_1_612' title='bbox 746 3693 861 3745; x_wconf 91' lang='lat' dir='ltr'><strong>consue,</strong></span> <span class='ocrx_word' id='word_1_613' title='bbox 883 3694 949 3732; x_wconf 70' lang='lat' dir='ltr'><strong>cerm</strong></span> <span class='ocrx_word' id='word_1_614' title='bbox 973 3677 1022 3731; x_wconf 89' lang='lat' dir='ltr'><strong>illa</strong></span> <span class='ocrx_word' id='word_1_615' title='bbox 1075 3681 1173 3753; x_wconf 76' lang='lat' dir='ltr'><strong>aquila</strong></span> <span class='ocrx_word' id='word_1_616' title='bbox 1187 3681 1327 3737; x_wconf 86' lang='lat' dir='ltr'><strong>occiditur</strong></span> <span class='ocrx_word' id='word_1_617' title='bbox 1342 3682 1384 3736; x_wconf 79' lang='lat' dir='ltr'><strong>rel</strong></span> <span class='ocrx_word' id='word_1_618' title='bbox 1398 3698 1450 3753; x_wconf 90' lang='lat' dir='ltr'><strong>per</strong></span> <span class='ocrx_word' id='word_1_619' title='bbox 1464 3698 1493 3735; x_wconf 88' lang='lat' dir='ltr'><strong>se</strong></span> <span class='ocrx_word' id='word_1_620' title='bbox 1509 3683 1641 3750; x_wconf 90' lang='lat' dir='ltr'><strong>moritur,</strong></span> <span class='ocrx_word' id='word_1_621' title='bbox 1656 3687 1716 3737; x_wconf 88' lang='lat' dir='ltr'><strong>tota</strong></span> <span class='ocrx_word' id='word_1_622' title='bbox 1731 3682 1773 3737; x_wconf 82' lang='lat' dir='ltr'><strong>ris</strong></span> <span class='ocrx_word' id='word_1_623' title='bbox 1788 3684 1818 3738; x_wconf 88' lang='lat' dir='ltr'><strong>in</strong></span> <span class='ocrx_word' id='word_1_624' title='bbox 1838 3684 1920 3739; x_wconf 78' lang='lat' dir='ltr'><strong>corde</strong></span> 
     </span>
     <span class='ocr_line' id='line_1_41' title="bbox 175 3764 1919 3841; baseline 0.001 -16"><span class='ocrx_word' id='word_1_625' title='bbox 175 3776 204 3825; x_wconf 88' lang='lat' dir='ltr'><strong>te</strong></span> <span class='ocrx_word' id='word_1_626' title='bbox 223 3769 317 3841; x_wconf 91' lang='lat' dir='ltr'><strong>cinge,</strong></span> <span class='ocrx_word' id='word_1_627' title='bbox 339 3774 369 3823; x_wconf 86' lang='lat' dir='ltr'><strong>et</strong></span> <span class='ocrx_word' id='word_1_628' title='bbox 392 3768 417 3823; x_wconf 89' lang='lat' dir='ltr'><strong>si</strong></span> <span class='ocrx_word' id='word_1_629' title='bbox 437 3766 502 3839; x_wconf 87' lang='lat' dir='ltr'><strong>qais</strong></span> <span class='ocrx_word' id='word_1_630' title='bbox 535 3771 563 3821; x_wconf 86' lang='lat' dir='ltr'><strong>te</strong></span> <span class='ocrx_word' id='word_1_631' title='bbox 589 3781 700 3821; x_wconf 80' lang='lat' dir='ltr'><strong>veneno</strong></span> <span class='ocrx_word' id='word_1_632' title='bbox 722 3766 851 3820; x_wconf 87' lang='lat' dir='ltr'><strong>occidere</strong></span> <span class='ocrx_word' id='word_1_633' title='bbox 864 3766 934 3832; x_wconf 76' lang='lat' dir='ltr'><strong>vult,</strong></span> <span class='ocrx_word' id='word_1_634' title='bbox 951 3764 1020 3821; x_wconf 89' lang='lat' dir='ltr'><strong>dum</strong></span> <span class='ocrx_word' id='word_1_635' title='bbox 1075 3771 1136 3841; x_wconf 80' lang='lat' dir='ltr'><strong>rjus</strong></span> <span class='ocrx_word' id='word_1_636' title='bbox 1151 3775 1204 3836; x_wconf 88' lang='lat' dir='ltr'><strong>est,</strong></span> <span class='ocrx_word' id='word_1_637' title='bbox 1216 3768 1256 3824; x_wconf 91' lang='lat' dir='ltr'><strong>ita</strong></span> <span class='ocrx_word' id='word_1_638' title='bbox 1271 3770 1348 3841; x_wconf 91' lang='lat' dir='ltr'><strong>quod</strong></span> <span class='ocrx_word' id='word_1_639' title='bbox 1371 3770 1467 3841; x_wconf 87' lang='lat' dir='ltr'><strong>ipsum</strong></span> <span class='ocrx_word' id='word_1_640' title='bbox 1482 3786 1531 3826; x_wconf 92' lang='lat' dir='ltr'><strong>cor</strong></span> <span class='ocrx_word' id='word_1_641' title='bbox 1544 3772 1667 3826; x_wconf 84' lang='lat' dir='ltr'><strong>litrelut</strong></span> <span class='ocrx_word' id='word_1_642' title='bbox 1692 3773 1849 3840; x_wconf 75' lang='lat' dir='ltr'><strong>unmechtig</strong></span> <span class='ocrx_word' id='word_1_643' title='bbox 1874 3774 1919 3838; x_wconf 85' lang='lat' dir='ltr'><strong>sit,</strong></span> 
     </span>
     <span class='ocr_line' id='line_1_42' title="bbox 175 3853 1919 3931; baseline 0 -18"><span class='ocrx_word' id='word_1_644' title='bbox 175 3874 240 3915; x_wconf 90' lang='lat' dir='ltr'><strong>corn</strong></span> <span class='ocrx_word' id='word_1_645' title='bbox 266 3859 366 3914; x_wconf 87' lang='lat' dir='ltr'><strong>eadem</strong></span> <span class='ocrx_word' id='word_1_646' title='bbox 386 3855 512 3927; x_wconf 86' lang='lat' dir='ltr'><strong>corrigia</strong></span> <span class='ocrx_word' id='word_1_647' title='bbox 544 3870 609 3909; x_wconf 89' lang='lat' dir='ltr'><strong>curn</strong></span> <span class='ocrx_word' id='word_1_648' title='bbox 630 3853 716 3909; x_wconf 89' lang='lat' dir='ltr'><strong>corde</strong></span> <span class='ocrx_word' id='word_1_649' title='bbox 738 3853 789 3908; x_wconf 89' lang='lat' dir='ltr'><strong>iilo</strong></span> <span class='ocrx_word' id='word_1_650' title='bbox 809 3854 951 3908; x_wconf 90' lang='lat' dir='ltr'><strong>accinctus</strong></span> <span class='ocrx_word' id='word_1_651' title='bbox 979 3870 1019 3922; x_wconf 84' lang='lat' dir='ltr'><strong>cs,</strong></span> <span class='ocrx_word' id='word_1_652' title='bbox 1074 3858 1113 3913; x_wconf 84' lang='lat' dir='ltr'><strong>ita</strong></span> <span class='ocrx_word' id='word_1_653' title='bbox 1142 3858 1219 3931; x_wconf 86' lang='lat' dir='ltr'><strong>quod</strong></span> <span class='ocrx_word' id='word_1_654' title='bbox 1243 3858 1328 3913; x_wconf 86' lang='lat' dir='ltr'><strong>etiem</strong></span> <span class='ocrx_word' id='word_1_655' title='bbox 1345 3858 1467 3914; x_wconf 88' lang='lat' dir='ltr'><strong>debilius</strong></span> <span class='ocrx_word' id='word_1_656' title='bbox 1489 3860 1545 3913; x_wconf 90' lang='lat' dir='ltr'><strong>erit</strong></span> <span class='ocrx_word' id='word_1_657' title='bbox 1558 3875 1645 3931; x_wconf 84' lang='lat' dir='ltr'><strong>quam</strong></span> <span class='ocrx_word' id='word_1_658' title='bbox 1668 3860 1725 3914; x_wconf 88' lang='lat' dir='ltr'><strong>alia</strong></span> <span class='ocrx_word' id='word_1_659' title='bbox 1739 3859 1826 3915; x_wconf 88' lang='lat' dir='ltr'><strong>corda</strong></span> <span class='ocrx_word' id='word_1_660' title='bbox 1841 3860 1919 3914; x_wconf 82' lang='lat' dir='ltr'><strong>volu-</strong></span> 
     </span>
     <span class='ocr_line' id='line_1_43' title="bbox 174 3941 1919 4017; baseline -0.008 -15"><span class='ocrx_word' id='word_1_661' title='bbox 174 3964 241 4002; x_wconf 73' lang='lat' dir='ltr'><strong>mur</strong></span> <span class='ocrx_word' id='word_1_662' title='bbox 268 3952 328 4001; x_wconf 90' lang='lat' dir='ltr'><strong>toto</strong></span> <span class='ocrx_word' id='word_1_663' title='bbox 349 3960 467 4017; x_wconf 88' lang='lat' dir='ltr'><strong>corpore</strong></span> <span class='ocrx_word' id='word_1_664' title='bbox 481 3944 580 3998; x_wconf 86' lang='lat' dir='ltr'><strong>tremis</strong></span> <span class='ocrx_word' id='word_1_665' title='bbox 601 3948 632 3997; x_wconf 92' lang='lat' dir='ltr'><strong>et</strong></span> <span class='ocrx_word' id='word_1_666' title='bbox 653 3942 748 4009; x_wconf 90' lang='lat' dir='ltr'><strong>sudes,</strong></span> <span class='ocrx_word' id='word_1_667' title='bbox 762 3941 844 3996; x_wconf 86' lang='lat' dir='ltr'><strong>etsie</strong></span> <span class='ocrx_word' id='word_1_668' title='bbox 858 3941 1019 4012; x_wconf 86' lang='lat' dir='ltr'><strong>intelligere</strong></span> <span class='ocrx_word' id='word_1_669' title='bbox 1073 3962 1153 4003; x_wconf 77' lang='lat' dir='ltr'><strong>crum</strong></span> <span class='ocrx_word' id='word_1_670' title='bbox 1169 3952 1219 4002; x_wconf 69' lang='lat' dir='ltr'><strong>aut</strong></span> <span class='ocrx_word' id='word_1_671' title='bbox 1229 3946 1409 4009; x_wconf 70' lang='lat' dir='ltr'><strong>animalium,</strong></span> <span class='ocrx_word' id='word_1_672' title='bbox 1427 3947 1462 4002; x_wconf 77' lang='grc' dir='ltr'><strong>Ε(</strong></span> <span class='ocrx_word' id='word_1_673' title='bbox 1484 3946 1550 4003; x_wconf 62' lang='lat' dir='ltr'><strong>ido„</strong></span> <span class='ocrx_word' id='word_1_674' title='bbox 1565 3948 1663 4003; x_wconf 65' lang='lat' dir='ltr'><strong>nunu,</strong></span> <span class='ocrx_word' id='word_1_675' title='bbox 1676 3947 1765 4002; x_wconf 70' lang='lat' dir='ltr'><strong>homo</strong></span> <span class='ocrx_word' id='word_1_676' title='bbox 1779 3963 1829 4002; x_wconf 50' lang='grc' dir='ltr'><strong>ω)</strong></span> <span class='ocrx_word' id='word_1_677' title='bbox 1848 3947 1919 4003; x_wconf 66' lang='lat' dir='ltr'><strong>iilud</strong></span> 
     </span>
     <span class='ocr_line' id='line_1_44' title="bbox 173 4028 1917 4108; baseline 0 -19"><span class='ocrx_word' id='word_1_678' title='bbox 173 4035 432 4107; x_wconf 83' lang='lat' dir='ltr'><strong>poterisrenenurn</strong></span> <span class='ocrx_word' id='word_1_679' title='bbox 447 4032 501 4087; x_wconf 90' lang='lat' dir='ltr'><strong>tibi</strong></span> <span class='ocrx_word' id='word_1_680' title='bbox 515 4047 606 4102; x_wconf 92' lang='lat' dir='ltr'><strong>prope</strong></span> <span class='ocrx_word' id='word_1_681' title='bbox 621 4046 692 4092; x_wconf 87' lang='lat' dir='ltr'><strong>csse,</strong></span> <span class='ocrx_word' id='word_1_682' title='bbox 715 4035 744 4083; x_wconf 93' lang='lat' dir='ltr'><strong>et</strong></span> <span class='ocrx_word' id='word_1_683' title='bbox 758 4030 813 4084; x_wconf 90' lang='lat' dir='ltr'><strong>hoc</strong></span> <span class='ocrx_word' id='word_1_684' title='bbox 828 4028 921 4094; x_wconf 74' lang='lat' dir='ltr'><strong>,modo</strong></span> <span class='ocrx_word' id='word_1_685' title='bbox 946 4029 1018 4084; x_wconf 89' lang='lat' dir='ltr'><strong>illud</strong></span> <span class='ocrx_word' id='word_1_686' title='bbox 1072 4039 1131 4091; x_wconf 77' lang='lat' dir='ltr'><strong>tam</strong></span> <span class='ocrx_word' id='word_1_687' title='bbox 1145 4035 1219 4091; x_wconf 77' lang='lat' dir='ltr'><strong>forte</strong></span> <span class='ocrx_word' id='word_1_688' title='bbox 1235 4034 1340 4091; x_wconf 88' lang='lat' dir='ltr'><strong>habere</strong></span> <span class='ocrx_word' id='word_1_689' title='bbox 1356 4040 1450 4108; x_wconf 88' lang='lat' dir='ltr'><strong>potest</strong></span> <span class='ocrx_word' id='word_1_690' title='bbox 1465 4041 1497 4091; x_wconf 93' lang='lat' dir='ltr'><strong>ut</strong></span> <span class='ocrx_word' id='word_1_691' title='bbox 1516 4036 1548 4091; x_wconf 89' lang='lat' dir='ltr'><strong>iu</strong></span> <span class='ocrx_word' id='word_1_692' title='bbox 1562 4036 1626 4108; x_wconf 91' lang='lat' dir='ltr'><strong>ipso</strong></span> <span class='ocrx_word' id='word_1_693' title='bbox 1640 4042 1683 4091; x_wconf 89' lang='lat' dir='ltr'><strong>est</strong></span> <span class='ocrx_word' id='word_1_694' title='bbox 1707 4036 1822 4108; x_wconf 89' lang='lat' dir='ltr'><strong>qnando</strong></span> <span class='ocrx_word' id='word_1_695' title='bbox 1837 4038 1917 4095; x_wconf 76' lang='lat' dir='ltr'><strong>risit</strong></span> 
     </span>
     <span class='ocr_line' id='line_1_45' title="bbox 171 4118 1918 4194; baseline -0.001 -15"><span class='ocrx_word' id='word_1_696' title='bbox 171 4125 299 4179; x_wconf 82' lang='lat' dir='ltr'><strong>devitare</strong></span> <span class='ocrx_word' id='word_1_697' title='bbox 319 4122 436 4194; x_wconf 90' lang='lat' dir='ltr'><strong>poteris.</strong></span> <span class='ocrx_word' id='word_1_698' title='bbox 463 4122 535 4175; x_wconf 85' lang='lat' dir='ltr'><strong>Nam</strong></span> <span class='ocrx_word' id='word_1_699' title='bbox 558 4119 627 4186; x_wconf 84' lang='lat' dir='ltr'><strong>qnia</strong></span> <span class='ocrx_word' id='word_1_700' title='bbox 640 4119 739 4174; x_wconf 85' lang='lat' dir='ltr'><strong>vultur</strong></span> <span class='ocrx_word' id='word_1_701' title='bbox 760 4134 905 4173; x_wconf 82' lang='lat' dir='ltr'><strong>venenum</strong></span> <span class='ocrx_word' id='word_1_702' title='bbox 931 4118 1017 4186; x_wconf 78' lang='lat' dir='ltr'><strong>ledit,</strong></span> <span class='ocrx_word' id='word_1_703' title='bbox 1072 4122 1116 4179; x_wconf 90' lang='lat' dir='ltr'><strong>Sic</strong></span> <span class='ocrx_word' id='word_1_704' title='bbox 1130 4129 1159 4178; x_wconf 88' lang='lat' dir='ltr'><strong>et</strong></span> <span class='ocrx_word' id='word_1_705' title='bbox 1172 4124 1294 4179; x_wconf 86' lang='lat' dir='ltr'><strong>scotbaro</strong></span> <span class='ocrx_word' id='word_1_706' title='bbox 1307 4130 1337 4179; x_wconf 89' lang='lat' dir='ltr'><strong>ct</strong></span> <span class='ocrx_word' id='word_1_707' title='bbox 1363 4139 1479 4194; x_wconf 78' lang='lat' dir='ltr'><strong>persero</strong></span> <span class='ocrx_word' id='word_1_708' title='bbox 1506 4140 1540 4180; x_wconf 90' lang='lat' dir='ltr'><strong>ac</strong></span> <span class='ocrx_word' id='word_1_709' title='bbox 1564 4122 1698 4181; x_wconf 82' lang='lat' dir='ltr'><strong>insertare</strong></span> <span class='ocrx_word' id='word_1_710' title='bbox 1712 4123 1842 4179; x_wconf 87' lang='lat' dir='ltr'><strong>eamdem</strong></span> <span class='ocrx_word' id='word_1_711' title='bbox 1867 4140 1918 4178; x_wconf 89' lang='lat' dir='ltr'><strong>na·</strong></span> 
     </span>
     <span class='ocr_line' id='line_1_46' title="bbox 170 4205 1920 4284; baseline -0.005 -10"><span class='ocrx_word' id='word_1_712' title='bbox 170 4213 237 4267; x_wconf 71' lang='lat' dir='ltr'><strong>ideo</strong></span> <span class='ocrx_word' id='word_1_713' title='bbox 268 4210 355 4265; x_wconf 62' lang='lat' dir='ltr'><strong>eliam</strong></span> <span class='ocrx_word' id='word_1_714' title='bbox 379 4208 473 4263; x_wconf 55' lang='grc' dir='ltr'><strong>θωπί)</strong></span> <span class='ocrx_word' id='word_1_715' title='bbox 492 4207 573 4262; x_wconf 57' lang='grc'>18910</span> <span class='ocrx_word' id='word_1_716' title='bbox 599 4206 635 4260; x_wconf 72' lang='lat'><strong>⁸1¹</strong></span> <span class='ocrx_word' id='word_1_717' title='bbox 655 4222 689 4261; x_wconf 68' lang='lat'><strong>²⁰</strong></span> <span class='ocrx_word' id='word_1_718' title='bbox 710 4205 797 4277; x_wconf 48' lang='lat' dir='ltr'><strong>fugin</strong></span> <span class='ocrx_word' id='word_1_719' title='bbox 819 4207 915 4260; x_wconf 72' lang='lat' dir='ltr'><strong>vultur</strong></span> <span class='ocrx_word' id='word_1_720' title='bbox 938 4206 1014 4261; x_wconf 74' lang='lat' dir='ltr'><strong>enim</strong></span> <span class='ocrx_word' id='word_1_721' title='bbox 1037 4211 1165 4267; x_wconf 80' lang='lat' dir='ltr'><strong>lituram</strong></span> <span class='ocrx_word' id='word_1_722' title='bbox 1180 4211 1288 4267; x_wconf 79' lang='lat' dir='ltr'><strong>liabent</strong></span> <span class='ocrx_word' id='word_1_723' title='bbox 1312 4212 1514 4283; x_wconf 83' lang='lat' dir='ltr'><strong>qtramctiste</strong></span> <span class='ocrx_word' id='word_1_724' title='bbox 1538 4210 1814 4284; x_wconf 88' lang='lat' dir='ltr'><strong>dequo,nisiquod</strong></span> <span class='ocrx_word' id='word_1_725' title='bbox 1844 4212 1920 4265; x_wconf 92' lang='lat' dir='ltr'><strong>alius</strong></span> 
     </span>
     <span class='ocr_line' id='line_1_47' title="bbox 170 4297 1918 4372; baseline 0.004 -24"><span class='ocrx_word' id='word_1_726' title='bbox 170 4297 341 4354; x_wconf 75' lang='lat' dir='ltr'><strong>naturaliter</strong></span> <span class='ocrx_word' id='word_1_727' title='bbox 358 4302 491 4368; x_wconf 80' lang='lat' dir='ltr'><strong>tempora</strong></span> <span class='ocrx_word' id='word_1_728' title='bbox 518 4310 654 4350; x_wconf 89' lang='lat' dir='ltr'><strong>aurarum</strong></span> <span class='ocrx_word' id='word_1_729' title='bbox 688 4298 718 4348; x_wconf 89' lang='lat' dir='ltr'><strong>et</strong></span> <span class='ocrx_word' id='word_1_730' title='bbox 742 4309 826 4348; x_wconf 85' lang='lat' dir='ltr'><strong>auras</strong></span> <span class='ocrx_word' id='word_1_731' title='bbox 849 4300 1015 4366; x_wconf 90' lang='lat' dir='ltr'><strong>temporum</strong></span> <span class='ocrx_word' id='word_1_732' title='bbox 1069 4300 1174 4369; x_wconf 89' lang='lat' dir='ltr'><strong>acrior,</strong></span> <span class='ocrx_word' id='word_1_733' title='bbox 1189 4298 1261 4354; x_wconf 82' lang='lat' dir='ltr'><strong>nlius</strong></span> <span class='ocrx_word' id='word_1_734' title='bbox 1276 4299 1435 4367; x_wconf 86' lang='lat' dir='ltr'><strong>leniorest,</strong></span> <span class='ocrx_word' id='word_1_735' title='bbox 1449 4308 1477 4354; x_wconf 92' lang='lat' dir='ltr'><strong>et</strong></span> <span class='ocrx_word' id='word_1_736' title='bbox 1492 4301 1567 4372; x_wconf 87' lang='lat' dir='ltr'><strong>quod</strong></span> <span class='ocrx_word' id='word_1_737' title='bbox 1582 4302 1656 4355; x_wconf 83' lang='lat' dir='ltr'><strong>alius</strong></span> <span class='ocrx_word' id='word_1_738' title='bbox 1679 4301 1815 4368; x_wconf 85' lang='lat' dir='ltr'><strong>velocius,</strong></span> <span class='ocrx_word' id='word_1_739' title='bbox 1843 4302 1918 4355; x_wconf 87' lang='lat' dir='ltr'><strong>alins</strong></span> 
     </span>
     <span class='ocr_line' id='line_1_48' title="bbox 169 4382 1918 4458; baseline -0.003 -8"><span class='ocrx_word' id='word_1_740' title='bbox 169 4387 259 4458; x_wconf 67' lang='lat' dir='ltr'><strong>novit,</strong></span> <span class='ocrx_word' id='word_1_741' title='bbox 282 4393 312 4442; x_wconf 69' lang='grc'><strong>01</strong></span> <span class='ocrx_word' id='word_1_742' title='bbox 328 4386 572 4442; x_wconf 69' lang='lat' dir='ltr'><strong>eliamwletlitm</strong></span> <span class='ocrx_word' id='word_1_743' title='bbox 592 4382 764 4438; x_wconf 64' lang='lat' dir='ltr'><strong>wotssidttti</strong></span> <span class='ocrx_word' id='word_1_744' title='bbox 780 4382 913 4439; x_wconf 64' lang='lat' dir='ltr'><strong>dedititii·</strong></span> <span class='ocrx_word' id='word_1_745' title='bbox 936 4382 1014 4439; x_wconf 81' lang='lat' dir='ltr'><strong>Unde</strong></span> <span class='ocrx_word' id='word_1_746' title='bbox 1068 4387 1178 4444; x_wconf 84' lang='lat' dir='ltr'><strong>tardius</strong></span> <span class='ocrx_word' id='word_1_747' title='bbox 1190 4385 1274 4455; x_wconf 86' lang='lat' dir='ltr'><strong>volat,</strong></span> <span class='ocrx_word' id='word_1_748' title='bbox 1300 4387 1373 4443; x_wconf 90' lang='lat' dir='ltr'><strong>sicut</strong></span> <span class='ocrx_word' id='word_1_749' title='bbox 1398 4395 1427 4442; x_wconf 88' lang='lat' dir='ltr'><strong>et</strong></span> <span class='ocrx_word' id='word_1_750' title='bbox 1451 4388 1625 4445; x_wconf 84' lang='lat' dir='ltr'><strong>inomiucsin</strong></span> <span class='ocrx_word' id='word_1_751' title='bbox 1652 4388 1782 4443; x_wconf 89' lang='lat' dir='ltr'><strong>rnoribus</strong></span> <span class='ocrx_word' id='word_1_752' title='bbox 1798 4389 1859 4443; x_wconf 81' lang='lat' dir='ltr'><strong>suis</strong></span> <span class='ocrx_word' id='word_1_753' title='bbox 1876 4390 1918 4444; x_wconf 93' lang='lat' dir='ltr'><strong>di·</strong></span> 
     </span>
     <span class='ocr_line' id='line_1_49' title="bbox 167 4469 1919 4547; baseline 0 -16"><span class='ocrx_word' id='word_1_754' title='bbox 167 4492 217 4531; x_wconf 85' lang='lat' dir='ltr'><strong>cor</strong></span> <span class='ocrx_word' id='word_1_755' title='bbox 233 4476 306 4547; x_wconf 88' lang='lat' dir='ltr'><strong>ejas,</strong></span> <span class='ocrx_word' id='word_1_756' title='bbox 328 4474 365 4529; x_wconf 93' lang='lat' dir='ltr'><strong>ad</strong></span> <span class='ocrx_word' id='word_1_757' title='bbox 387 4474 487 4544; x_wconf 87' lang='lat' dir='ltr'><strong>ignem</strong></span> <span class='ocrx_word' id='word_1_758' title='bbox 505 4472 643 4543; x_wconf 90' lang='lat' dir='ltr'><strong>positum,</strong></span> <span class='ocrx_word' id='word_1_759' title='bbox 664 4476 696 4525; x_wconf 86' lang='lat' dir='ltr'><strong>ut</strong></span> <span class='ocrx_word' id='word_1_760' title='bbox 719 4470 797 4542; x_wconf 81' lang='lat' dir='ltr'><strong>quod</strong></span> <span class='ocrx_word' id='word_1_761' title='bbox 824 4469 1014 4526; x_wconf 87' lang='lat' dir='ltr'><strong>livorisineo</strong></span> <span class='ocrx_word' id='word_1_762' title='bbox 1068 4476 1142 4531; x_wconf 81' lang='lat' dir='ltr'><strong>versi</strong></span> <span class='ocrx_word' id='word_1_763' title='bbox 1160 4479 1237 4543; x_wconf 89' lang='lat' dir='ltr'><strong>sunt,</strong></span> <span class='ocrx_word' id='word_1_764' title='bbox 1264 4474 1313 4529; x_wconf 87' lang='lat' dir='ltr'><strong>sed</strong></span> <span class='ocrx_word' id='word_1_765' title='bbox 1336 4480 1431 4531; x_wconf 88' lang='lat' dir='ltr'><strong>tamen</strong></span> <span class='ocrx_word' id='word_1_766' title='bbox 1454 4493 1539 4532; x_wconf 86' lang='lat' dir='ltr'><strong>nnern</strong></span> <span class='ocrx_word' id='word_1_767' title='bbox 1564 4485 1697 4533; x_wconf 83' lang='lat' dir='ltr'><strong>usturam</strong></span> <span class='ocrx_word' id='word_1_768' title='bbox 1727 4477 1919 4532; x_wconf 87' lang='lat' dir='ltr'><strong>humanitatis</strong></span> 
     </span>
     <span class='ocr_line' id='line_1_50' title="bbox 166 4558 1918 4636; baseline -0.001 -15"><span class='ocrx_word' id='word_1_769' title='bbox 166 4573 210 4621; x_wconf 85' lang='lat' dir='ltr'><strong>est</strong></span> <span class='ocrx_word' id='word_1_770' title='bbox 224 4565 389 4630; x_wconf 82' lang='lat' dir='ltr'><strong>exsiccetur,</strong></span> <span class='ocrx_word' id='word_1_771' title='bbox 405 4568 435 4617; x_wconf 89' lang='lat' dir='ltr'><strong>et</strong></span> <span class='ocrx_word' id='word_1_772' title='bbox 448 4562 534 4617; x_wconf 90' lang='lat' dir='ltr'><strong>etiam</strong></span> <span class='ocrx_word' id='word_1_773' title='bbox 549 4560 584 4616; x_wconf 92' lang='lat' dir='ltr'><strong>ad</strong></span> <span class='ocrx_word' id='word_1_774' title='bbox 604 4561 706 4628; x_wconf 91' lang='lat' dir='ltr'><strong>solem,</strong></span> <span class='ocrx_word' id='word_1_775' title='bbox 732 4564 764 4614; x_wconf 92' lang='lat' dir='ltr'><strong>ut</strong></span> <span class='ocrx_word' id='word_1_776' title='bbox 787 4558 936 4614; x_wconf 84' lang='lat' dir='ltr'><strong>firmitudo</strong></span> <span class='ocrx_word' id='word_1_777' title='bbox 951 4560 1013 4629; x_wconf 84' lang='lat' dir='ltr'><strong>ejus</strong></span> <span class='ocrx_word' id='word_1_778' title='bbox 1066 4564 1183 4619; x_wconf 86' lang='lat' dir='ltr'><strong>habent.</strong></span> <span class='ocrx_word' id='word_1_779' title='bbox 1200 4564 1232 4618; x_wconf 84' lang='lat' dir='ltr'><strong>lit</strong></span> <span class='ocrx_word' id='word_1_780' title='bbox 1244 4563 1280 4618; x_wconf 93' lang='lat' dir='ltr'><strong>ad</strong></span> <span class='ocrx_word' id='word_1_781' title='bbox 1294 4563 1344 4619; x_wconf 86' lang='lat' dir='ltr'><strong>illa</strong></span> <span class='ocrx_word' id='word_1_782' title='bbox 1368 4580 1457 4635; x_wconf 87' lang='lat' dir='ltr'><strong>opera</strong></span> <span class='ocrx_word' id='word_1_783' title='bbox 1484 4566 1579 4621; x_wconf 84' lang='lat' dir='ltr'><strong>valent</strong></span> <span class='ocrx_word' id='word_1_784' title='bbox 1605 4566 1677 4619; x_wconf 84' lang='lat' dir='ltr'><strong>sicut</strong></span> <span class='ocrx_word' id='word_1_785' title='bbox 1700 4566 1786 4619; x_wconf 90' lang='lat' dir='ltr'><strong>etiam</strong></span> <span class='ocrx_word' id='word_1_786' title='bbox 1816 4567 1918 4636; x_wconf 66' lang='lat' dir='ltr'><strong>preta-</strong></span> 
     </span>
     <span class='ocr_line' id='line_1_51' title="bbox 166 4647 1194 4717; baseline -0.009 -8"><span class='ocrx_word' id='word_1_787' title='bbox 166 4655 202 4710; x_wconf 92' lang='lat' dir='ltr'><strong>de</strong></span> <span class='ocrx_word' id='word_1_788' title='bbox 216 4652 309 4708; x_wconf 89' lang='lat' dir='ltr'><strong>calore</strong></span> <span class='ocrx_word' id='word_1_789' title='bbox 322 4650 390 4707; x_wconf 90' lang='lat' dir='ltr'><strong>sotis</strong></span> <span class='ocrx_word' id='word_1_790' title='bbox 407 4650 568 4717; x_wconf 88' lang='lat' dir='ltr'><strong>roboretur,</strong></span> <span class='ocrx_word' id='word_1_791' title='bbox 584 4654 613 4703; x_wconf 87' lang='lat' dir='ltr'><strong>et</strong></span> <span class='ocrx_word' id='word_1_792' title='bbox 632 4649 671 4703; x_wconf 82' lang='lat' dir='ltr'><strong>ite</strong></span> <span class='ocrx_word' id='word_1_793' title='bbox 697 4649 727 4703; x_wconf 89' lang='lat' dir='ltr'><strong>in</strong></span> <span class='ocrx_word' id='word_1_794' title='bbox 750 4647 894 4703; x_wconf 81' lang='lat' dir='ltr'><strong>cervinam</strong></span> <span class='ocrx_word' id='word_1_795' title='bbox 920 4648 1013 4702; x_wconf 92' lang='lat' dir='ltr'><strong>corri-</strong></span> <span class='ocrx_word' id='word_1_796' title='bbox 1065 4656 1128 4708; x_wconf 83' lang='lat' dir='ltr'><strong>inm</strong></span> <span class='ocrx_word' id='word_1_797' title='bbox 1142 4656 1194 4707; x_wconf 71' lang='lat' dir='ltr'><strong>est,</strong></span> 
     </span>
    </p>

    <p class='ocr_par' dir='ltr' id='par_1_8' title="bbox 166 4734 1798 4814">
     <span class='ocr_line' id='line_1_52' title="bbox 166 4734 1798 4814; baseline -0.001 -20"><span class='ocrx_word' id='word_1_798' title='bbox 166 4742 244 4811; x_wconf 89' lang='lat' dir='ltr'><strong>giam</strong></span> <span class='ocrx_word' id='word_1_799' title='bbox 266 4738 405 4810; x_wconf 86' lang='lat' dir='ltr'><strong>positum,</strong></span> <span class='ocrx_word' id='word_1_800' title='bbox 438 4741 506 4809; x_wconf 82' lang='lat' dir='ltr'><strong>quia</strong></span> <span class='ocrx_word' id='word_1_801' title='bbox 529 4752 630 4791; x_wconf 83' lang='lat' dir='ltr'><strong>cerrus</strong></span> <span class='ocrx_word' id='word_1_802' title='bbox 652 4736 778 4791; x_wconf 82' lang='lat' dir='ltr'><strong>velocior</strong></span> <span class='ocrx_word' id='word_1_803' title='bbox 801 4739 830 4791; x_wconf 92' lang='lat' dir='ltr'><strong>et</strong></span> <span class='ocrx_word' id='word_1_804' title='bbox 850 4734 1013 4790; x_wconf 88' lang='lat' dir='ltr'><strong>sensibilior</strong></span> <span class='ocrx_word' id='word_1_805' title='bbox 1186 4739 1250 4795; x_wconf 80' lang='lat' dir='ltr'><strong>Cer.</strong></span> <span class='ocrx_word' id='word_1_806' title='bbox 1271 4739 1320 4797; x_wconf 88' lang='lat' dir='ltr'><strong>IX.</strong></span> <span class='ocrx_word' id='word_1_807' title='bbox 1341 4769 1376 4781; x_wconf 94' lang='lat'><em>—</em></span> <span class='ocrx_word' id='word_1_808' title='bbox 1398 4742 1436 4795; x_wconf 81' lang='lat' dir='ltr'><strong>lle</strong></span> <span class='ocrx_word' id='word_1_809' title='bbox 1455 4741 1589 4797; x_wconf 86' lang='lat' dir='ltr'><strong>Ooaareo</strong></span> <span class='ocrx_word' id='word_1_810' title='bbox 1608 4742 1664 4813; x_wconf 78' lang='lat' dir='ltr'><strong>[lt&#39;,</strong></span> <span class='ocrx_word' id='word_1_811' title='bbox 1687 4759 1715 4809; x_wconf 82' lang='lat' dir='ltr'><strong>rr,</strong></span> <span class='ocrx_word' id='word_1_812' title='bbox 1744 4742 1798 4814; x_wconf 78' lang='grc'>19).</span> 
     </span>
    </p>

    <p class='ocr_par' dir='ltr' id='par_1_9' title="bbox 164 4823 1914 4986">
     <span class='ocr_line' id='line_1_53' title="bbox 164 4823 1914 4901; baseline 0.003 -20"><span class='ocrx_word' id='word_1_813' title='bbox 164 4827 228 4881; x_wconf 85' lang='lat' dir='ltr'><strong>aliis</strong></span> <span class='ocrx_word' id='word_1_814' title='bbox 243 4826 417 4882; x_wconf 88' lang='lat' dir='ltr'><strong>animalibus</strong></span> <span class='ocrx_word' id='word_1_815' title='bbox 443 4834 495 4892; x_wconf 87' lang='lat' dir='ltr'><strong>ast,</strong></span> <span class='ocrx_word' id='word_1_816' title='bbox 518 4831 547 4879; x_wconf 88' lang='lat' dir='ltr'><strong>et</strong></span> <span class='ocrx_word' id='word_1_817' title='bbox 565 4825 607 4879; x_wconf 89' lang='lat' dir='ltr'><strong>ita</strong></span> <span class='ocrx_word' id='word_1_818' title='bbox 625 4824 736 4880; x_wconf 85' lang='lat' dir='ltr'><strong>homini</strong></span> <span class='ocrx_word' id='word_1_819' title='bbox 762 4823 1010 4891; x_wconf 85' lang='lat' dir='ltr'><strong>circumcinctum,</strong></span> <span class='ocrx_word' id='word_1_820' title='bbox 1101 4825 1221 4885; x_wconf 84' lang='lat' dir='ltr'><strong>odebero</strong></span> <span class='ocrx_word' id='word_1_821' title='bbox 1241 4825 1368 4895; x_wconf 86' lang='lat' dir='ltr'><strong>[Ciconia</strong></span> <span class='ocrx_word' id='word_1_822' title='bbox 1391 4828 1448 4900; x_wconf 72' lang='lat' dir='ltr'><strong>ecl]</strong></span> <span class='ocrx_word' id='word_1_823' title='bbox 1483 4830 1576 4885; x_wconf 86' lang='lat' dir='ltr'><strong>calida</strong></span> <span class='ocrx_word' id='word_1_824' title='bbox 1600 4837 1643 4885; x_wconf 86' lang='lat' dir='ltr'><strong>est</strong></span> <span class='ocrx_word' id='word_1_825' title='bbox 1665 4836 1751 4901; x_wconf 89' lang='lat' dir='ltr'><strong>atque</strong></span> <span class='ocrx_word' id='word_1_826' title='bbox 1776 4834 1914 4887; x_wconf 89' lang='lat' dir='ltr'><strong>naturam</strong></span> 
     </span>
     <span class='ocr_line' id='line_1_54' title="bbox 164 4911 1913 4986; baseline 0.002 -16"><span class='ocrx_word' id='word_1_827' title='bbox 164 4922 197 4970; x_wconf 95' lang='lat' dir='ltr'><strong>ut</strong></span> <span class='ocrx_word' id='word_1_828' title='bbox 210 4914 380 4986; x_wconf 75' lang='lat' dir='ltr'><strong>praedictum</strong></span> <span class='ocrx_word' id='word_1_829' title='bbox 399 4916 452 4981; x_wconf 87' lang='lat' dir='ltr'><strong>est,</strong></span> <span class='ocrx_word' id='word_1_830' title='bbox 472 4914 541 4967; x_wconf 91' lang='lat' dir='ltr'><strong>dum</strong></span> <span class='ocrx_word' id='word_1_831' title='bbox 565 4928 669 4986; x_wconf 90' lang='lat' dir='ltr'><strong>corpus</strong></span> <span class='ocrx_word' id='word_1_832' title='bbox 687 4911 814 4968; x_wconf 88' lang='lat' dir='ltr'><strong>hominis</strong></span> <span class='ocrx_word' id='word_1_833' title='bbox 835 4911 871 4965; x_wconf 89' lang='lat' dir='ltr'><strong>ab</strong></span> <span class='ocrx_word' id='word_1_834' title='bbox 894 4912 945 4967; x_wconf 89' lang='lat' dir='ltr'><strong>illo</strong></span> <span class='ocrx_word' id='word_1_835' title='bbox 965 4913 1010 4967; x_wconf 92' lang='lat' dir='ltr'><strong>in·</strong></span> <span class='ocrx_word' id='word_1_836' title='bbox 1063 4914 1217 4969; x_wconf 90' lang='lat' dir='ltr'><strong>stultorum</strong></span> <span class='ocrx_word' id='word_1_837' title='bbox 1231 4914 1399 4970; x_wconf 90' lang='lat' dir='ltr'><strong>animalium</strong></span> <span class='ocrx_word' id='word_1_838' title='bbox 1413 4915 1508 4983; x_wconf 87' lang='lat' dir='ltr'><strong>habet,</strong></span> <span class='ocrx_word' id='word_1_839' title='bbox 1524 4916 1596 4972; x_wconf 90' lang='lat' dir='ltr'><strong>stin</strong></span> <span class='ocrx_word' id='word_1_840' title='bbox 1612 4918 1708 4973; x_wconf 91' lang='lat' dir='ltr'><strong>medio</strong></span> <span class='ocrx_word' id='word_1_841' title='bbox 1729 4917 1804 4973; x_wconf 85' lang='lat' dir='ltr'><strong>aeris</strong></span> <span class='ocrx_word' id='word_1_842' title='bbox 1823 4920 1913 4985; x_wconf 81' lang='lat' dir='ltr'><strong>solat,</strong></span> 
     </span>
    </p>
   </div>
   <div class='ocr_carea' id='block_1_7' title="bbox 194 5035 1912 5543">
    <p class='ocr_par' dir='ltr' id='par_1_10' title="bbox 198 5035 1659 5107">
     <span class='ocr_line' id='line_1_55' title="bbox 198 5035 1659 5107; baseline 0.001 -15"><span class='ocrx_word' id='word_1_843' title='bbox 198 5036 240 5107; x_wconf 91' lang='grc'><strong>(1)</strong></span> <span class='ocrx_word' id='word_1_844' title='bbox 257 5037 294 5093; x_wconf 76' lang='lat' dir='ltr'><strong>dt</strong></span> <span class='ocrx_word' id='word_1_845' title='bbox 305 5038 336 5091; x_wconf 85' lang='lat' dir='ltr'><strong>in</strong></span> <span class='ocrx_word' id='word_1_846' title='bbox 351 5041 430 5091; x_wconf 85' lang='lat' dir='ltr'><strong>tante</strong></span> <span class='ocrx_word' id='word_1_847' title='bbox 438 5035 585 5091; x_wconf 84' lang='lat' dir='ltr'><strong>altitudine</strong></span> <span class='ocrx_word' id='word_1_848' title='bbox 597 5035 801 5090; x_wconf 85' lang='lat' dir='ltr'><strong>-oaciduntur</strong></span> <span class='ocrx_word' id='word_1_849' title='bbox 815 5051 873 5091; x_wconf 89' lang='lat' dir='ltr'><strong>om.</strong></span> <span class='ocrx_word' id='word_1_850' title='bbox 889 5036 935 5090; x_wconf 91' lang='lat' dir='ltr'><strong>ed.</strong></span> <span class='ocrx_word' id='word_1_851' title='bbox 1098 5036 1138 5107; x_wconf 83' lang='lat'><strong>(8)</strong></span> <span class='ocrx_word' id='word_1_852' title='bbox 1158 5036 1198 5090; x_wconf 82' lang='lat' dir='ltr'><strong>Et</strong></span> <span class='ocrx_word' id='word_1_853' title='bbox 1211 5036 1272 5091; x_wconf 84' lang='lat' dir='ltr'><strong>ideo</strong></span> <span class='ocrx_word' id='word_1_854' title='bbox 1285 5038 1367 5093; x_wconf 87' lang='lat' dir='ltr'><strong>etiem</strong></span> <span class='ocrx_word' id='word_1_855' title='bbox 1381 5068 1414 5079; x_wconf 93' lang='lat'>-</span> <span class='ocrx_word' id='word_1_856' title='bbox 1430 5039 1526 5107; x_wconf 72' lang='lat' dir='ltr'><strong>auffert</strong></span> <span class='ocrx_word' id='word_1_857' title='bbox 1537 5055 1594 5094; x_wconf 83' lang='lat' dir='ltr'><strong>cnr.</strong></span> <span class='ocrx_word' id='word_1_858' title='bbox 1613 5039 1659 5095; x_wconf 90' lang='lat' dir='ltr'><strong>ed.</strong></span> 
     </span>
    </p>

    <p class='ocr_par' dir='ltr' id='par_1_11' title="bbox 194 5104 1912 5459">
     <span class='ocr_line' id='line_1_56' title="bbox 198 5104 1912 5181; baseline 0.003 -20"><span class='ocrx_word' id='word_1_859' title='bbox 198 5110 235 5179; x_wconf 73' lang='grc'><strong>(1)</strong></span> <span class='ocrx_word' id='word_1_860' title='bbox 254 5108 326 5175; x_wconf 76' lang='lat' dir='ltr'><strong>Quia</strong></span> <span class='ocrx_word' id='word_1_861' title='bbox 340 5107 440 5174; x_wconf 70' lang='lat' dir='ltr'><strong>[netu.</strong></span> <span class='ocrx_word' id='word_1_862' title='bbox 456 5136 490 5147; x_wconf 89' lang='lat'><em>-</em></span> <span class='ocrx_word' id='word_1_863' title='bbox 504 5111 544 5161; x_wconf 86' lang='lat' dir='ltr'><strong>est</strong></span> <span class='ocrx_word' id='word_1_864' title='bbox 557 5121 616 5161; x_wconf 88' lang='lat' dir='ltr'><strong>orn.</strong></span> <span class='ocrx_word' id='word_1_865' title='bbox 635 5104 680 5161; x_wconf 88' lang='lat' dir='ltr'><strong>ed.</strong></span> <span class='ocrx_word' id='word_1_866' title='bbox 1097 5110 1136 5176; x_wconf 78' lang='lat' dir='ltr'><strong>(s)</strong></span> <span class='ocrx_word' id='word_1_867' title='bbox 1155 5106 1218 5174; x_wconf 82' lang='lat' dir='ltr'><strong>Ed,</strong></span> <span class='ocrx_word' id='word_1_868' title='bbox 1238 5110 1383 5173; x_wconf 72' lang='lat' dir='ltr'><strong>mortifera</strong></span> <span class='ocrx_word' id='word_1_869' title='bbox 1411 5116 1460 5165; x_wconf 79' lang='lat' dir='ltr'><strong>ert.</strong></span> <span class='ocrx_word' id='word_1_870' title='bbox 1485 5110 1542 5165; x_wconf 84' lang='lat' dir='ltr'><strong>Sed</strong></span> <span class='ocrx_word' id='word_1_871' title='bbox 1573 5113 1684 5179; x_wconf 78' lang='lat' dir='ltr'><strong>uquilae,</strong></span> <span class='ocrx_word' id='word_1_872' title='bbox 1712 5114 1838 5181; x_wconf 73' lang='lat' dir='ltr'><strong>quemi-is</strong></span> <span class='ocrx_word' id='word_1_873' title='bbox 1872 5114 1912 5167; x_wconf 78' lang='lat' dir='ltr'><strong>di·</strong></span> 
     </span>
     <span class='ocr_line' id='line_1_57' title="bbox 198 5177 1910 5247; baseline 0.003 -15"><span class='ocrx_word' id='word_1_874' title='bbox 198 5182 239 5247; x_wconf 77' lang='grc'><strong>(3)</strong></span> <span class='ocrx_word' id='word_1_875' title='bbox 256 5178 525 5233; x_wconf 79' lang='lat' dir='ltr'><strong>sedcummorsetc.</strong></span> <span class='ocrx_word' id='word_1_876' title='bbox 538 5177 583 5232; x_wconf 91' lang='lat' dir='ltr'><strong>ed.</strong></span> <span class='ocrx_word' id='word_1_877' title='bbox 1059 5192 1139 5231; x_wconf 79' lang='lat' dir='ltr'><strong>uersu</strong></span> <span class='ocrx_word' id='word_1_878' title='bbox 1170 5182 1281 5233; x_wconf 83' lang='lat' dir='ltr'><strong>nomino</strong></span> <span class='ocrx_word' id='word_1_879' title='bbox 1303 5178 1431 5245; x_wconf 80' lang='lat' dir='ltr'><strong>babeant,</strong></span> <span class='ocrx_word' id='word_1_880' title='bbox 1461 5194 1551 5235; x_wconf 75' lang='lat' dir='ltr'><strong>amires</strong></span> <span class='ocrx_word' id='word_1_881' title='bbox 1579 5189 1669 5237; x_wconf 82' lang='lat' dir='ltr'><strong>tomen</strong></span> <span class='ocrx_word' id='word_1_882' title='bbox 1700 5181 1819 5237; x_wconf 84' lang='lat' dir='ltr'><strong>eumdem</strong></span> <span class='ocrx_word' id='word_1_883' title='bbox 1857 5201 1910 5237; x_wconf 78' lang='lat' dir='ltr'><strong>rru-</strong></span> 
     </span>
     <span class='ocr_line' id='line_1_58' title="bbox 197 5245 1910 5319; baseline 0.003 -16"><span class='ocrx_word' id='word_1_884' title='bbox 197 5250 224 5317; x_wconf 82' lang='grc'><strong>(1</strong></span> <span class='ocrx_word' id='word_1_885' title='bbox 256 5248 367 5304; x_wconf 82' lang='lat' dir='ltr'><strong>Scilicet</strong></span> <span class='ocrx_word' id='word_1_886' title='bbox 378 5263 439 5303; x_wconf 83' lang='lat' dir='ltr'><strong>aum</strong></span> <span class='ocrx_word' id='word_1_887' title='bbox 449 5249 556 5315; x_wconf 78' lang='lat' dir='ltr'><strong>integro</strong></span> <span class='ocrx_word' id='word_1_888' title='bbox 576 5276 605 5287; x_wconf 95' lang='lat'><em>-</em></span> <span class='ocrx_word' id='word_1_889' title='bbox 620 5245 878 5316; x_wconf 66' lang='lat' dir='ltr'><strong>palaemonem</strong></span> <span class='ocrx_word' id='word_1_890' title='bbox 1061 5254 1151 5303; x_wconf 67' lang='lat' dir='ltr'><strong>rus-nm</strong></span> <span class='ocrx_word' id='word_1_891' title='bbox 1172 5249 1272 5303; x_wconf 79' lang='lat' dir='ltr'><strong>iubent</strong></span> <span class='ocrx_word' id='word_1_892' title='bbox 1296 5252 1351 5303; x_wconf 86' lang='lat' dir='ltr'><strong>nisi</strong></span> <span class='ocrx_word' id='word_1_893' title='bbox 1374 5250 1447 5317; x_wconf 83' lang='lat' dir='ltr'><strong>quod</strong></span> <span class='ocrx_word' id='word_1_894' title='bbox 1467 5252 1524 5305; x_wconf 81' lang='lat' dir='ltr'><strong>aliu</strong></span> <span class='ocrx_word' id='word_1_895' title='bbox 1546 5255 1647 5307; x_wconf 86' lang='lat' dir='ltr'><strong>uerior.</strong></span> <span class='ocrx_word' id='word_1_896' title='bbox 1666 5253 1724 5307; x_wconf 82' lang='lat' dir='ltr'><strong>nitu</strong></span> <span class='ocrx_word' id='word_1_897' title='bbox 1750 5254 1835 5307; x_wconf 78' lang='lat' dir='ltr'><strong>leuior</strong></span> <span class='ocrx_word' id='word_1_898' title='bbox 1857 5262 1910 5319; x_wconf 76' lang='lat' dir='ltr'><strong>est,</strong></span> 
     </span>
     <span class='ocr_line' id='line_1_59' title="bbox 194 5316 1912 5397; baseline 0.004 -25"><span class='ocrx_word' id='word_1_899' title='bbox 194 5321 222 5385; x_wconf 82' lang='lat'><strong>(5</strong></span> <span class='ocrx_word' id='word_1_900' title='bbox 254 5318 489 5390; x_wconf 83' lang='lat' dir='ltr'><strong>Reliquadesunt</strong></span> <span class='ocrx_word' id='word_1_901' title='bbox 503 5319 531 5371; x_wconf 90' lang='lat' dir='ltr'><strong>in</strong></span> <span class='ocrx_word' id='word_1_902' title='bbox 542 5316 586 5371; x_wconf 89' lang='lat' dir='ltr'><strong>ed.</strong></span> <span class='ocrx_word' id='word_1_903' title='bbox 1059 5324 1084 5372; x_wconf 89' lang='lat' dir='ltr'><strong>et</strong></span> <span class='ocrx_word' id='word_1_904' title='bbox 1099 5317 1173 5390; x_wconf 83' lang='lat' dir='ltr'><strong>quod</strong></span> <span class='ocrx_word' id='word_1_905' title='bbox 1187 5320 1245 5373; x_wconf 87' lang='lat' dir='ltr'><strong>ulie</strong></span> <span class='ocrx_word' id='word_1_906' title='bbox 1266 5320 1394 5385; x_wconf 83' lang='lat' dir='ltr'><strong>uelocius,</strong></span> <span class='ocrx_word' id='word_1_907' title='bbox 1408 5322 1466 5377; x_wconf 86' lang='lat' dir='ltr'><strong>ulia</strong></span> <span class='ocrx_word' id='word_1_908' title='bbox 1491 5322 1600 5377; x_wconf 86' lang='lat' dir='ltr'><strong>tardius</strong></span> <span class='ocrx_word' id='word_1_909' title='bbox 1626 5326 1708 5390; x_wconf 74' lang='lat' dir='ltr'><strong>reniet,</strong></span> <span class='ocrx_word' id='word_1_910' title='bbox 1726 5323 1832 5397; x_wconf 86' lang='lat' dir='ltr'><strong>quibus</strong></span> <span class='ocrx_word' id='word_1_911' title='bbox 1848 5340 1912 5379; x_wconf 80' lang='lat' dir='ltr'><strong>rer-</strong></span> 
     </span>
     <span class='ocr_line' id='line_1_60' title="bbox 194 5384 1638 5459; baseline 0.003 -14"><span class='ocrx_word' id='word_1_912' title='bbox 194 5391 223 5454; x_wconf 77' lang='lat' dir='ltr'><strong>ru</strong></span> <span class='ocrx_word' id='word_1_913' title='bbox 254 5390 334 5445; x_wconf 78' lang='lat' dir='ltr'><strong>Fnteo</strong></span> <span class='ocrx_word' id='word_1_914' title='bbox 347 5389 463 5459; x_wconf 72' lang='lat' dir='ltr'><strong>Aquila.</strong></span> <span class='ocrx_word' id='word_1_915' title='bbox 483 5388 524 5443; x_wconf 81' lang='lat' dir='ltr'><strong>ct.</strong></span> <span class='ocrx_word' id='word_1_916' title='bbox 536 5387 599 5443; x_wconf 86' lang='lat' dir='ltr'><strong>iob.</strong></span> <span class='ocrx_word' id='word_1_917' title='bbox 614 5402 708 5455; x_wconf 79' lang='lat' dir='ltr'><strong>arsia,</strong></span> <span class='ocrx_word' id='word_1_918' title='bbox 722 5384 766 5442; x_wconf 79' lang='lat'><strong>30.</strong></span> <span class='ocrx_word' id='word_1_919' title='bbox 1059 5388 1102 5445; x_wconf 75' lang='lat' dir='ltr'><strong>bis</strong></span> <span class='ocrx_word' id='word_1_920' title='bbox 1117 5390 1275 5458; x_wconf 77' lang='lat' dir='ltr'><strong>capitulum</strong></span> <span class='ocrx_word' id='word_1_921' title='bbox 1290 5390 1407 5458; x_wconf 84' lang='lat' dir='ltr'><strong>claudit,</strong></span> <span class='ocrx_word' id='word_1_922' title='bbox 1423 5391 1479 5447; x_wconf 88' lang='lat' dir='ltr'><strong>alio</strong></span> <span class='ocrx_word' id='word_1_923' title='bbox 1492 5394 1638 5451; x_wconf 84' lang='lat' dir='ltr'><strong>omittens.</strong></span> 
     </span>
    </p>

    <p class='ocr_par' dir='ltr' id='par_1_12' title="bbox 194 5458 1433 5543">
     <span class='ocr_line' id='line_1_61' title="bbox 194 5458 1433 5543; baseline 0.003 -28"><span class='ocrx_word' id='word_1_924' title='bbox 194 5458 233 5529; x_wconf 80' lang='lat' dir='ltr'><strong>(il</strong></span> <span class='ocrx_word' id='word_1_925' title='bbox 256 5460 506 5516; x_wconf 73' lang='lat' dir='ltr'><strong>Velut-ritum.</strong></span> <span class='ocrx_word' id='word_1_926' title='bbox 522 5458 568 5515; x_wconf 87' lang='lat' dir='ltr'><strong>ad.</strong></span> <span class='ocrx_word' id='word_1_927' title='bbox 601 5534 605 5543; x_wconf 31' lang='grc' dir='ltr'>Ι</span> <span class='ocrx_word' id='word_1_928' title='bbox 1094 5460 1148 5531; x_wconf 85' lang='grc'>(10)</span> <span class='ocrx_word' id='word_1_929' title='bbox 1170 5459 1433 5535; x_wconf 80' lang='lat' dir='ltr'><strong>Lucuscorruptua.</strong></span> 
     </span>
    </p>
   </div>
   <div class='ocr_carea' id='block_1_8' title="bbox 0 0 1996 6034">
    <p class='ocr_par' dir='ltr' id='par_1_13' title="bbox 0 0 1996 6034">
     <span class='ocr_line' id='line_1_62' title="bbox 0 0 1996 6034; baseline 0 6"><span class='ocrx_word' id='word_1_930' title='bbox 0 0 1996 6034; x_wconf 95' lang='lat' dir='ltr'><strong> </strong></span> 
     </span>
    </p>
   </div>
  </div>
 </body>
</html>
