3984 6034
74 252 132 303 nuti
683 242 829 302 sulvus.
841 273 877 287 -
888 243 955 302 ΜΒ.
974 243 1025 314 tlt,
1045 242 1137 302 vrs10
1156 243 1227 301 vni.
1778 251 1829 302 boo

74 384 221 444 renssnis
239 381 497 442 testificationibus.
512 379 585 448 Quid
605 379 679 439 boot
701 380 857 453 Sapientiae
879 379 926 436 ia·
945 379 1061 438 diteris
1085 379 1172 454 huius
1194 379 1404 453 germinarent,
1425 397 1498 456 quus
1521 383 1615 457 prime
1629 382 1734 441 molier
1746 383 1830 458 lnge·

75 473 214 530 tellectos
228 487 356 543 congrue
370 469 559 543 adjungitnr3
573 469 642 542 quia
654 484 721 524 euru
735 468 852 525 homoa
871 470 928 526 Deo
982 475 1064 525 verat
1086 470 1154 526 dum
1173 471 1318 527 consensit
1345 470 1464 528 audiens
1492 472 1647 530 eonsilium
1673 474 1826 545 serpentis,

77 561 266 633 insapientie
288 565 401 616 creatus
419 559 468 628 sit,
492 559 656 615 Creatorem
680 573 765 614 sunm
784 558 872 630 digne
886 558 930 612 in·
982 559 1024 615 ita
1039 559 1114 630 quod
1142 559 1172 614 in
1200 577 1234 616 ea
1260 559 1361 616 cecidit
1375 576 1462 616 omne
1476 576 1568 631 genus
1591 561 1765 628 humanum,
1780 577 1828 616 ca·

77 653 214 723 taltigere
229 650 337 706 debuit.
354 650 427 721 drgo
441 653 637 720 antepartum
659 647 831 719 virginalem
855 648 930 704 Deos
983 663 1051 705 rens
1064 647 1170 719 gaudio
1194 663 1327 720 supernae
1349 647 1497 714 claritatis,
1515 648 1571 704 nisi
1592 648 1670 721 qvvod
1690 649 1829 706 lloriditas

77 738 287 810 intelligendus
301 742 363 792 erat
375 737 483 808 absque
510 737 568 791 nlla
591 735 780 792 dubitatione.
795 735 849 790 Sed
865 741 931 807 post
982 737 1071 809 virga
1095 737 1172 792 illius
1190 739 1312 792 scienter
1338 737 1410 792 illud
1433 737 1554 792 elevavit
1568 751 1621 808 per
1640 737 1777 808 pietatem
1800 737 1830 793 in

78 825 388 900 partum,virginalern
408 824 577 896 praedictum
592 824 694 880 horem
718 823 845 880 incarne
860 839 929 895 pro·
983 826 1133 882 sanctitate
1158 825 1330 881 salvationis.
1365 825 1542 890 Quomodo?
1567 825 1740 881 Fortitudini
1768 841 1832 898 qne

80 915 234 982 terentem,
249 913 325 970 idem
342 914 395 969 tlos
408 913 613 986 intelligendus
625 915 687 968 erat
701 913 775 968 Dens
790 917 815 967 et
831 911 930 979 homo,
983 913 1130 970 diabolum
1143 914 1277 981 devincit,
1301 914 1497 970 adherentem
1522 914 1563 970 illi
1578 913 1736 970 scientiam.
1767 913 1831 987 Spi-

79 1004 130 1058 sed
145 1019 203 1058 non
231 1003 293 1058 sine
320 1001 521 1058 admiratione.
545 1003 579 1058 Et
601 1002 650 1057 ille
675 1001 835 1057 intellectus
850 999 931 1073 prius
984 1002 1056 1058 ritus
1084 1008 1198 1058 sanctus
1217 1003 1356 1076 inspirat:
1381 1019 1447 1059 eum
1473 1004 1549 1058 Deos
1578 1017 1629 1074 per
1655 1002 1756 1058 fideles
1777 1001 1833 1058 ho·

81 1091 244 1159 invisibilis,
267 1091 344 1146 visus
358 1095 402 1146 est
422 1090 538 1146 visibilis
560 1090 591 1146 in
606 1089 695 1147 tiore:
709 1105 775 1146 cum
804 1091 865 1162 ipse
878 1091 931 1145 tlos
984 1091 1078 1147 mines
1105 1089 1286 1146 devotissime
1314 1090 1345 1146 in
1372 1090 1540 1147 ardentibus
1564 1090 1713 1147 desideriis
1741 1106 1832 1162 agno·

79 1178 157 1232 hene
170 1175 380 1248 intelligibilem
394 1193 508 1232 mnsam
523 1176 656 1249 protulit,
670 1176 750 1249 qood
770 1177 858 1232 bomo
877 1175 931 1231 soi·
984 1181 1082 1248 scitur,
1115 1183 1144 1236 et
1172 1180 1274 1236 intimo
1307 1185 1385 1235 tactu
1414 1179 1507 1236 tldells
1535 1181 1639 1236 animae
1665 1179 1832 1236 desideran-

80 1266 150 1320 licet
164 1266 310 1338 sapienter
331 1265 467 1335 intelligit
491 1266 580 1321 Deum
603 1264 738 1320 intactis
761 1265 830 1320 anis.
851 1266 931 1332 Quo·
984 1268 1096 1324 tissime
1109 1269 1300 1338 amplexatur.
1324 1267 1376 1324 Sed
1397 1274 1426 1324 et
1450 1267 1480 1324 in
1502 1268 1632 1340 virgineo
1655 1269 1724 1325 tlore
1738 1269 1832 1342 pieta·

81 1355 190 1410 ruodo‘t
208 1354 412 1426 Sapientiaest
434 1353 516 1425 origo
540 1354 684 1410 bonorum
716 1369 849 1427 operum,
865 1369 930 1409 cum
984 1360 1043 1412 tem
1055 1356 1140 1412 timor
1151 1355 1264 1414 Domini
1279 1355 1562 1429 subsequitnrzquia
1573 1371 1638 1413 cnm
1652 1355 1743 1430 pietas
1758 1358 1834 1413 inest

80 1441 170 1498 homo
192 1442 339 1514 sapienter
357 1447 512 1498 veneratur
533 1443 625 1499 Deum
647 1457 742 1498 suoru.
767 1441 821 1498 Cui
844 1440 930 1496 intel-
985 1444 1119 1500 lidelibus
1137 1444 1314 1512 hominibus,
1329 1443 1463 1500 timorem
1476 1444 1591 1502 Domini
1620 1444 1834 1516 acquiruntur
1900 1453 1906 1460 “

82 1531 318 1598 tectusadhaerct,
334 1530 471 1602 quoniam
495 1545 561 1585 cum
579 1533 664 1585 homo
683 1545 736 1601 per
759 1529 931 1600 sapientiam
985 1532 1128 1604 explenda
1142 1537 1284 1604 precepta
1302 1531 1403 1604 ipsius.
1421 1532 1500 1587 b'nde
1520 1532 1608 1588 tlnvor
1622 1533 1737 1588 Domini
1752 1549 1832 1589 eum·

81 1620 194 1675 bonum
208 1623 355 1690 operatur,
367 1618 428 1690 jam
449 1619 520 1675 illud
547 1619 685 1674 dilatatur
697 1617 735 1672 ad
748 1619 830 1687 alios,
846 1618 887 1674 ita
900 1621 932 1673 ut
950 1621 1051 1719 Cdem
1088 1619 1190 1676 horem
1217 1618 1357 1692 replevit;
1384 1620 1453 1692 quia
1467 1621 1528 1692 ipse
1554 1625 1663 1677 tantam
1678 1619 1833 1694 plenitudi-

81 1707 192 1763 booum
206 1706 326 1762 odorem
340 1711 370 1762 et
379 1706 493 1763 dulcem
507 1710 624 1779 gustum
638 1705 746 1778 abipso
759 1706 932 1762 emicantem
985 1725 1054 1766 nero
1066 1711 1204 1765 virtutum
1218 1709 1248 1764 in
1264 1725 1295 1764 sa
1323 1709 1433 1779 habuit,
1458 1710 1536 1782 qnod
1555 1710 1585 1766 iu
1606 1725 1641 1766 eo
1666 1710 1762 1767 nullus
1782 1725 1835 1766 ra-

82 1812 148 1852 cum
172 1796 277 1868 gaudio
302 1795 466 1868 intelligent
487 1797 518 1852 in
543 1813 588 1851 eo.
614 1797 648 1850 ln
664 1795 794 1868 virgineo
817 1811 931 1867 quoque
985 1814 1056 1854 cuns
1070 1797 1292 1855 locosinventus
1317 1803 1369 1854 est.
1386 1799 1437 1854 ubi
1451 1803 1502 1856 aut
1525 1799 1675 1854 mortifera
1687 1799 1833 1870 superbia,

83 1885 138 1940 isto
162 1886 234 1940 tlore
256 1885 436 1941 intellectum
462 1884 648 1959 subsequitur
667 1883 838 1950 consilinm;
863 1883 932 1955 quia
986 1891 1036 1942 aut
1049 1886 1199 1942 delectatio
1214 1885 1342 1954 honoris,
1359 1892 1410 1943 aut
1431 1887 1628 1958 prevaricatio
1643 1887 1715 1959 legis
1737 1888 1834 1944 sedem

82 1973 170 2028 bomo
183 1972 363 2028 intellectum
377 1972 498 2038 habeus,
512 1972 612 2028 divino
635 1971 754 2028 consilio
769 1971 932 2028 liberandus
984 1974 1115 2030 invenire
1147 1974 1304 2046 potuisset3
1326 1975 1376 2030 ssd
1404 1980 1481 2031 totus
1509 1975 1611 2047 plenus
1634 1978 1696 2031 erat
1723 1975 1836 2031 timoris

83 2065 155 2116 erat.
173 2060 243 2116 lude
255 2060 375 2132 spiritns
388 2060 503 2116 consilii
516 2065 545 2115 at
566 2058 743 2116 tortitudinis
761 2073 849 2131 super
864 2075 930 2115 eum
986 2063 1120 2120 Domini:
1144 2079 1204 2119 non
1227 2079 1359 2136 querens
1382 2064 1506 2120 alienam
1525 2064 1648 2138 gloriam
1671 2069 1705 2120 nt
1724 2064 1835 2136 primns

83 2149 243 2222 requievit;
259 2150 398 2222 quoniam
408 2149 462 2204 hoc
475 2148 630 2204 consilinm
643 2148 721 2219 apud
736 2149 851 2203 Patrem
869 2147 932 2203 siae
985 2151 1106 2223 angelos
1128 2155 1158 2206 et
1170 2150 1261 2207 Adam
1285 2151 1469 2224 quesierunt,
1493 2152 1543 2206 sed
1562 2151 1709 2207 honorans
1724 2153 1835 2207 Patrem

83 2241 214 2310 tempore
231 2237 297 2305 tuit,
323 2242 355 2292 ut
385 2237 509 2292 Verbum
537 2252 622 2292 sunm
648 2234 856 2303 incarnaretur,
878 2235 931 2292 sub
986 2239 1112 2295 suumin
1126 2239 1205 2295 omni
1219 2255 1307 2310 opera
1331 2255 1393 2308 sno,
1420 2239 1539 2312 dignam
1559 2240 1586 2296 ei
1609 2239 1741 2310 prebens
1765 2239 1834 2295 obe·

84 2330 214 2397 ternpore
228 2326 378 2398 perticiens
398 2325 496 2381 omnia
519 2340 609 2397 opera
628 2340 681 2379 sna
697 2324 853 2380 secundnm
879 2339 932 2380 vo-
986 2327 1136 2384 dientiam.
1151 2329 1218 2385 ldeo
1237 2333 1267 2383 et
1280 2329 1368 2384 timor
1383 2327 1497 2384 Domini
1512 2325 1628 2384 initium
1643 2327 1729 2382 habat
1741 2326 1836 2383 omnis

84 2414 224 2470 luntatem
243 2415 345 2482 Patris,
376 2419 405 2469 et
428 2413 577 2470 offendens
600 2412 796 2469 obedientiam
817 2428 870 2484 per
900 2429 931 2469 se
982 2415 1122 2487 justitiae3
1144 2415 1214 2488 quia
1232 2415 1291 2488 ipse
1318 2421 1362 2472 est
1390 2415 1456 2470 fluis
1477 2419 1506 2470 et
1527 2414 1644 2472 initium
1666 2417 1835 2470 caeterarum

84 2503 190 2574 ipsum,
206 2503 245 2558 ita
257 2508 290 2558 ut
307 2503 373 2574 ipsa
386 2502 422 2559 ab
442 2519 477 2558 eo
498 2503 535 2559 ad
556 2501 690 2558 homines
705 2501 838 2571 fulgeret,
860 2516 930 2573 qna·
985 2503 1134 2567 virtutum,
1156 2507 1189 2559 ut
1202 2503 1313 2575 requiei
1333 2503 1455 2574 septima
1477 2503 1548 2569 dics,
1564 2503 1689 2558 ostendit
1707 2501 1835 2574 comple·

84 2599 169 2646 mnus
183 2607 251 2647 enm
267 2591 308 2647 ita
322 2591 352 2647 in
378 2590 460 2647 lactis
473 2591 533 2646 suis
546 2589 655 2646 imitari
675 2589 827 2645 discerent.
850 2590 929 2655 Quod
983 2592 1094 2649 tionem
1121 2597 1150 2646 et
1181 2594 1275 2648 ortum
1307 2595 1514 2648 creaturarum.
1540 2589 1713 2655 Quomodo?
1732 2590 1831 2646 Timor

84 2681 154 2735 dnus
179 2681 219 2736 ita
238 2681 375 2752 apparuit
397 2680 429 2736 in
452 2679 609 2736 fortissima
634 2678 738 2734 virtute
760 2681 853 2734 totam
868 2694 930 2734 sur·
986 2681 1093 2737 excutit
1115 2685 1143 2736 et
1161 2684 1256 2737 movet
1280 2687 1445 2748 tremorem,
1478 2680 1528 2752 qni
1552 2679 1632 2735 radix
1654 2684 1697 2736 est
1721 2680 1830 2752 germi-

84 2785 154 2840 gens
178 2769 215 2825 de
238 2768 407 2825 divinitate:
432 2768 572 2824 tortitudo
595 2783 626 2824 se
653 2766 772 2838 inipso
796 2767 930 2834 occuluit,
986 2771 1077 2826 navidi
1110 2774 1142 2825 ut
1163 2769 1315 2826 tructuose
1342 2768 1463 2824 virtutes
1494 2767 1659 2840 procedant.
1694 2767 1773 2824 Dodo
1805 2771 1834 2822 et

85 2864 228 2931 qnamnus
241 2858 388 2914 diabolum
415 2861 496 2913 tanto
525 2857 628 2913 tertias
646 2856 804 2913 debellaret
824 2865 932 2929 quanto
985 2859 1039 2915 llas
1067 2857 1120 2915 iste
1143 2859 1245 2930 plenus
1277 2857 1391 2914 Dmoris
1416 2857 1532 2912 Domini
1550 2861 1613 2924 est;
1637 2856 1705 2930 qnia
1735 2856 1834 2912 omnia

85 2947 221 3002 marchas
242 2945 285 3002 illi
308 2962 339 3000 se
370 2961 422 3018 per
444 2946 597 3002 consilium
629 2944 834 3000 abscondisset.
860 2944 932 3010 Quo
950 2947 1117 3018 ggermina
1144 2947 1288 3003 bonorum
1314 2960 1434 3018 operum
1460 2945 1607 3001 adherent
1627 2945 1665 3014 ei,
1696 2945 1833 3016 quonism

85 3035 194 3091 modo?
985 3035 1047 3106 ipse
1073 3032 1194 3088 materia
1217 3047 1317 3088 eorum
1345 3038 1407 3099 est;
1428 3033 1500 3088 Dore
1529 3034 1631 3090 eodem
1656 3030 1833 3102 germinante

119 3122 244 3179 tlensilio
259 3127 325 3195 apte
347 3123 488 3180 tortitudo
513 3121 657 3178 adheret:
687 3119 825 3195 quoniam
838 3121 931 3177 consi·
985 3123 1159 3178 viriditatem
1184 3135 1422 3194 quarnmcunqne
1443 3121 1593 3190 virtutum,
1615 3121 1710 3176 lructu
1734 3133 1833 3174 earnm

85 3213 156 3268 lium
171 3211 224 3268 Dei
246 3227 299 3284 per
312 3211 515 3267 tortitudinem
534 3211 599 3268 Filii
619 3210 711 3282 ipsius
732 3225 857 3282 regnum
871 3210 930 3266 dia.
985 3226 1044 3282 pre
1058 3209 1168 3266 caeteris
1182 3209 1290 3280 repleto
1316 3213 1458 3280 quahnns
1481 3208 1580 3263 omnia
1597 3206 1675 3264 bone
1697 3203 1834 3276 perficiat,

85 3301 144 3357 boli
173 3301 325 3356 destruxit.
359 3300 438 3356 Unde
462 3300 539 3356 idem
563 3300 651 3356 Filius
673 3299 735 3367 Dei,
760 3298 932 3355 fortissimus
986 3303 1019 3354 ut
1039 3300 1125 3354 etiam
1154 3298 1190 3353 de
1222 3297 1283 3368 ipso
1306 3297 1453 3369 Scriptura
1491 3297 1595 3352 habet:
1619 3293 1698 3351 Sicut
1724 3293 1835 3350 motum

85 3389 220 3445 videlicet
231 3390 286 3458 teo,
301 3388 436 3444 contrivit
444 3389 622 3444 infidelitatis
636 3393 759 3443 mortem
775 3404 828 3459 per
841 3388 932 3460 splen.
985 3386 1063 3444 inter
1085 3387 1164 3460 ligno
1189 3385 1341 3452 siluarum,
1359 3384 1402 3441 ric
1427 3384 1549 3441 dilectus
1561 3399 1640 3441 meus
1653 3383 1729 3439 inter
1742 3381 1834 3454 filios·

85 3478 266 3534 didissimnm
280 3478 379 3533 lumen
394 3477 472 3550 quod
485 3477 556 3532 tides
567 3480 620 3544 est,
636 3477 705 3549 quia
727 3491 833 3548 magua
852 3475 933 3532 torti·
984 3477 1044 3532 Sub
1067 3476 1171 3532 umbro
1189 3474 1272 3531 itlius
1289 3489 1373 3547 quem
1396 3473 1641 3541 desideruoisedi,
1663 3476 1689 3528 et
1715 3472 1835 3542 srvrctsu·

84 3568 153 3623 tudo
181 3572 226 3622 est
247 3567 396 3622 hominem
417 3582 452 3622 ea
476 3581 529 3638 per
550 3564 706 3621 consilium
729 3565 845 3622 credere
867 3581 933 3636 qum
986 3565 1049 3636 gius
1065 3563 1160 3620 dulcia
1179 3563 1291 3636 gutturi
1307 3564 1474 3634 meottlont.
1501 3563 1548 3633 vv).
1567 3563 1625 3618 lloc
1639 3563 1696 3617 tale
1719 3565 1779 3617 est:
1795 3561 1837 3617 Fi·

85 3655 229 3727 eorporali
258 3655 320 3711 visu
336 3671 395 3711 non
413 3653 612 3711 valetvidere.
636 3652 710 3720 Quid
732 3653 815 3709 hoo?
833 3652 932 3709 Consi·
986 3655 1044 3709 iius
1069 3653 1201 3726 virginis,
1230 3651 1412 3708 dulcissimus
1431 3657 1541 3707 amator
1564 3655 1649 3707 castm
1663 3649 1833 3714 dilectionis,

85 3745 158 3801 lium
172 3743 415 3816 perconjunctanv
444 3742 501 3798 sibi
521 3742 723 3798 tortitudinem
738 3741 932 3813 periuratdn·
988 3756 1075 3812 quem
1098 3741 1290 3813 apprehendit
1314 3738 1408 3795 fidelis
1426 3739 1523 3794 anima
1544 3738 1708 3796 desiderans
1732 3737 1836 3794 dulcis-

85 3833 183 3889 ritiam
202 3833 383 3904 lapideorum
406 3831 549 3899 cordium,
574 3846 640 3904 qum
663 3829 805 3885 obdurata
823 3833 890 3884 aunt
904 3829 933 3884 in
988 3831 1063 3884 sima
1091 3829 1153 3900 ejus
1171 3828 1353 3900 amplexione
1375 3828 1570 3899 integritatem
1586 3843 1667 3882 suurn
1686 3839 1835 3895 coronare,

85 3921 293 3977 consuetudine
315 3936 471 3991 pravorum
495 3935 609 3976 morum
633 3918 675 3974 ita
699 3919 828 3991 ineptam
856 3918 934 3974 dari·
988 3918 1087 3974 relicto
1114 3917 1221 3973 carnali
1241 3917 1312 3985 viro,
1347 3920 1375 3972 et
1398 3932 1427 3971 se
1450 3917 1589 3988 copulans
1611 3915 1733 3974 Christo.
1754 3929 1836 3970 enm-

85 4011 157 4066 tiam
180 4009 323 4065 transiens
337 4009 415 4082 quod
429 4011 544 4065 omnale
563 4023 639 4080 opus
661 4008 806 4079 abjicitur,
830 4011 860 4062 et
879 4007 932 4062 Dei
989 4023 1045 4079 quo
1070 4006 1228 4063 certissimo
1251 4007 1356 4062 laedere
1381 4021 1480 4060 ainans
1510 4009 1540 4060 et
1570 4004 1600 4058 in
1624 4003 1741 4074 speculo
1770 4001 1837 4057 lldei

86 4115 160 4172 opus
185 4098 332 4170 aptissime
359 4098 517 4170 perficitur.
549 4097 734 4169 Quapropter
754 4102 783 4150 et
804 4096 836 4151 in
864 4112 935 4168 proe-
989 4095 1140 4167 aspiciens,
1168 4100 1212 4150 est
1241 4093 1453 4165 pulcherrimus
1480 4093 1589 4149 tructus
1616 4091 1771 4147 fructiferas
1794 4107 1836 4146 ar·

86 4188 163 4243 dicto
190 4188 261 4243 llere
298 4187 498 4242 tortitudinem
523 4185 641 4242 scientie
670 4185 833 4248 comitatur,
860 4200 933 4257 quo·
989 4183 1078 4252 boris,
1093 4183 1121 4238 id
1141 4187 1183 4238 est
1204 4183 1290 4238 Filius
1305 4183 1426 4254 virginis
1455 4179 1602 4236 axierrsde
1617 4179 1752 4251 virginali
1768 4193 1835 4233 can·

87 4276 166 4331 niam
189 4275 322 4331 homines
349 4291 401 4348 per
418 4274 616 4330 tortitudinem
639 4272 689 4328 Dei
719 4272 756 4328 ad
784 4273 934 4329 scientiam
955 4258 1069 4336 Ddore,
1097 4271 1171 4327 siunt
1197 4285 1317 4342 pomum
1344 4271 1379 4325 de
1408 4270 1554 4324 fructuosa
1580 4267 1736 4323 floriditate
1762 4281 1834 4337 prau-

86 4363 179 4436 ipsius
205 4363 245 4418 ita
273 4369 304 4417 ut
326 4379 392 4419 eum
416 4369 591 4434 cognoscant
605 4361 787 4434 perveniunt.
810 4362 935 4416 tiincest
988 4360 1118 4430 beasque
1140 4373 1234 4414 escam
1258 4357 1421 4413 relectionis
1442 4357 1645 4419 esurientibus,
1671 4360 1700 4412 et
1720 4369 1837 4410 succum

86 4451 167 4524 quod
181 4457 211 4507 et
224 4451 341 4524 spiritus
364 4452 493 4507 scientiae
506 4457 535 4508 et
550 4450 665 4523 pietatis
690 4451 721 4505 in
742 4449 937 4520 eoetiamper
990 4447 1148 4505 dulcedinis
1163 4445 1334 4513 sitientibus,
1357 4451 1387 4502 at
1409 4447 1465 4502 hoc
1487 4445 1573 4502 modo
1594 4445 1674 4517 ligna
1697 4441 1839 4499 silvestria

86 4555 245 4612 supernam
261 4539 703 4613 dulcedinemreqniamhabuit,
722 4537 860 4610 qnoniam
874 4537 936 4609 ipse
989 4536 1166 4608 precellens,
1190 4535 1220 4590 id
1245 4540 1288 4590 est
1309 4535 1383 4590 tilios
1410 4534 1563 4591 homiuum
1592 4533 1689 4603 quiin
1715 4530 1838 4604 pcccatis

88 4629 214 4684 scienter
236 4628 360 4683 miseriis
395 4628 547 4684 hominnm
573 4626 739 4695 condoluit;
764 4641 829 4697 spes
849 4625 936 4681 etiam
990 4625 1201 4698 concipiuntur,
1232 4629 1260 4678 et
1284 4623 1316 4678 in
1339 4623 1409 4695 ipsis
1437 4624 1652 4687 conversantur,
1676 4635 1730 4675 nec
1751 4619 1837 4675 talem

87 4718 212 4774 existens
236 4732 289 4788 per
311 4732 398 4789 qnam
430 4717 553 4772 intratur
584 4716 621 4771 ad
643 4714 840 4783 salvationem,
870 4729 936 4770 cum
990 4714 1115 4769 trucium
1140 4712 1291 4768 atterentes
1317 4713 1432 4785 qualern
1455 4710 1517 4783 ipsa
1540 4710 1647 4778 attulit,
1668 4707 1839 4782 quoniame

87 4807 182 4862 scelus
200 4806 303 4861 mundi
325 4805 449 4861 scienter
473 4820 526 4877 per
551 4809 675 4860 mortem
697 4819 779 4859 soaru
806 4802 939 4858 abstersit
990 4803 1049 4858 Deo
1077 4800 1162 4856 exivit
1190 4801 1307 4871 plenum
1337 4799 1460 4854 fructum
1491 4795 1639 4852 suavitatis
1667 4794 1735 4850 vitre
1764 4793 1836 4850 alle-
1953 4866 1956 4872 .

87 4897 120 4950 in
148 4910 253 4966 magna
273 4895 390 4967 pietate.
410 4893 483 4960 Quid
500 4894 578 4950 hoe?
600 4893 733 4950 Scientive
747 4891 839 4965 pietas
861 4895 937 4946 recte
989 4905 1068 4956 rens,
1089 4887 1153 4944 alvis
1174 4887 1293 4960 qnidam
1318 4902 1372 4942 nec
1405 4885 1576 4941 viriditatem
1605 4898 1656 4938 nec
1681 4882 1839 4938 lrnctnma

88 4983 269 5055 adjungitur,
290 4983 358 5055 qnia
376 4983 465 5038 Filius
480 4983 530 5038 Dei
553 4981 675 5037 scienter
699 4981 729 5036 in
753 4995 859 5052 magna
876 4979 937 5051 pis·
990 4996 1021 5034 se
1036 4977 1105 5050 ipsis
1118 4977 1289 5033 habentibus
1311 4977 1359 5032 sed
1374 4975 1408 5031 ab
1431 4976 1504 5047 ipso.
1520 4972 1690 5040 Quomodo?
1705 4973 1768 5043 lpse
1787 4986 1840 5042 per

89 5078 148 5128 tate
181 5071 350 5143 adimplevit
385 5071 563 5128 volontatem
586 5070 677 5127 Patris
705 5069 840 5140 antipae
859 5068 937 5124 enim
991 5065 1222 5122 incarnationem
1244 5080 1325 5120 suam
1350 5064 1457 5120 mundo
1478 5061 1666 5116 salvationem
1687 5059 1774 5127 dedit,
1796 5057 1840 5112 di-

90 5161 181 5217 Filius
199 5161 279 5216 solus
301 5168 386 5215 natus
407 5175 441 5215 ex
464 5159 585 5232 virgine,
617 5157 771 5214 transfudit
787 5156 863 5212 inter
885 5170 937 5228 po·
991 5153 1144 5212 lectusDei
1160 5153 1248 5210 Filius
1273 5153 1348 5208 inter
1369 5150 1616 5230 hliosjbominnm
1633 5161 1775 5219 apperens
1789 5145 1839 5218 qni

89 5249 175 5321 pulos
189 5263 310 5320 germen
323 5247 445 5304 cretestis
471 5248 604 5316 virtutis;
630 5252 665 5302 nt
686 5250 844 5318 sequantur
866 5259 937 5299 con·
992 5259 1045 5316 per
1058 5243 1198 5298 terrorem
1223 5241 1313 5314 ipsius
1328 5240 1458 5295 virebant
1482 5245 1510 5293 et
1530 5239 1656 5292 fructum
1672 5234 1837 5298 atterebant,

89 5337 212 5392 sortium
248 5338 420 5408 angelorum
448 5336 527 5408 quod
554 5333 692 5408 pudicitia
720 5332 857 5389 castitatis
884 5337 936 5401 est,
992 5331 1113 5389 sednon
1132 5334 1212 5386 tanta
1237 5328 1417 5402 planitudine
1441 5324 1555 5382 fecundi
1578 5329 1687 5398 quanta
1709 5323 1770 5394 ipse
1790 5337 1838 5377 re-

90 5428 160 5500 qnia
184 5426 276 5483 virtus
299 5426 361 5482 haec
381 5425 506 5483 surrexit
533 5424 563 5481 in
590 5439 716 5497 superna
743 5424 868 5496 pietate:
898 5421 938 5477 sic
990 5421 1086 5494 pletas
1100 5424 1172 5488 erat,
1188 5419 1255 5492 quia
1270 5421 1345 5475 totns
1359 5420 1473 5473 sanctus
1487 5431 1502 5470 a
1518 5417 1573 5472 Deo
1597 5414 1695 5471 exiens
1720 5412 1756 5469 de
1781 5411 1838 5468 vir·

90 5518 222 5586 videlicet
237 5516 314 5588 quod
329 5517 359 5570 in
374 5515 538 5586 egrediente
564 5516 644 5586 virga
659 5515 695 5570 de
718 5514 806 5581 iesse,
821 5511 939 5568 virtutes
993 5510 1059 5580 gine
1085 5512 1168 5564 natvvs
1193 5513 1243 5563 cst.
1260 5509 1293 5562 Et
1310 5521 1397 5577 quave
1424 5503 1565 5560 dilectus?
1589 5503 1663 5568 Quia
1696 5502 1758 5572 ipsc
1783 5501 1847 5568 hoc¹
