3984 6034
176 257 230 311 999
901 251 929 309 9.
951 248 1195 311 9999999999.
1704 245 1711 255 ·
1857 256 1931 313 soon
1983 244 1984 313 l

175 384 292 441 initium
306 382 370 450 9999,
388 385 417 436 99
428 380 517 436 stiam
540 379 659 436 initium
686 385 717 437 99
728 385 843 453 tempus
857 387 1024 454 temporum
1043 382 1245 443 evicissitudo
1267 384 1437 442 incrementi
1463 400 1513 441 seu
1526 384 1692 442 detrimenti
1719 388 1810 443 Deum
1830 388 1929 460 tangit

177 472 282 528 existit.
301 472 367 527 llaec
386 469 484 525 omnia
504 485 631 541 praesens
649 468 721 526 visio
748 471 920 526 99999999999.
950 472 1022 527 Nam
1077 486 1130 526 neo
1145 474 1235 528 ullum
1259 479 1373 545 tempus
1392 488 1458 529 9999
1482 490 1611 547 unquam
1637 474 1750 543 9999999,
1773 476 1822 532 999
1847 492 1928 533 9999-

173 561 257 632 iuxta
272 564 411 626 montem,
425 572 512 628 quem
525 557 641 613 velutin
657 558 751 614 medio
768 558 915 614 orientalis
929 560 1023 631 plegae
1077 574 1130 633 per
1144 562 1252 633 absque
1266 561 1348 618 initio
1361 562 1477 631 illaesus,
1498 568 1527 619 et
1548 562 1739 619 immutabilis
1761 572 1928 635 permanet,

175 648 316 720 conspicis
329 652 363 703 ut
376 645 546 718 praedictum
558 651 611 715 est,
628 646 710 717 quasi
733 652 825 702 rotam
847 648 929 703 mirae
958 664 1022 702 am·
1075 649 1362 722 omnibusqumsunt
1379 651 1467 706 999999
1482 651 1623 720 99999999,
1638 656 1711 707 9999
1725 652 1821 723 ipsum
1853 668 1929 723 pura

173 736 325 810 plitudinis
346 734 565 790 similitudinem
593 734 723 790 candide
746 735 831 791 nubis
856 736 1022 807 habentem,
1074 738 1210 804 colentes,
1228 738 1266 793 99
1287 754 1430 794 summam
1454 738 1661 796 beatitudiuem
1685 739 1834 811 colligens.
1861 743 1926 797 Ple-

175 834 205 885 99
221 828 257 882 99
270 826 412 881 orientem
426 839 537 878 9999999
564 822 655 893 vides,
680 839 746 895 9999
773 826 863 879 Deum
879 824 963 880 initio
993 829 1021 881 99
1075 824 1177 882 999999
1200 843 1316 900 999999
1342 827 1492 899 potestatis
1513 829 1575 899 ejus
1605 829 1684 899 justa
1722 829 1923 887 moderatione

174 918 232 972 llue
244 920 402 979 carentem,
429 914 479 968 sed
493 912 592 968 mitem
620 912 651 966 in
666 912 801 984 operibus
815 913 874 968 suis
897 913 1020 969 existen·
1076 920 1176 971 cuncta
1190 916 1353 987 disponens,
1376 920 1461 987 atque
1482 916 1513 972 99
1527 916 1690 985 altitudine,
1710 922 1739 973 et
1758 918 1789 973 in
1803 920 1923 991 prolun-

172 1010 244 1073 tem,
260 1007 290 1059 99
304 1002 338 1057 ad
356 1000 454 1056 omnin
468 1000 544 1056 bona
557 1006 692 1073 peratum
711 1001 845 1058 ostendit.
871 1001 961 1067 Quam
991 1004 1020 1059 99
1076 1002 1164 1059 ditate
1189 1020 1241 1060 sua
1279 1004 1426 1077 incognita
1455 1004 1569 1061 homini
1595 1006 1730 1075 existens,
1759 1012 1870 1063 9999999
1897 1015 1925 1063 99

173 1092 269 1149 medio
297 1090 327 1145 in
364 1096 570 1158 transversum,
606 1088 754 1145 sciliceta
777 1089 894 1147 sinistro
930 1092 1020 1149 latere
1075 1092 1246 1163 temporalia
1267 1092 1349 1163 qnasi
1368 1093 1398 1148 in
1419 1092 1527 1149 circulo
1551 1108 1606 1149 nec
1623 1094 1739 1151 initium
1758 1111 1812 1151 999
1832 1095 1922 1153 linem

173 1179 316 1253 usquead
331 1179 663 1245 dextrnmlatussunm,
679 1179 757 1234 linea
775 1179 890 1235 obscuri
914 1180 1020 1235 coloris
1074 1180 1228 1237 habentem
1257 1182 1443 1238 demonstrat.
1461 1182 1561 1254 ltaque
1586 1187 1616 1238 99
1629 1183 1779 1255 potestatis
1795 1184 1847 1239 liei
1862 1201 1923 1255 per·

172 1270 251 1325 velut
274 1268 380 1323 halitus
400 1266 527 1322 bominis
549 1271 592 1322 est
618 1266 779 1339 distinguit,
803 1268 872 1339 quin
895 1269 1020 1340 perlecto
1074 1269 1169 1337 sectio,
1194 1284 1259 1342 quae
1284 1270 1476 1325 aetemitateur
1497 1270 1602 1326 divinae
1616 1270 1806 1327 ordinationis
1827 1275 1921 1329 mani-

172 1375 226 1431 999
239 1357 415 1429 principium
429 1356 527 1412 caduci
541 1356 656 1423 mnndi,
671 1361 699 1411 99
722 1372 775 1427 999
788 1356 877 1412 linem
905 1358 968 1430 ejus
983 1358 1019 1413 99
1074 1358 1169 1427 fastai,
1186 1364 1214 1413 99
1236 1358 1418 1431 providentia
1432 1359 1495 1430 ejus
1513 1360 1545 1414 in
1573 1359 1618 1415 his
1641 1376 1707 1433 qnae
1723 1365 1833 1416 9999999
1853 1368 1920 1417 9999

173 1446 363 1502 aeternitatem
380 1444 544 1500 tendentem
562 1444 693 1498 voluutas
725 1443 776 1499 Dei
799 1450 927 1516 9999999,
953 1462 1018 1500 cum
1074 1446 1199 1517 fulgens,
1214 1446 1250 1502 ab
1274 1448 1433 1503 aeternitate
1457 1447 1548 1519 ipsius
1573 1449 1722 1519 potestatis
1745 1449 1921 1521 adplenitn·

171 1532 343 1605 temporalia
353 1531 442 1586 abhis
455 1546 518 1602 quae
532 1534 641 1585 aeterua
656 1535 723 1585 9999
744 1532 950 1602 999999999999;
978 1532 1019 1587 999
1073 1536 1171 1592 dinem
1186 1535 1289 1591 divinas
1307 1536 1497 1591 ordinationis
1512 1552 1541 1592 se
1556 1538 1722 1603 extendeus,
1736 1537 1768 1592 in
1783 1538 1920 1609 operibus

172 1627 204 1678 ut
218 1623 305 1678 etiam
320 1620 449 1691 ejusdem
463 1623 534 1674 99999
555 1619 738 1674 medietatem
756 1636 822 1691 999
836 1635 924 1691 99999
942 1636 1019 1675 eam·
1073 1624 1132 1679 suis
1152 1640 1182 1680 99
1198 1625 1290 1696 ipsam
1314 1624 1448 1692 declarat,
1471 1624 1639 1698 animasque
1659 1625 1809 1681 beatorum
1825 1626 1857 1681 99
1874 1642 1920 1681 su·

172 1712 238 1768 dem
265 1711 370 1765 lineam
397 1712 449 1774 est,
467 1706 523 1761 9999
551 1706 628 1761 linea
651 1708 896 1779 quemadmodum
915 1724 1019 1764 aurora
1038 1682 1164 1784 Bperna
1178 1713 1270 1784 gloria
1285 1728 1490 1784 permansuras
1511 1713 1651 1769 enuntiat,
1672 1712 1825 1769 AEternitas
1847 1730 1919 1785 quo·

171 1799 323 1855 rutilansa
349 1795 514 1851 summitate
537 1794 629 1866 ipsius
650 1800 720 1850 rote
744 1811 836 1868 usque
855 1796 891 1851 99
911 1797 1019 1853 medie·
1073 1816 1130 1872 qne
1145 1800 1330 1871 perfectionis
1343 1800 1491 1871 potestatis
1506 1800 1555 1856 Dei
1575 1800 1607 1855 iu
1620 1800 1665 1855 his
1683 1800 1919 1873 dispositionibus

171 1893 258 1944 tatem
279 1886 407 1958 praelatae
436 1884 520 1939 lineas
535 1883 699 1939 descendat.
715 1884 769 1939 Per
783 1884 839 1939 hoc
859 1885 1020 1940 ostenditur
1073 1904 1139 1960 9999
1157 1889 1262 1944 9999999
1290 1894 1381 1958 eraut,
1406 1904 1470 1944 cum
1494 1888 1675 1961 plenitudiue
1709 1894 1918 1956 creaturarum,

170 1976 250 2049 quod
261 1968 445 2046 perfectionis
460 1972 511 2027 9199
536 1972 746 2043 plenitudinem
762 1988 827 2043 9999Ι
841 1972 872 2027 99
897 1973 1019 2029 coelesti-
1073 1976 1150 2031 volut
1168 1976 1343 2032 viriditatem
1360 1975 1475 2033 venturi
1490 1980 1518 2031 99
1535 1976 1696 2049 processuri
1715 1976 1856 2049 germinis
1876 1995 1919 2033 os·

169 2066 223 2120 bus
236 2059 580 2135 pervoluutatsmipsius
599 2059 772 2131 temporalia
797 2059 937 2117 excellens
959 2062 1017 2119 exi·
1072 2064 1174 2131 tendit,
1190 2080 1256 2120 cum
1278 2065 1381 2122 coelum
1409 2070 1438 2120 et
1451 2069 1527 2121 terra
1548 2065 1678 2122 nondum
1693 2066 1825 2135 luissent,
1847 2067 1918 2122 sicut

169 2153 230 2220 9999,
246 2149 344 2207 diviua
359 2148 501 2204 ordinatio
525 2148 560 2203 ad
582 2148 720 2219 quaelibet
747 2148 821 2204 boue
844 2149 961 2217 directa,
990 2156 1019 2207 et
1072 2157 1101 2207 99
1116 2152 1191 2208 dona
1200 2153 1291 2209 sancti
1301 2152 1422 2225 Spiritus
1436 2154 1515 2208 cordi
1525 2152 1651 2210 hominis
1678 2153 1852 2210 viriditatem
1876 2156 1917 2209 in·

169 2238 388 2313 quasiquodam
417 2236 530 2309 lulgore
551 2235 745 2303 indeficiente,
760 2243 826 2293 ante
841 2238 1018 2311 principium
1071 2239 1176 2308 999999,
1194 2246 1225 2297 99
1243 2241 1351 2297 bonum
1378 2240 1502 2297 fructum
1519 2239 1682 2297 99999919
1705 2242 1917 2315 9999999999.

167 2328 282 2396 muudi,
298 2332 328 2382 et
356 2330 422 2397 post
439 2325 616 2395 huemejus,
636 2329 664 2379 et
686 2325 716 2380 in
732 2325 802 2396 ipsis
817 2327 919 2382 mnndi
943 2334 1016 2384 tem·
1070 2333 1135 2400 post
1163 2330 1251 2385 linem
1274 2329 1375 2386 mnndi
1407 2346 1439 2385 ac
1465 2329 1647 2386 stabilitatem
1676 2331 1918 2388 immutabilitatis

166 2416 286 2488 poribus
314 2413 485 2470 mirabiliter
513 2428 664 2485 apparens,
693 2413 728 2469 ad
743 2430 860 2470 omnem
875 2417 1016 2487 justitiam
1070 2417 1250 2488 pervenient,
1271 2418 1353 2489 99999
1375 2418 1541 2473 rutilantem
1567 2418 1709 2491 fulgorem
1728 2420 1915 2489 demonstrat,

166 2511 298 2578 paratam
323 2520 385 2560 esse
405 2503 578 2559 manifestet.
605 2503 684 2559 Unde
709 2504 843 2575 superior
864 2521 932 2577 pars
955 2522 1016 2562 me·
1070 2505 1218 2578 qniatnnc
1233 2505 1331 2561 omnia
1346 2505 1473 2578 perlecta
1487 2510 1580 2576 erunt,
1605 2522 1658 2562 nec
1674 2509 1764 2564 ullum
1780 2508 1916 2583 deinceps

166 2594 282 2650 dietatis
307 2594 436 2664 ejusdem
458 2595 529 2646 rotae
560 2608 578 2646 9
602 2590 718 2647 99999999
746 2592 835 2647 199999
864 2610 954 2665 99999
980 2595 1016 2651 nd
1069 2594 1213 2650 delectum
1241 2594 1375 2663 sentient,
1396 2594 1549 2651 animabus
1557 2610 1672 2668 quoque
1695 2599 1859 2653 sanctornm
1880 2599 1915 2653 ad

165 2684 351 2739 medietatem
381 2680 426 2736 sni
461 2680 545 2753 quasi
581 2679 703 2736 viridem
742 2682 869 2737 colorem
893 2683 1014 2752 emittit,
1069 2698 1196 2754 superna
1214 2682 1350 2752 sublatis;
1375 2683 1416 2739 ite
1439 2688 1473 2739 ut
1492 2683 1579 2740 999999
1600 2684 1747 2740 eternitas
1769 2685 1820 2740 9199
1845 2686 1917 2741 sicut

165 2773 305 2845 quoniam
334 2771 410 2825 Dens
440 2768 557 2841 qnando
598 2773 744 2825 creaturas
769 2770 1015 2841 quamadmodum
1070 2776 1137 2827 ante
1152 2771 1328 2843 principium
1344 2770 1443 2827 9999999
1461 2770 1577 2827 initium
1591 2786 1649 2827 non
1664 2771 1775 2839 habuit,
1791 2772 1831 2827 sic
1846 2790 1916 2844 999-

165 2861 200 2917 99
225 2861 288 2933 9999
315 2858 445 2932 99999999,
472 2861 555 2913 erant
577 2857 607 2912 iu
635 2857 736 2912 9999999
762 2858 823 2913 9999
835 2858 872 2914 99
886 2859 1014 2917 laborem
1069 2876 1125 2931 que
1136 2865 1200 2931 post
1214 2861 1303 2916 linem
1317 2860 1395 2916 illine
1409 2861 1488 2916 nullo
1502 2860 1627 2916 termino
1642 2862 1802 2930 claudatur,
1823 2862 1874 2917 ubi
1889 2867 1917 2917 et

163 2951 280 3023 9999999
306 2948 422 3015 iaceret,
446 2946 530 3019 99999
553 2946 583 3001 iu
607 2945 752 3002 viriditate
774 2947 928 3003 voluntatis
954 2965 1012 3005 99999
1035 2950 1138 3009 Ctunc
1153 2946 1229 3001 beati
1247 2948 1308 3003 sine
1329 2946 1387 3003 line
1409 2947 1441 3003 iu
1464 2948 1625 3003 99919919999
1654 2947 1834 3020 gaudebunt.
1860 2949 1916 3005 Sed

162 3040 296 3096 habebnt.
320 3038 355 3092 999
383 3036 522 3091 9999999
556 3034 644 3090 latere
666 3050 757 3105 nsque
776 3036 812 3090 ad
828 3036 1012 3093 medietatem
1067 3039 1095 3091 et
1106 3035 1244 3108 perfectio
1256 3036 1404 3107 potestatis
1419 3036 1471 3091 liei
1487 3036 1539 3092 sub
1552 3037 1713 3093 eternitate
1728 3037 1827 3094 omnia
1843 3043 1915 3095 tem·

163 3130 297 3185 suivelnt
311 3126 418 3181 rubeus
445 3125 523 3179 calor
536 3123 644 3195 folget3
666 3124 825 3195 9999119999
843 3129 908 3197 post
921 3127 1010 3183 linem
1065 3125 1177 3195 poralia
1189 3123 1317 3180 diversos
1335 3125 1438 3181 modos
1452 3124 1588 3181 babentia
1606 3126 1788 3193 concludens,
1816 3128 1915 3183 omnia

163 3210 715 3281 muudieauuoeatransitoriomonio
731 3211 870 3267 advitam
894 3218 963 3268 sunt
979 3214 1011 3270 in
1063 3212 1123 3269 9199
1141 3213 1269 3285 subjecta
1292 3230 1355 3269 esse
1374 3213 1514 3280 ostandit;
1535 3229 1652 3286 eosque,
1674 3214 1726 3285 999
1749 3215 1842 3270 Deum
1868 3232 1913 3271 ne·

162 3304 267 3361 melius
278 3304 475 3369 commntaus3
489 3298 642 3354 animabus
654 3314 772 3372 qnoque
786 3299 918 3357 fidelium
937 3319 1012 3359 mar·
1064 3302 1188 3375 gliguut,
1207 3302 1243 3358 ad
1259 3302 1413 3358 infernalia
1436 3304 1497 3359 loca
1511 3302 1588 3359 mitti
1602 3303 1757 3374 depromit,
1772 3305 1911 3375 quoniam

161 3390 444 3461 cedeminlgentium
457 3386 591 3443 laborum
606 3404 726 3443 suorum
739 3388 874 3458 reddens,
896 3391 1009 3447 nullum
1064 3391 1163 3447 omnia
1181 3391 1433 3461 examinabuntur,
1455 3407 1520 3463 999
1543 3392 1601 3447 9199
1623 3406 1785 3463 repugnare
1808 3394 1908 3450 viden·

161 3480 303 3546 laborem,
328 3478 500 3549 nullumque
521 3475 665 3532 defectum
694 3477 736 3532 eis
762 3479 837 3533 ultra
865 3478 1010 3535 dominari
1062 3484 1120 3536 tur.

160 3568 303 3642 permittit
317 3584 354 3622 :a
380 3566 421 3621 ita
443 3564 508 3621 9999
535 3563 592 3620 999
616 3566 726 3621 9919999
743 3566 848 3638 equali
874 3583 1009 3624 mensura
1063 3586 1156 3653 Quare
1169 3585 1397 3641 „grmepmm
1411 3584 1471 3641 0150
1486 3584 1518 3640 ff„
1540 3584 1596 3641 ιω
1613 3600 1701 3657 quam
1722 3585 1912 3659 imperio„

160 3658 319 3730 spatiorum
343 3654 418 3709 inter
458 3653 721 3716 se¹disidentuns
760 3656 897 3727 quoniam
936 3657 1010 3714 sicut
1201 3656 1309 3713 visione
1320 3656 1399 3712 999199
1412 3656 1765 3728 adornatucoospicioiur.

160 3743 328 3801 aeternitatis
341 3747 408 3798 ante
431 3741 608 3814 principium
626 3742 729 3798 mundi
744 3743 827 3798 initio
852 3751 939 3813 caret,
969 3746 1009 3800 sic
1098 3746 1147 3801 999.
1169 3746 1253 3812 Quod
1270 3750 1366 3801 autam
1388 3745 1527 3815 99999999
1542 3744 1670 3815 ejusdem
1686 3750 1756 3801 99999.
1774 3746 1804 3800 99
1831 3762 1912 3817 9999-

159 3835 245 3891 999999
261 3831 344 3887 llnito
361 3830 469 3885 mundo
480 3830 568 3884 linem
578 3844 636 3883 nen
650 3829 754 3897 habet;
770 3831 819 3886 sed
832 3831 1008 3904 principium
1062 3834 1120 3889 lata
1136 3833 1213 3889 linea
1232 3834 1338 3889 iterum
1353 3833 1431 3889 99999
1445 3833 1612 3905 imaginem,
1628 3848 1694 3905 99999
1717 3834 1843 3890 charitas
1858 3836 1911 3891 tibi

159 3927 188 3978 et
211 3920 353 3976 terminus
382 3917 484 3973 mundi
511 3916 594 3989 qnasi
618 3933 676 3972 nuo
693 3917 801 3973 circulo
822 3920 1009 3991 eomprehen-
1061 3922 1143 3992 prius
1166 3922 1353 3978 denominata
1371 3925 1414 3977 999
1432 3921 1590 3990 sedentem,
1606 3922 1663 3978 alio
1684 3926 1781 3979 temen
1805 3929 1913 3979 ornatu

159 4004 657 4065 999999999919999999.9119999999
680 4021 749 4061 vero
771 4008 901 4079 ejusdem
925 4013 1007 4077 rotae,
1062 4025 1127 4065 eam
1143 4024 1220 4065 nunc
1234 4016 1422 4082 apparentem
1438 4025 1526 4082 99999
1540 4010 1621 4082 99999
1632 4010 1767 4079 vidissem
1790 4011 1847 4067 boo
1867 4018 1911 4068 est

159 4114 225 4171 quse
254 4096 307 4151 snb
332 4093 469 4166 predicte
498 4093 574 4148 linea
607 4093 639 4147 in
666 4098 848 4150 tranversum
882 4095 1006 4166 ducitur,
1062 4098 1138 4172 quod
1159 4098 1379 4169 inperfectione
1402 4099 1451 4153 illa
1470 4115 1527 4170 qua
1543 4099 1908 4171 potestaslieiomniasibi

159 4187 286 4243 colorem
311 4185 452 4258 pallidum
479 4182 604 4254 9999999
626 4182 777 4254 nigredine
811 4183 1006 4241 intermistum
1062 4186 1186 4258 subjicit,
1215 4187 1356 4242 voluntati
1382 4187 1433 4243 9199
1467 4187 1591 4242 charitas
1623 4188 1706 4259 quasi
1732 4188 1909 4259 quiescendo

160 4277 347 4342 demonstrat,
367 4271 436 4345 quia
456 4270 563 4327 caduca
584 4275 717 4343 tempora
746 4272 937 4329 mundialium
960 4290 1005 4330 re·
1026 4247 1215 4347 ⁰conjuncta
1228 4280 1283 4341 est,
1298 4274 1436 4347 qnoniam
1452 4276 1576 4332 ebaritas
1592 4291 1708 4331 omnem
1730 4277 1908 4333 voluntatem

158 4379 224 4418 rum
238 4362 357 4418 initium
376 4366 406 4415 99
428 4358 517 4415 1999999
541 4358 687 4425 habentia,
713 4360 818 4433 999999
836 4360 1006 4419 indeficiens
1060 4363 1111 4419 9199
1121 4362 1272 4435 adimplet,
1291 4379 1369 4419 nunc
1389 4365 1453 4427 isto,
1477 4380 1553 4419 nunc
1575 4364 1624 4419 illo
1639 4368 1742 4419 ornatu
1760 4365 1908 4433 decorata,

157 4452 303 4508 aeternitas
326 4449 407 4505 nullo
426 4447 485 4504 line
510 4448 647 4504 concluse
669 4448 836 4505 dominatur
854 4450 1004 4521 designat3
1060 4453 1128 4526 quia
1151 4453 1271 4509 virtutes
1299 4468 1364 4524 9999
1379 4452 1409 4508 99
1432 4453 1597 4510 hominibus
1617 4456 1784 4525 operantur,
1813 4452 1907 4509 chari-

156 4544 243 4612 99999
267 4554 345 4596 nnnc
366 4540 508 4611 pallorem
533 4537 743 4608 angustiarum,
773 4553 850 4594 nunc
878 4539 1006 4609 nigredi·
1059 4544 1148 4597 tatem
1169 4542 1248 4597 volnt
1271 4542 1398 4613 quodam
1421 4540 1522 4597 deeora
1541 4545 1672 4597 ornatam
1697 4542 1907 4611 demonstrant,

156 4644 225 4684 uem
249 4628 479 4696 tribulationum,
500 4624 632 4699 quaudiu
648 4627 772 4682 mondus
790 4626 875 4682 durat
897 4629 1003 4684 multo·
1059 4646 1124 4686 cnm
1150 4630 1247 4685 omnia
1270 4630 1345 4685 bona
1366 4646 1420 4702 999
1439 4629 1606 4686 charitatem
1620 4629 1700 4685 91999.
1723 4629 1793 4685 Nam
1818 4630 1908 4687 999999

156 4719 210 4775 9999
236 4718 360 4789 graviter
373 4720 477 4789 portat.
507 4716 563 4771 Sed
587 4719 617 4771 99
644 4715 706 4771 bec
727 4716 836 4783 omnia,
851 4732 1005 4789 99999999-
1059 4720 1120 4791 ejus
1135 4723 1169 4774 nt
1182 4719 1225 4774 sol
1240 4718 1325 4787 lucet,
1351 4734 1471 4775 mouens
1490 4721 1522 4773 ut
1534 4718 1622 4774 homo
1636 4734 1753 4773 9999999
1774 4719 1909 4775 intentio

155 4805 231 4861 dicta
255 4809 322 4860 sunt
339 4804 397 4859 alio
425 4802 565 4858 modoad
584 4802 706 4857 salutem
726 4802 890 4858 animarum
911 4803 1005 4858 homi·
1057 4824 1126 4863 nem
1146 4806 1240 4863 cordis
1255 4806 1299 4861 sui
1317 4806 1458 4863 inseram
1477 4807 1565 4863 solem
1585 4806 1785 4877 tigat3'tuuice
1809 4812 1907 4863 autem

155 4910 226 4951 uum
253 4892 421 4964 respiciunt,
448 4891 490 4946 ita
516 4895 549 4946 ut
569 4891 606 4946 ad
629 4906 772 4946 summam
791 4890 1002 4959 fortitudinem,
1058 4897 1150 4970 ipsius
1159 4900 1191 4951 nt
1201 4910 1330 4968 purpura
1350 4894 1450 4966 ln1get,
1467 4900 1608 4968 quatenns
1623 4897 1711 4951 homo
1726 4910 1794 4950 cum
1816 4896 1905 4952 nisce·

155 4998 220 5057 que
240 4980 271 5035 in
296 4981 472 5052 perfectione
497 4978 634 5051 fulgentis
651 4979 772 5052 justiti&
799 4978 938 5044 00115ίὸῑί9
954 4994 1004 5049 11⁰·
1057 4986 1137 5041 ribus
1152 4982 1357 5039 misericordam
1371 4984 1571 5040 indumentum
1591 4983 1646 5039 sibi
1662 4983 1779 5051 9999999,
1795 4985 1904 5041 uuicui-

42 5075 45 5080 '
155 5074 243 5127 testas
258 5068 309 5124 1199
327 5068 480 5139 coniuncta
503 5067 550 5134 sit,
569 5068 708 5139 quoniam
734 5072 904 5138 9999999999
917 5066 1003 5122 lorti·
1057 5082 1114 5140 999
1129 5070 1238 5141 9999999
1251 5077 1392 5142 quantum
1406 5070 1535 5143 potuerit
1553 5072 1712 5129 subveniat.
1728 5073 1762 5127 Et
1770 5078 1907 5145 torquem

154 5159 224 5215 tudo
239 5158 290 5214 1199
304 5157 360 5213 9999
374 5157 554 5213 adherentes
572 5160 650 5212 sunt.
669 5158 797 5211 Potestas
810 5155 927 5228 quidem
953 5154 1003 5210 liei
1056 5172 1173 5213 9999999
1197 5158 1331 5228 pretiosis
1350 5159 1495 5231 lapidibus
1516 5161 1677 5217 9999999999
1702 5160 1777 5217 eirca
1793 5162 1902 5217 collum

154 5246 279 5304 rotunde
309 5245 474 5318 equalitate
507 5244 708 5315 temperantia
735 5247 787 5312 999,
819 5244 889 5316 9999
916 5242 1002 5299 initio
1056 5260 1140 5301 snum
1162 5245 1260 5315 babet,
1282 5246 1407 5303 innuens
1434 5254 1466 5305 ot
1485 5249 1573 5305 homo
1588 5250 1906 5327 jugumenbjectinnis

153 5339 271 5390 ceretet
285 5333 354 5404 1199,
367 5338 405 5406 ,et
424 5333 522 5404 ampla
539 5332 729 5403 possibilitate
743 5332 841 5387 omnia
859 5348 925 5404 9999
941 5333 1004 5387 9919
1056 5332 1110 5388 9999
1127 5334 1293 5407 imponens,
1309 5351 1375 5391 oum
1397 5336 1490 5393 beatis
1505 5336 1658 5395 virtutibus
1681 5335 1753 5393 illud
1774 5336 1907 5407 adornat,

152 5424 247 5479 lacera
281 5427 397 5495 potest:
427 5422 606 5495 candidaque
637 5422 669 5478 in
698 5421 815 5478 lenitate
842 5421 1001 5477 coelestium
1055 5419 1096 5477 999
1114 5428 1146 5478 99
1170 5423 1200 5479 99
1223 5424 1357 5481 omnihus
1379 5425 1549 5483 humiliatus
1570 5427 1673 5482 119999
1688 5424 1908 5481 999999999999-

151 5511 327 5585 judiciorum
341 5510 443 5581 fulget,
465 5510 602 5582 quoniam
624 5511 703 5566 nulla
715 5510 902 5577 mutabilitas,
920 5510 1001 5566 nulla
1051 5510 1162 5582 jectum
1180 5527 1240 5569 9999
1262 5506 1407 5583 ostendat,
1431 5514 1677 5587 quemadmodum
1700 5512 1832 5571 etlilins
1854 5514 1907 5573 Dei
