3984 6034
66 222 120 274 ‘iti
695 218 841 276 stlattas
856 220 965 278 -tllt
985 221 1008 286 l,
1028 219 1121 276 visto
1141 219 1184 276 tv,
1749 269 1751 274 ,
1771 225 1824 278 tta

66 373 154 413 mons
169 357 218 412 ille
230 356 262 411 in
282 358 365 428 cujus
389 353 533 412 foramine
554 371 602 410 ure
625 353 831 410 absconderam
853 354 921 410 iude
938 354 1036 411 ittera
1053 354 1102 410 illa
1116 354 1252 410 velociter
1274 353 1405 411 transilii.
1432 355 1465 412 Et
1487 356 1551 412 veni
1570 355 1605 412 ad
1620 356 1765 430 quoddam
1781 363 1824 413 ta·

66 451 233 502 commotus
255 445 354 500 fuerit.
374 445 408 498 llt
422 443 481 500 dixi
498 459 505 498 :
522 443 546 498 0
568 448 671 509 mater,
688 459 705 497 o
721 450 815 498 mater
828 442 894 499 Sion
911 459 919 498 ε
973 443 1172 513 bernaculum,
1188 443 1263 516 qsrod
1289 443 1410 498 interius
1430 447 1523 499 totum
1544 451 1605 500 erat
1623 462 1654 500 er
1670 445 1824 502 fortissima

67 535 210 612 quidnam
228 534 346 588 tandem
361 534 412 588 liet
426 534 462 589 de
478 531 543 588 mel
562 533 596 586 ut
609 532 747 587 ubinunc
762 537 806 586 est
818 531 922 587 nobilis
974 533 1073 604 calybe
1094 532 1275 588 fabricatum.
1298 533 1333 588 lit
1356 532 1474 588 subiens
1497 533 1578 597 illud,
1605 550 1692 605 opera
1714 535 1824 591 clarita·

68 624 129 679 falia
155 622 228 678 tua?
248 621 416 694 Oquaudiu
439 621 571 693 quandiu
600 625 737 676 maternae
761 619 922 676 dulcedinis
974 620 1011 674 tis
1039 620 1104 688 feci,
1120 636 1185 676 cum
1212 622 1292 693 prius
1315 636 1403 690 opera
1427 621 1611 676 tenebrarum
1628 622 1766 680 fecissem.
1791 626 1823 680 ln

67 718 127 766 tuae
146 727 250 783 expers
274 726 350 779 sum,
374 726 439 781 quae
462 711 492 764 in
516 708 615 764 multis
628 708 737 764 deliciis
759 725 806 764 me
819 708 921 764 blande
975 708 1138 764 illoautem
1163 709 1348 764 tabernaculo
1363 709 1398 764 ad
1418 710 1643 780 septentrionem
1659 712 1823 768 columnam

68 799 254 857 enutrieras?
279 799 355 855 Etin
379 800 424 854 lus
444 795 820 869 lacrymisitadelectabar3
837 798 922 870 quasi
975 797 1099 869 impoliti
1126 798 1193 853 ferri
1221 799 1325 871 posni;
1350 798 1379 852 in
1412 813 1470 869 qna
1498 798 1611 854 flabella
1646 799 1823 856 diversarum

69 896 194 943 matrem
219 903 314 943 meam
338 887 476 943 viderem.
502 886 557 942 Sed
579 886 689 941 inimici
705 887 762 942 mei
781 888 922 942 clamores
976 901 1136 958 pennarum
1161 902 1191 941 se
1212 887 1265 942 bec
1281 891 1311 942 et
1333 887 1400 942 illac
1421 888 1598 942 moventium
1621 889 1768 960 suspendi,
1795 894 1825 946 et

69 994 153 1033 meos
166 977 327 1044 audientes,
342 975 475 1032 dicebant
490 991 498 1030 :
515 975 568 1031 Ubi
584 981 626 1030 est
645 975 695 1030 illa
716 991 804 1047 quarn
824 976 923 1031 bacte-
975 989 1083 1030 manns
1104 974 1264 1042 inveniens,
1287 973 1359 1029 illud
1383 975 1503 1030 comedi.
1533 975 1575 1032 Ad
1602 976 1741 1033 orientem
1756 993 1824 1033 vero

69 1083 126 1121 uns
150 1066 183 1120 in
204 1065 350 1121 consortio
372 1068 471 1120 nostro
498 1065 658 1119 secundom
678 1065 854 1120 voluntatem
875 1080 925 1120 no·
975 1064 1223 1135 propugnaculum
1249 1079 1283 1119 ex
1303 1063 1421 1136 quadris
1444 1063 1588 1134 lapidibus
1608 1065 1769 1137 construxi;
1796 1072 1825 1122 et

69 1161 160 1209 stram
181 1154 328 1209 munimus
354 1169 420 1226 qnae
447 1158 477 1208 et
511 1168 629 1208 omnem
659 1153 836 1208 voluntatem
869 1169 922 1208 uo·
974 1151 1006 1206 in
1021 1167 1055 1206 eo
1079 1153 1174 1224 ignem
1196 1154 1352 1208 accendens
1374 1152 1414 1207 ibi
1432 1153 1609 1224 myrrhatum
1635 1153 1735 1211 riuum
1758 1171 1825 1211 cum

67 1249 163 1298 stram
190 1243 329 1298 hactenus
350 1242 492 1314 perfecit?
516 1243 585 1298 Ecce
610 1257 688 1297 nuuc
711 1242 853 1298 caelicolas
874 1241 924 1297 in·
976 1246 1071 1296 musto
1095 1240 1165 1296 bibi.
1185 1241 1239 1298 Sed
1253 1242 1290 1299 ad
1306 1241 1456 1298 meridiem
1471 1242 1574 1298 turrim
1595 1259 1627 1298 ex
1649 1244 1767 1316 quadris
1782 1245 1824 1300 la·

70 1337 164 1388 sucat.
195 1332 301 1388 Omnes
333 1347 403 1403 ergo
426 1337 501 1386 artes
527 1337 642 1387 nostras
671 1331 835 1394 excitemus,
858 1347 922 1386 eam
975 1328 1092 1400 pidibus
1119 1331 1224 1398 struai;
1239 1330 1269 1386 in
1301 1347 1359 1403 qua
1381 1331 1495 1402 clypeos
1523 1332 1604 1387 rubri
1631 1335 1735 1389 coloris
1758 1349 1824 1389 sus-

70 1425 154 1476 tauto
176 1419 272 1474 studio
292 1424 322 1474 et
340 1425 420 1474 tanta
443 1419 636 1474 sollicitudine
661 1419 863 1487 custodientes,
885 1435 922 1474 ne
976 1418 1075 1489 pondi,
1101 1423 1130 1474 et
1150 1419 1179 1473 in
1198 1419 1279 1490 onJ'us
1305 1419 1445 1475 fenestras
1468 1419 1552 1475 tubas
1571 1437 1604 1476 ex
1626 1423 1712 1477 ebore
1736 1422 1825 1478 factas

70 1525 196 1581 usquam
221 1525 238 1563 e
262 1508 345 1562 nobis
371 1507 498 1579 effugere
531 1508 631 1578 possit,
661 1508 730 1578 quia
753 1523 815 1562 eam
840 1507 924 1562 nobis
976 1507 1121 1562 collocavi.
1138 1509 1171 1562 ln
1188 1508 1282 1563 medio
1304 1514 1399 1563 autem
1425 1507 1503 1563 illius
1527 1511 1615 1564 turris
1638 1512 1693 1566 mel
1724 1511 1822 1582 effudi,

69 1598 154 1669 prius
169 1597 290 1652 omuino
312 1595 496 1666 subjecimus.
513 1594 611 1651 Silano
634 1595 796 1662 fecerimus,
816 1597 922 1652 iterum
976 1610 1009 1650 ex
1025 1611 1082 1668 quo
1098 1597 1256 1667 pretiosum
1281 1601 1461 1668 unguentum
1479 1613 1543 1653 cum
1565 1599 1627 1653 aliis
1648 1601 1826 1657 aromatibus

71 1703 124 1740 nos
146 1690 293 1758 sequetur.
316 1684 370 1740 svo
400 1701 454 1755 ego
476 1684 607 1740 documen
622 1685 652 1738 in
669 1701 726 1756 quo
742 1699 788 1739 me
804 1684 922 1740 abscon·
940 1655 1096 1751 Bconfeci,
1115 1686 1154 1739 ita
1168 1695 1201 1739 ut
1218 1701 1253 1740 er
1278 1701 1311 1740 eo
1339 1685 1480 1740 maximus
1501 1687 1572 1742 odor
1590 1694 1750 1758 portatum
1766 1707 1830 1746 am-.

69 1775 171 1830 deram
196 1774 319 1829 tatemer
351 1789 474 1845 egressa,
502 1773 532 1827 in
561 1773 715 1844 quemdam
741 1773 921 1828 altitudinem
976 1772 1068 1828 bitum
1083 1772 1253 1828 funderetur
1277 1774 1467 1830 tabernaculi.
1493 1777 1536 1832 Ad
1557 1777 1731 1834 occidentem
1757 1793 1825 1833 vero

71 1865 113 1917 ire
128 1862 279 1935 cupiebam
306 1862 356 1917 ubi
380 1879 426 1917 me
451 1860 560 1916 inimici
583 1862 640 1916 mei
654 1861 782 1917 invenire
799 1878 857 1916 uon
872 1878 923 1915 va·
977 1861 1089 1916 nullum
1102 1877 1176 1932 opus
1192 1862 1289 1934 posui;
1306 1861 1373 1935 quia
1390 1879 1455 1934 para
1470 1864 1570 1920 illaad
1585 1866 1722 1920 saeculum
1745 1881 1825 1922 versa

69 1953 175 2007 ferent.
203 1956 239 2007 ut
261 1951 317 2022 ipsi
340 1951 486 2023 quoddam
510 1965 590 2006 mare
619 1950 691 2005 tanti
712 1951 832 2006 fervoris
850 1949 923 2006 milri
977 1955 1048 2004 erat.
1079 1950 1133 2006 Sed
1173 1951 1288 2006 interim
1322 1951 1392 2006 dum
1417 1953 1447 2007 in
1477 1955 1531 2009 hoc
1556 1954 1653 2010 labore
1687 1960 1826 2026 occupata

70 2044 281 2112 opposuerunt,
308 2039 436 2095 utillud
459 2040 540 2094 nullo
563 2039 649 2094 modo
669 2040 854 2094 transvadare
870 2053 922 2111 po·
977 2053 1123 2103 versarer;
1150 2038 1260 2094 inimici
1288 2040 1346 2094 mei
1373 2040 1522 2111 pharetras
1550 2058 1615 2098 suas
1644 2042 1824 2114 arripientes,

69 2131 190 2185 tuerim.
211 2129 312 2184 Sedet
333 2128 508 2200 ibiquidam
533 2143 607 2200 pons
622 2133 708 2182 uotae
723 2127 873 2199 parvitatis
893 2133 922 2183 et
976 2125 1086 2197 sagittis
1114 2126 1172 2182 suis
1201 2127 1417 2184 tabernaculum
1454 2145 1550 2185 meum
1583 2133 1710 2203 aggressi
1743 2137 1824 2201 auut;

69 2218 304 2289 augustiaeerat3
320 2221 354 2272 ut
371 2232 424 2272 uec
447 2233 499 2289 per
522 2217 605 2272 illum
626 2215 748 2272 transire
771 2216 921 2272 valuerim.
977 2216 1026 2271 sed
1043 2231 1096 2288 ego
1120 2233 1179 2288 pras
1208 2217 1302 2272 studio
1324 2218 1419 2290 operis
1443 2221 1520 2290 quod
1545 2219 1701 2289 faciebam3
1724 2221 1824 2276 tandin

69 2308 102 2362 ln
124 2308 185 2361 fine
205 2322 321 2379 quoque
341 2305 430 2360 maris
454 2305 533 2360 illius
552 2304 684 2378 quaedam
700 2306 823 2361 altitudo
839 2322 923 2360 mon·
977 2305 1118 2360 insaniam
1147 2321 1248 2361 eorum
1284 2322 1351 2362 nom
1385 2307 1494 2362 attendi
1531 2323 1622 2380 usque
1651 2309 1720 2363 dum
1750 2308 1826 2365 fores
1899 2363 1902 2368 .

67 2397 145 2450 tium
172 2400 319 2450 tantorum
348 2394 515 2449 acuminum
544 2394 679 2466 apparuit
702 2395 778 2466 quod
803 2409 855 2450 nec
882 2393 924 2448 ibi
977 2393 1156 2449 tabernaculi
1170 2393 1282 2465 sagittis
1296 2395 1535 2466 complerentur:
1560 2391 1640 2452 nulla
1662 2401 1758 2452 umen
1780 2413 1825 2452 sa·

68 2485 126 2538 iter
135 2484 238 2539 baberi
261 2499 345 2555 posse
365 2481 453 2540 sensi.
470 2484 502 2538 at
521 2482 579 2538 dixi
594 2498 601 2537 ε
618 2482 640 2538 0
655 2481 725 2554 quid
744 2499 798 2554 ego
820 2484 924 2538 misera
978 2482 1116 2554 gittarum
1132 2499 1184 2538 uec
1196 2485 1315 2554 januam
1331 2484 1414 2550 lussit,
1431 2499 1483 2539 nec
1498 2485 1627 2556 calybem
1648 2486 1826 2542 tabernaculi

69 2589 149 2627 nunc
164 2572 287 2628 faciam?
302 2571 475 2628 vaavitatem
491 2572 591 2626 matris
606 2587 678 2627 mete
701 2587 778 2627 nunc
802 2586 924 2644 parum-
978 2576 1129 2641 penetrare
1149 2571 1247 2638 valuit,
1269 2573 1345 2627 unda
1368 2588 1418 2626 uec
1442 2589 1496 2643 agu
1516 2573 1552 2627 ab
1579 2574 1620 2628 eis
1647 2575 1713 2630 fredi
1733 2573 1824 2647 potui.

69 2678 123 2734 per
137 2678 294 2730 senseram,
314 2661 391 2716 nude
413 2661 550 2732 putabam
571 2660 649 2732 quod
675 2677 721 2715 me
744 2661 827 2714 vellet
842 2660 878 2715 ad
894 2677 924 2715 se
978 2660 1060 2725 Quod
1093 2660 1136 2715 illi
1168 2659 1367 2732 percipientes,
1414 2663 1569 2717 maximam
1605 2662 1825 2719 inundationem

70 2752 231 2818 reducere;
248 2751 297 2805 sed
318 2749 370 2804 uh!
390 2765 460 2804 num
481 2749 588 2804 iterum
606 2748 762 2820 relinquet,
791 2748 922 2803 metali!
979 2761 1119 2819 aquarum
1133 2747 1304 2814 emiserunt,
1321 2753 1353 2802 ut
1369 2763 1415 2802 me
1436 2754 1466 2803 et
1484 2749 1702 2804 tabernaculum
1729 2766 1827 2806 meum

71 2855 129 2911 qno
145 2837 430 2893 marertamlltam
451 2837 475 2892 si
498 2837 636 2892 modain
657 2838 783 2907 priorem
805 2835 926 2910 captivi·
978 2837 1156 2908 dejicerent:
1187 2842 1313 2892 attamen
1334 2836 1365 2891 iu
1385 2836 1439 2892 hac
1464 2836 1575 2892 malitia
1595 2853 1646 2892 sna
1667 2838 1739 2894 nibil
1761 2854 1828 2909 pro·

70 2934 163 2984 tatem
176 2943 294 2993 venero,
309 2926 435 2982 inimicis
450 2925 522 2981 meis
537 2925 630 2998 magis
643 2942 722 2981 nunc
741 2941 828 2998 quam
844 2926 924 2996 prius
943 2926 1118 3009 cfeceruut.
1143 2925 1326 2997 Quapropter
1345 2942 1393 2981 eos
1414 2925 1549 2981 audacter
1574 2925 1673 2994 derisi,
1703 2927 1800 2982 dicens
1817 2941 1825 2982 t

72 3033 122 3072 eru
139 3015 274 3083 ludibrio,
288 3017 357 3088 quia
371 3016 406 3070 ad
419 3021 540 3070 matrmu
555 3031 650 3070 meam
670 3014 794 3069 fideliter
818 3014 924 3086 ejulavi
980 3015 1071 3070 Faber
1091 3013 1142 3087 qni
1169 3015 1225 3070 hoc
1243 3014 1458 3071 tabernaculum
1478 3016 1589 3085 struxit,
1613 3016 1694 3071 robis
1717 3016 1828 3088 sapien·

71 3113 100 3162 et
123 3105 263 3178 quoniam
292 3105 463 3160 suavitatem
499 3104 660 3160 dulcedinis
681 3104 743 3175 ejus
767 3119 925 3175 parumper
980 3104 1036 3159 tior
1064 3109 1093 3158 et
1123 3104 1226 3160 fortior
1260 3103 1323 3158 fuit.
1360 3103 1441 3160 Unde
1469 3105 1588 3176 sagittas
1614 3107 1721 3160 vestras
1748 3103 1827 3160 colli-

71 3197 162 3263 sensi,
182 3210 247 3249 cnm
270 3195 375 3251 iterum
399 3195 485 3250 modo
511 3193 547 3249 ab
571 3209 605 3248 ea
626 3193 763 3249 derelicta
787 3194 851 3248 sim.
870 3193 925 3248 Sed
979 3197 1079 3263 gentes
1103 3207 1152 3248 eas
1178 3193 1324 3264 deponite,
1354 3192 1492 3264 quoniam
1519 3192 1627 3248 unllam
1655 3193 1759 3248 amodo
1790 3191 1829 3246 ri·

72 3301 127 3356 ego
142 3299 195 3355 per
218 3283 389 3337 suavitatem
413 3284 492 3337 illam
521 3298 609 3355 quam
637 3282 718 3354 prius
730 3297 783 3352 per
804 3287 925 3337 matrem
979 3281 1099 3336 ctoriam
1115 3281 1269 3336 voluntatis
1288 3288 1390 3337 vestrae
1414 3283 1445 3336 iu
1464 3297 1510 3336 me
1529 3281 1664 3336 valebunt
1678 3281 1827 3353 prolicere.

73 3371 349 3427 meamvenientem
374 3385 518 3425 senseram
540 3371 634 3426 adbuc
665 3374 751 3424 tantae
778 3369 924 3424 fortitudi·
980 3371 1130 3442 Eccequre
1148 3371 1268 3425 vulnera
1292 3369 1466 3425 ostendunt?
1485 3371 1544 3441 Ego
1570 3373 1661 3424 multo
1683 3369 1782 3425 dolore
1799 3373 1829 3425 et

73 3460 267 3532 nisfuiqvaod
295 3475 342 3514 me
365 3459 400 3514 ad
424 3459 564 3514 orientem
583 3457 656 3513 verti
679 3463 708 3513 et
721 3458 797 3529 quod
818 3457 925 3513 iterum
980 3459 1077 3514 labore
1102 3458 1227 3530 plurima
1251 3458 1326 3514 bella
1360 3457 1511 3513 adversum
1539 3475 1589 3514 vos
1609 3459 1665 3530 egi,
1691 3475 1757 3515 cum
1782 3473 1829 3514 me

72 3550 295 3622 angustissimas
316 3549 433 3602 semitas
456 3554 567 3603 tentare
588 3547 671 3618 coepi.
694 3547 754 3602 lltre
768 3552 865 3602 autem
885 3563 928 3601 se-
980 3548 1068 3604 morti
1103 3548 1214 3602 tradere
1247 3547 1373 3614 valletis;
1405 3547 1453 3602 sed
1480 3551 1654 3602 tamennon
1684 3547 1827 3620 potuistis,

73 3641 156 3693 naitoe
171 3637 263 3708 spinis
290 3643 319 3690 et
341 3635 455 3690 tribulis
473 3642 503 3690 et
520 3636 584 3690 aliis
608 3635 775 3705 hujusmodi
803 3633 925 3706 impedi·
980 3640 1050 3710 quia
1065 3635 1228 3691 fortissimis
1251 3636 1340 3690 armis
1367 3635 1500 3690 munita:
1518 3643 1617 3690 acutos
1634 3637 1745 3702 gladios
1763 3651 1831 3691 cou-

74 3727 182 3782 mentis
210 3725 251 3780 ita
282 3731 369 3796 septae
400 3730 491 3791 erant,
515 3724 594 3796 qnod
619 3724 662 3778 vir
680 3725 739 3779 ulla
756 3724 874 3796 vestigia
895 3723 927 3780 iu
981 3732 1024 3781 tra
1038 3741 1088 3780 vos
1103 3724 1221 3792 vibravi,
1233 3740 1285 3795 per
1297 3737 1370 3796 qnos
1384 3739 1430 3778 me
1445 3725 1553 3779 arabis
1568 3730 1685 3779 strenue
1701 3723 1828 3782 defendi.

73 3818 116 3871 eis
130 3815 222 3885 figere
243 3814 391 3881 valebam3
405 3814 456 3869 sed
479 3819 576 3869 tamen
600 3828 666 3868 cum
686 3813 812 3868 marimo
829 3812 927 3868 labore
981 3813 1116 3871 llecadite
1131 3829 1210 3886 ergo,
1227 3813 1361 3882 recedite,
1376 3811 1514 3884 quoniam
1531 3829 1576 3868 me
1590 3814 1710 3868 ulterius
1724 3812 1830 3869 habere

75 3911 105 3961 et
120 3906 228 3960 sudore
248 3919 296 3959 eas
317 3905 434 3959 tandem
456 3903 501 3958 sir
520 3902 730 3974 pertransiens:
746 3918 780 3957 aa
807 3903 858 3958 illo
884 3903 925 3958 la·
981 3919 1038 3959 non
1054 3903 1193 3976 poteritis.

72 3997 145 4052 bore
175 3999 284 4051 tanum
307 3994 505 4066 fatigationem
531 3993 649 4062 incurri,
672 3994 750 4066 qnod
771 3994 818 4049 vix
836 3995 926 4065 respi·
1016 3992 1070 4048 Sed
1099 4007 1152 4063 ego
1182 3991 1292 4063 fragilis
1318 3997 1346 4046 et
1375 3990 1489 4046 indocta
1518 3991 1578 4047 vidi
1606 3992 1695 4046 etiam
1710 4007 1775 4065 quse
1797 3991 1828 4048 in

73 4101 139 4140 rare
154 4084 239 4140 calm.
265 4083 311 4140 Sic
333 4084 449 4139 undem
471 4099 536 4138 cum
552 4083 677 4138 maxima
700 4082 867 4154 fatigatione
890 4083 927 4138 ad
982 4081 1066 4137 aliam
1085 4081 1226 4153 sphaeram
1243 4080 1362 4152 plurimi
1385 4080 1515 4137 turbines
1540 4082 1683 4136 irruentes
1703 4097 1766 4137 eam
1782 4081 1831 4138 de·

72 4187 213 4228 cacumen
242 4172 350 4227 montis
375 4173 406 4227 in
439 4188 497 4244 quo
533 4187 579 4226 me
610 4171 691 4243 prius
719 4172 927 4227 absconderam
978 4171 1067 4243 jicere
1093 4170 1246 4225 voluerunt
1275 4170 1323 4226 sed
1349 4185 1408 4226 non
1433 4171 1595 4238 valuerunt,
1618 4171 1756 4243 quonism
1780 4171 1831 4227 illa

73 4263 214 4328 evadens3
226 4263 267 4316 ad
293 4261 396 4315 vallem
419 4264 482 4333 ejus
496 4276 542 4317 me
565 4261 711 4327 inclinavi,
736 4261 787 4317 ubi
806 4262 924 4317 descen·
944 4257 1095 4315 Dfortiter
1111 4275 1289 4332 repugnans,
1315 4261 1408 4316 locum
1430 4261 1472 4316 eis
1488 4260 1653 4316 insaniendi
1668 4276 1727 4316 non
1740 4261 1830 4332 dedit,

74 4353 143 4407 dare
168 4350 286 4417 volenti,
312 4350 434 4421 aspides,
458 4349 632 4422 scorpiones,
660 4350 799 4406 dracones
824 4357 854 4405 et
877 4349 926 4404 alii
979 4355 1107 4404 attamen
1139 4349 1179 4404 sic
1202 4365 1267 4404 cum
1289 4349 1407 4421 querela
1429 4349 1522 4405 dixit:
1547 4349 1681 4414 Quamvis
1702 4365 1831 4423 pauper-

74 4439 243 4511 bujusmodi
266 4446 415 4510 serpentes
437 4439 523 4494 simul
542 4443 733 4506 occursantes,
748 4439 780 4494 iu
794 4438 924 4493 mesibi-
979 4439 1044 4494 cula
1067 4439 1131 4504 sim,
1148 4453 1286 4509 magnum
1316 4443 1411 4494 tamm
1427 4437 1554 4493 officium
1578 4445 1661 4493 necta
1685 4454 1759 4492 snm.
1784 4437 1828 4494 Ob

73 4531 119 4586 los
144 4545 213 4583 suos
233 4529 401 4583 emiserunt
424 4527 504 4583 Unde
528 4543 581 4598 ego
614 4531 762 4597 exterrita,
785 4527 925 4582 maximos
980 4526 1050 4599 quid
1087 4542 1150 4582 sum
1178 4529 1251 4598 egof
1273 4526 1307 4580 Et
1326 4543 1391 4598 quae
1419 4531 1463 4581 est
1488 4527 1669 4597 querimonia
1696 4527 1829 4582 clamoris

74 4620 202 4673 ululatus
225 4617 318 4685 emisi,
350 4617 476 4672 dicens:
501 4616 639 4684 Omater,
671 4616 720 4672 ubi
745 4617 797 4671 esf
826 4616 926 4671 Larius
979 4613 1250 4685 meilSpiraculum
1275 4613 1354 4668 enim
1375 4613 1473 4669 vivens
1497 4615 1528 4669 in
1550 4615 1669 4669 homine
1692 4629 1756 4669 sum
1779 4631 1829 4686 po-

73 4707 155 4762 enim
182 4706 321 4773 dolerem,
345 4705 369 4760 si
384 4705 554 4760 suavitatem
576 4705 748 4759 visitationis
771 4710 829 4760 tute
848 4705 927 4777 prins
979 4704 1044 4771 sita,
1064 4701 1093 4756 in
1115 4702 1331 4757 tabernaculum
1365 4702 1569 4766 medullarum,
1603 4718 1752 4772 vanarum,
1780 4719 1831 4758 os-

73 4813 133 4850 non
159 4796 322 4863 sensissem,
349 4795 417 4866 quia
439 4810 517 4848 nunc
543 4795 650 4849 iterum
675 4794 706 4849 in
732 4793 925 4866 captivitatem
980 4791 1055 4845 sium
1070 4794 1099 4845 et
1122 4789 1225 4857 cernis,
1249 4791 1289 4845 ita
1315 4788 1500 4862 quudeidem
1519 4790 1703 4845 tabernaculo
1717 4796 1831 4862 vegeta·

73 4885 155 4938 illam
184 4881 310 4938 incidam
332 4881 434 4954 inqua
463 4881 574 4937 dudum
600 4881 757 4952 jacueram.
787 4880 840 4937 tlbi
857 4896 927 4952 ergo
979 4879 1089 4934 donem
1115 4878 1223 4945 tribuo,
1248 4883 1276 4934 et
1298 4878 1370 4934 illud
1387 4877 1495 4951 ubique
1513 4877 1544 4933 in
1564 4879 1831 4935 motibussuiseir·

72 4987 152 5026 nune
166 4970 364 5026 eeteuxilium
380 4970 486 5026 tuum?
508 4971 587 5024 Tunc
607 4986 705 5026 vocam
736 4970 836 5025 matris
855 4985 927 5024 meae
979 4967 1118 5023 eumfero.
1141 4967 1195 5023 Sed
1218 4969 1294 5024 hen!
1318 4968 1489 5023 sensibilitas
1515 4969 1592 5023 illius
1618 4968 1727 5040 profert
1746 4983 1828 5041 spur·

73 5061 171 5116 audivi
188 5060 260 5114 mibi
273 5060 428 5115 dicentem.
979 5058 1086 5127 citiam,
1109 5057 1254 5114 lasciviam
1280 5063 1308 5114 et
1333 5057 1521 5129 pabulantium
1546 5073 1659 5112 morum
1680 5073 1713 5112 ac
1732 5057 1830 5114 omnia

107 5149 221 5217 Otilia,
237 5165 330 5215 curra,
351 5164 456 5220 pennae
471 5147 550 5204 enim
574 5147 780 5203 advolandum
808 5146 862 5202 tibi
879 5147 928 5202 de·
980 5163 1086 5219 genera
1107 5147 1253 5202 vitiorum.
1274 5147 1369 5204 Ablo
1393 5161 1480 5218 qnam
1510 5161 1615 5218 magno
1643 5145 1753 5218 gemitu
1776 5147 1830 5203 boc

73 5245 108 5293 ta».
122 5243 227 5292 sunta
251 5236 408 5292 fortissimo
426 5236 541 5302 datore;
566 5236 613 5289 cui
636 5234 732 5289 nullus
752 5234 829 5288 valet
853 5235 926 5289 resi·
980 5252 1154 5308 conqueror.
1177 5237 1247 5292 Nam
1270 5251 1335 5292 cum
1365 5235 1586 5307 prosperitatem
1614 5233 1680 5290 vitae
1704 5235 1735 5290 in
1759 5251 1831 5308 ope-

72 5332 159 5382 stere.
184 5327 257 5398 Ergo
279 5325 414 5381 velociter
432 5323 577 5379 transvola
604 5339 706 5379 omnes
738 5323 790 5378 has
813 5328 927 5379 contra·
980 5323 1060 5380 ribus
1081 5324 1258 5380 tabernaculi
1285 5323 1341 5379 mei
1359 5324 1473 5378 habeo:
1497 5325 1622 5380 occurrit
1644 5324 1716 5379 mihi
1734 5324 1832 5382 diabe-

71 5417 203 5472 natales.
238 5415 270 5470 Et
307 5430 363 5487 ego
398 5415 491 5470 multa
527 5413 724 5469 consolatione
754 5412 925 5482 confortate,
980 5413 1035 5468 lica
1050 5414 1198 5485 persuasio
1223 5413 1254 5470 in
1277 5413 1412 5468 omnibus
1436 5429 1482 5468 me
1505 5413 1649 5482 irretiens,
1670 5429 1703 5468 ao
1724 5413 1754 5468 in
1778 5413 1831 5468 fla·

72 5519 185 5576 pennas
208 5502 274 5559 illas
296 5504 410 5576 suscepi
427 5507 459 5559 et
480 5502 579 5558 omnia
597 5517 741 5558 venenosa
765 5517 798 5557 ac
824 5501 926 5559 morti·
980 5508 1044 5558 tum
1078 5501 1209 5558 elationis
1237 5501 1278 5557 ita
1310 5517 1357 5558 me
1391 5501 1507 5574 erigens
1528 5503 1604 5575 qnod
1632 5514 1831 5575 sepenumero
