3984 6034
192 191 244 244 τοι
918 186 946 241 s.
969 180 1207 253 altumaltum
1898 189 1965 268 7⁰³}

93 359 104 386 s
191 340 256 378 rvrm
289 324 406 394 spiritus
428 323 507 378 illius
528 322 578 393 qui
600 321 735 375 interiora
764 321 841 374 ridet
860 335 917 374 uon
941 319 1041 374 obscu·
1059 321 1487 390 Aurienleetaseptenlrione
1505 324 1533 375 et
1557 321 1592 375 ab
1616 321 1762 375 occidente
1789 323 1827 376 ad
1862 303 1965 376 meri-³

191 417 271 464 ratus
298 411 425 464 caecitate
456 409 612 463 ramalium
642 409 830 479 voluptatum.
859 408 931 472 Ouid
963 407 1041 462 lruc‘l
1094 408 1186 474 diem;
1207 409 1256 462 ubi
1280 425 1332 478 per
1354 409 1446 463 lilivrm
1467 425 1551 464 strum
1576 409 1605 464 in
1629 410 1782 464 dilectione
1807 410 1965 496 Ecclesia}

192 497 248 554 Sed
272 497 393 568 Spiritus
424 502 539 551 sanctus
566 511 679 551 svrrsum
708 496 800 551 elevat
824 495 957 566 spiritum
986 497 1041 550 bo·
1093 513 1178 552 omne
1193 496 1270 569 quod
1285 502 1350 552 ante
1374 497 1608 553 constitutionem
1635 497 1733 553 mundi
1759 497 1948 569 praedestina·

193 585 279 639 minis
310 586 346 640 ad
382 591 509 641 montem
556 585 715 640 coelestinm
752 585 977 640 desideriorum:
1010 589 1042 638 ιιι
1093 589 1155 639 ιιιιιι
1183 585 1286 652 tuerat,
1319 585 1355 640 ad
1385 585 1518 640 ellectum
1550 585 1633 640 illum
1666 586 1798 658 perducit
1828 585 1887 656 qni
1907 603 1965 664 nu»¹

192 673 342 744 perspicue
369 674 550 728 considerare
577 673 673 728 valeat
694 689 781 744 opera
802 689 866 745 ques
889 675 920 728 in
937 673 1039 744 spiritu
1094 673 1228 728 tissimus
1267 673 1329 729 dies
1360 677 1413 740 est,
1447 673 1521 729 sicut
1553 675 1640 729 etiam
1667 674 1721 728 bor
1749 690 1824 744 opus
1867 665 1965 728 ειιιιιιι1

191 761 357 833 peragenda
372 768 449 826 sunt,
475 763 550 832 qnod
575 767 617 816 est
640 762 810 833 magnitudo
832 758 1040 833 operum'liei;
1095 776 1146 832 per
1175 777 1205 816 se
1238 762 1361 816 educens
1396 761 1468 817 illud
1499 777 1565 817 eum
1600 761 1745 833 praedietis
1770 763 1799 817 in
1824 763 1965 833 mystica

192 849 239 904 cui
259 849 337 904 mille
352 854 426 903 artes
445 850 580 905 diabolici
602 849 698 920 operis
720 849 870 905 substratae
893 854 973 917 sunt,
999 848 1039 903 ila
1094 847 1288 918 designatione
1318 849 1447 905 turribus
1483 855 1512 905 et
1550 850 1705 906 virtutibus
1739 850 1948 906 confirmatum

193 938 271 1008 quod
286 938 327 991 eis
341 937 507 993 dominatur
527 937 600 992 sicut
614 953 697 993 mous
721 938 850 1010 planitiei
865 943 950 992 terre
965 951 1041 1008 prm·
1094 939 1122 991 et
1145 941 1288 1004 ornatum,
1317 943 1404 1010 atque
1431 938 1461 994 ia
1481 953 1593 994 summa
1615 938 1790 1010 portentione
1816 937 1965 1010 comple-l

192 1025 293 1094 lemur,
317 1030 346 1080 et
370 1026 448 1097 quod
476 1025 624 1081 immobile
661 1026 883 1082 tundamentum
902 1030 946 1081 est
968 1025 1042 1079 sicut
1093 1028 1155 1079 tum
1185 1025 1294 1080 reducit
1321 1026 1357 1082 ad
1392 1026 1529 1096 seipsum.
1561 1027 1735 1092 Quomodu‘l
1762 1027 1886 1083 lustitia
1908 1027 1965 1098 ju?

191 1128 276 1169 mons
299 1114 350 1185 qui
371 1114 406 1168 de
434 1115 497 1168 loco
522 1129 575 1168 suo
605 1130 663 1169 uon
690 1116 802 1182 transit,
837 1119 925 1169 tantm
953 1114 1042 1168 etiam
1093 1117 1143 1168 stu
1174 1113 1291 1168 actionis
1314 1117 1381 1186 post
1409 1130 1506 1170 casum
1541 1113 1609 1169 ade
1629 1114 1778 1184 designata
1802 1113 1835 1169 in
1869 1116 1965 1181 Nue;3

191 1201 353 1258 altitudinis
373 1202 496 1257 existens
520 1203 598 1274 quod
637 1203 768 1256 mortalis
795 1202 883 1258 bomo
920 1217 985 1256 eam
1010 1201 1041 1255 iu
1094 1201 1127 1256 ad
1156 1201 1344 1258 nouissimum
1365 1201 1442 1258 diem
1469 1202 1561 1258 tendit
1589 1203 1688 1257 multis
1715 1203 1869 1257 miraculis
1897 1205 1965 1256 cir-t

192 1306 277 1344 sensu
298 1305 352 1344 suo
374 1305 509 1344 enarrare
532 1305 591 1345 non
616 1291 723 1361 possit;
756 1291 826 1361 quia
853 1305 969 1344 omnem
990 1289 1042 1344 hu·
1094 1290 1274 1357 contrellata,
1296 1306 1360 1360 qua
1386 1291 1460 1344 licus
1484 1290 1514 1344 in
1541 1289 1640 1344 electis
1660 1289 1720 1345 suis
1747 1305 1799 1361 per
1834 1290 1944 1344 diversa

192 1394 308 1434 manem
336 1379 518 1449 prudentiam
540 1379 748 1450 superexcellit,
770 1395 834 1450 quor
859 1379 895 1434 de
918 1378 1041 1432 terrenis
1094 1381 1225 1448 tempora
1239 1379 1437 1433 demonstrare
1461 1393 1519 1432 non
1545 1379 1662 1432 cessavit
1687 1383 1719 1432 ιιι
1741 1379 1770 1432 in
1794 1393 1943 1450 praepara·

192 1468 337 1523 mentibus
362 1470 542 1521 terrenarum
574 1467 746 1536 qualitatum
780 1466 918 1522 ascendit,
941 1467 976 1519 Et
1001 1464 1041 1519 sic
1093 1465 1171 1519 tione
1190 1465 1220 1520 in
1247 1467 1315 1533 Noe,
1342 1471 1371 1520 al
1393 1466 1423 1520 in
1446 1467 1607 1520 ostensione
1634 1466 1664 1520 in
1689 1465 1837 1522 Abrabam
1870 1471 1899 1521 et
1921 1467 1943 1521 iu

192 1555 270 1612 fideli
283 1560 311 1609 at
325 1560 429 1610 sanctae
454 1555 559 1609 anione
585 1569 673 1625 opera
692 1555 810 1625 spiritus
831 1554 1039 1609 ostenduntur:
1093 1554 1178 1621 ldose,
1217 1559 1244 1608 at
1274 1555 1305 1608 in
1339 1555 1504 1624 operatione
1532 1554 1561 1608 in
1594 1553 1653 1610 tilio
1679 1571 1742 1609 stro.
1771 1541 1965 1620 Quomodol

192 1640 501 1700 sicuteliamcoelestis
517 1643 693 1698 Hierusalem
712 1644 874 1714 sineopere
898 1658 1039 1697 munuum
1060 1611 1163 1698 ΒΑιιιιι
1187 1647 1319 1713 tempora
1342 1642 1372 1696 in
1402 1643 1488 1698 corde
1517 1643 1639 1698 coelestis
1663 1641 1752 1699 Patris
1781 1650 1848 1700 erat
1870 1647 1942 1716 qnod

192 1732 297 1797 carnis,
312 1747 364 1802 per
384 1746 458 1801 opus
476 1747 492 1785 a
507 1731 614 1800 Spiritu
639 1735 736 1785 sancto
755 1731 854 1785 datum
882 1730 1040 1801 spirituali·
1094 1729 1199 1784 Filium
1224 1746 1308 1784 suum
1331 1731 1361 1785 in
1386 1730 1443 1786 fine
1461 1735 1625 1804 temporum
1646 1747 1700 1802 pro
1723 1748 1790 1787 vera
1809 1733 1905 1788 salute
1920 1739 1940 1787 et
1964 1725 1965 1758 ³

192 1826 238 1877 ter
250 1819 479 1886 edillcandaest,
494 1819 535 1873 ita
549 1819 748 1890 magnitudine
763 1823 792 1874 et
805 1819 957 1874 altitudine
972 1833 1039 1872 san·
1093 1816 1293 1887 redemptione
1331 1818 1437 1889 perditi
1476 1819 1602 1874 huminis
1638 1823 1753 1876 mittere
1794 1821 1892 1875 uoluit
1917 1823 1940 1874 iu

192 1914 304 1965 ctorum
332 1923 454 1979 operum
481 1907 513 1961 iu
548 1908 653 1978 spiritu
681 1913 848 1978 apparente,
871 1911 905 1962 ut
938 1906 1039 1961 eadem
1094 1906 1254 1973 niundum;
1278 1907 1473 1978 quinatnsex
1493 1907 1603 1976 virgine
1628 1908 1725 1962 omnia
1748 1924 1814 1981 ques
1832 1911 1939 1980 antiqui
1964 1917 1965 1948 ι

194 1997 293 2052 civitas
318 1997 349 2051 in
373 1995 510 2066 operibus
532 1995 614 2050 bonis
640 2011 706 2067 quae
728 2001 803 2050 tactu
831 1994 954 2066 Spiritus
977 2011 1041 2048 san·
1094 1993 1183 2049 sancti
1206 1994 1317 2065 Spiritu
1337 2002 1435 2050 sancto
1458 1997 1558 2067 repleti
1582 1997 1783 2068 predixerant,
1817 1998 1940 2069 perlecto
1964 2041 1965 2044 ,

194 2087 232 2142 eti
255 2086 330 2140 liunt
350 2085 380 2139 in
413 2083 590 2151 bominibus,
615 2085 789 2150 adornatum
810 2082 948 2154 quoniam
979 2081 1041 2153 ipsa
1094 2099 1180 2155 opere
1202 2084 1367 2154 complevit,
1391 2084 1479 2139 veluti
1503 2085 1652 2140 brachium
1680 2084 1808 2140 bominis
1825 2103 1858 2141 se
1885 2087 1938 2157 pri·
1964 2119 1965 2128 ι

193 2159 473 2244 ιίιειιριιιιιιοιιιοιι]
496 2171 590 2242 posita
612 2177 641 2226 et
665 2171 824 2227 innumeris
845 2169 1041 2226 aeditlcationi-
1096 2187 1174 2225 mrim
1187 2171 1277 2226 ilectit
1294 2172 1329 2226 ad
1344 2188 1427 2243 opus,
1449 2177 1479 2248 et
1494 2178 1526 2227 ut
1548 2173 1652 2228 deinde
1674 2189 1776 2228 manus
1792 2181 1937 2246 operatur.

194 2264 249 2320 bus
264 2261 414 2326 aedillmta,
436 2260 467 2315 in
494 2275 525 2314 se
551 2261 746 2315 nobilissimos
771 2260 881 2333 lapides
900 2260 951 2331 qui
973 2274 1040 2314 san·
1094 2259 1166 2324 Quid
1187 2259 1263 2314 huc?
1287 2259 1400 2315 lustitia
1423 2260 1553 2316 videlicet
1577 2263 1655 2334 justo
1677 2262 1787 2335 J'udicio
1811 2265 1864 2319 Dei
1881 2281 1937 2318 cum
1964 2311 1965 2314 ,

193 2351 363 2408 ctoeaoimae
384 2349 415 2404 ln
439 2349 550 2404 visione
577 2349 656 2420 pacis
673 2354 749 2417 sunt,
775 2349 885 2422 colligit
909 2347 945 2403 ab
960 2346 1042 2404 omni
1094 2349 1185 2402 adam
1215 2347 1250 2402 de
1286 2353 1363 2403 terra
1393 2347 1556 2404 floriditatis
1589 2352 1735 2422 projectus
1763 2355 1827 2406 est:
1862 2351 1939 2422 eoepit

194 2439 347 2512 putredine
357 2436 467 2509 peccati
480 2441 628 2508 purgatos.
661 2437 741 2492 Unde
765 2436 853 2492 etiam
877 2452 943 2491 cum
971 2435 1041 2507 ipsis
1095 2435 1221 2506 primum
1245 2436 1274 2491 in
1299 2437 1358 2492 Noa
1378 2438 1486 2492 moveri
1511 2438 1588 2493 utin
1623 2439 1715 2511 prima
1736 2441 1878 2510 junctura
1895 2440 1965 2510 bug

193 2527 328 2601 pretiosis
349 2525 492 2598 lapidibus
513 2531 547 2581 ut
573 2542 676 2581 aumm
704 2525 797 2596 telget
819 2525 886 2598 quia
912 2526 943 2581 in
957 2525 1040 2580 bonis
1097 2525 1178 2591 meri,
1210 2523 1249 2579 ita
1279 2524 1401 2579 tendam
1436 2525 1472 2580 ad
1497 2525 1614 2582 tortiora
1638 2526 1669 2581 in
1695 2528 1842 2583 abraham
1866 2533 1894 2582 et
1914 2528 1938 2580 in
1964 2521 1965 2542 ¹

193 2614 357 2672 bominibus
382 2613 523 2685 sapientia
560 2630 633 2687 opus
656 2631 716 2670 sure
749 2613 885 2669 claritatis
919 2613 1040 2669 demon·
1095 2613 1170 2668 lduse
1183 2611 1265 2684 quasi
1280 2612 1314 2667 ad
1325 2612 1496 2668 flexibiliora
1513 2614 1671 2669 secuudum
1690 2615 1861 2686 juncturam
1883 2616 1938 2670 bra-

194 2709 274 2760 strat.
288 2703 344 2759 Sed
364 2717 452 2774 opera
467 2702 517 2758 illa
537 2703 568 2757 in
583 2702 755 2758 rectitudine
776 2702 894 2772 justitiae
913 2707 1040 2772 peracta,
1096 2700 1162 2768 obii,
1185 2701 1224 2754 sic
1243 2700 1360 2756 taudem
1389 2702 1558 2772 perveniens
1580 2703 1617 2758 ad
1639 2703 1799 2774 perlectum
1816 2720 1890 2776 opas
1910 2703 1937 2757 iu

193 2807 260 2848 cum
285 2790 390 2864 quibos
407 2789 495 2845 etiam
521 2789 585 2861 ipsa
608 2790 729 2845 caelestis
757 2789 933 2854 Hierusalem
960 2788 1042 2844 ador·
1097 2789 1169 2844 Filio
1184 2787 1246 2858 liei,
1260 2804 1312 2860 par
1326 2805 1413 2862 quem
1433 2791 1531 2846 omnia
1559 2791 1641 2863 signa
1662 2797 1690 2847 et
1712 2793 1859 2863 praeconia
1873 2797 1938 2846 vete
1964 2779 1965 2818 l

193 2886 261 2938 nata
291 2878 448 2951 pcrtlcitor,
484 2879 561 2934 unde
596 2882 696 2933 exorta
724 2878 886 2934 venerunt?
910 2877 1042 2933 videlicet
1060 2876 1135 2962 Cris
1148 2877 1219 2950 legis
1243 2883 1343 2949 aperto
1366 2895 1453 2950 opere
1480 2880 1622 2950 completa
1636 2885 1722 2948 sunt;
1737 2885 1766 2934 et
1780 2897 1835 2952 per
1858 2895 1936 2952 ιῐιιειιι
1964 2867 1965 2870 “

193 2970 230 3025 de
246 2967 398 3022 altitudine
416 2965 489 3030 caeli,
511 2965 651 3037 quioniam
673 2970 707 3020 ιιι
726 2981 774 3019 ros
788 2964 823 3020 de
845 2963 972 3019 arabibus
987 2963 1041 3018 de·
1095 2979 1195 3020 omnes
1218 2965 1335 3022 virtutes
1359 2982 1423 3021 cum
1449 2967 1555 3039 quibus
1575 2969 1696 3024 coelestis
1720 2970 1898 3026 Hierusalem
1911 2971 1937 3022 ia
1964 2999 1965 3042 ι

194 3055 306 3113 scandit
331 3059 361 3110 et
385 3059 491 3108 terram
513 3055 634 3108 bomore
655 3069 708 3108 suo
731 3051 894 3122 pertundit;
909 3052 950 3106 sic
965 3053 1041 3107 bona
1094 3053 1162 3108 liliis
1186 3053 1244 3108 suis
1271 3055 1468 3124 adornabitur,
1501 3057 1658 3113 certissima
1692 3057 1884 3113 declaratione
1911 3059 1935 3112 iu

194 3159 283 3217 opera
311 3144 407 3197 allec
432 3141 463 3196 iu
490 3140 622 3196 nomines
638 3140 825 3207 descendunt,
855 3145 884 3194 et
896 3139 1041 3196 infusione
1094 3142 1312 3214 regeneratione
1337 3143 1456 3216 spiritus
1486 3151 1514 3200 et
1544 3161 1628 3218 aqua
1653 3146 1845 3203 manifestatas
1867 3152 1935 3215 suat,

194 3232 319 3304 Spiritus
348 3230 440 3285 sancti
471 3230 623 3302 rigantur;
655 3229 696 3284 ita
726 3229 803 3301 quod
828 3227 922 3283 fidelis
953 3229 1041 3283 bomo
1094 3234 1127 3287 ut
1149 3246 1251 3286 manus
1276 3231 1306 3285 in
1331 3230 1430 3302 digitis
1455 3233 1514 3288 suis
1543 3249 1615 3304 opus
1643 3234 1719 3305 quod
1749 3241 1888 3306 operatur
1905 3235 1935 3289 ed

195 3323 306 3378 bonum
325 3324 355 3375 et
386 3334 504 3374 suavem
533 3317 660 3374 fructum
686 3332 837 3388 generans,
866 3317 1042 3372 consortium
1095 3319 1250 3391 perlectam
1275 3320 1467 3376 ostensionem
1489 3322 1636 3394 perducit:
1662 3324 1716 3379 buc
1752 3325 1840 3380 modo
1872 3340 1936 3396 opus

195 3424 328 3481 superne
363 3407 485 3463 civitatis
523 3405 700 3477 adipiscitur.
736 3405 782 3461 Sic
813 3419 882 3476 ergo
918 3405 1042 3461 caelestia
1096 3423 1194 3463 meum
1218 3407 1253 3463 ud
1274 3408 1397 3479 gloriam
1418 3425 1513 3464 meam
1534 3415 1563 3466 et
1585 3411 1619 3466 ad
1638 3416 1719 3467 tuam
1746 3413 1936 3468 contusionem

196 3513 285 3570 opera
295 3496 468 3568 pardonum
488 3494 613 3566 Spiritus
635 3493 726 3549 macti
740 3493 776 3548 de
802 3493 874 3549 creto
901 3493 932 3548 in
947 3492 1042 3549 bomi·
1095 3495 1225 3566 particio,
1251 3496 1413 3566 curatore,
1442 3497 1496 3554 tibi
1525 3515 1577 3567 par
1604 3499 1805 3556 tortitudinem
1836 3498 1936 3558 brachii

195 3602 249 3642 aas
276 3585 432 3652 venientia,
465 3584 574 3639 babent
601 3582 762 3637 claritatem
797 3582 827 3636 in
851 3581 924 3652 ipso,
953 3597 1041 3653 aquo
1096 3585 1153 3639 mei
1178 3584 1327 3656 oppositus
1355 3585 1384 3641 in
1414 3586 1561 3658 aquilone,
1584 3588 1615 3642 in
1642 3589 1840 3660 septentrione
1866 3595 1893 3645 et
1912 3589 1936 3642 in

196 3676 281 3731 etiam
298 3678 513 3730 emanaverunt.
529 3672 707 3738 Quomodo?
729 3671 804 3736 Quia
821 3670 936 3725 claritas
950 3669 1000 3725 liei
1012 3671 1042 3724 in
1096 3672 1253 3739 occidente,
1267 3688 1318 3728 nec
1346 3690 1405 3728 non
1438 3675 1525 3730 etiam
1554 3677 1711 3732 secundum
1738 3679 1806 3732 solis
1830 3693 1935 3733 cursum

196 3763 430 3835 bonisoperibus
453 3763 597 3833 iustorum
611 3759 763 3815 bominum
779 3760 886 3831 tulget:
904 3761 944 3813 ila
965 3759 1042 3830 quod
1095 3761 1148 3817 tibi
1167 3761 1300 3817 resistens
1322 3763 1356 3818 ab
1376 3763 1488 3820 oriente
1511 3767 1540 3818 et
1568 3781 1583 3819 a
1608 3765 1741 3831 meridie,
1772 3767 1813 3821 ita
1836 3766 1934 3822 tesub-

195 3854 257 3925 ipse
271 3857 351 3907 tanto
375 3851 523 3906 ardentius
543 3849 666 3905 interra
689 3849 882 3921 cognoscitur,
908 3848 1044 3903 adoratur
1096 3855 1209 3905 vertens
1229 3849 1259 3904 in
1279 3851 1436 3919 occidente,
1459 3857 1601 3923 quatenus
1615 3854 1647 3908 in
1667 3854 1747 3908 omni
1768 3861 1851 3927 parte
1873 3869 1934 3909 con·
1964 3889 1965 3896 ι

196 3947 225 3997 et
241 3941 346 3996 colitur
367 3955 421 4010 per
444 3955 514 4010 quas
543 3939 664 3993 uirtutes
690 3937 754 4008 ipsa
780 3936 855 3992 lacta
886 3936 985 3991 civitas
1012 3936 1046 3991 in*
1097 3937 1176 3992 lusus
1190 3937 1238 4004 sis,
1254 3938 1322 4008 quia
1352 3940 1380 3992 in
1396 3939 1515 3996 ccclesia
1540 3956 1603 3996 mea
1625 3957 1690 4014 quas
1711 3959 1795 3998 mous
1817 3951 1861 3998 est
1883 3941 1932 3996 lor·
1964 3935 1965 3958 ¹

197 4030 374 4085 ornamentis
402 4027 462 4083 suis
492 4027 663 4092 decoratum
693 4026 761 4096 quia
785 4026 873 4081 homo
899 4025 1043 4096 adjutorio
1097 4023 1235 4092 titudinis,
1260 4026 1296 4081 ad
1315 4026 1463 4083 interitum
1485 4033 1578 4092 tuum,
1607 4046 1625 4084 o
1653 4029 1864 4087 deformissime
1892 4029 1934 4084 im·

199 4118 249 4173 liei
270 4118 347 4172 bona
370 4132 459 4188 opera
478 4116 595 4182 taciens,
627 4129 695 4170 eum
723 4114 755 4169 in
779 4114 960 4170 mirabilibus
983 4113 1043 4168 suis
1097 4116 1203 4184 postor,
1229 4113 1300 4168 tucio
1322 4129 1394 4186 opus
1420 4115 1540 4186 justitiae
1569 4120 1598 4173 at
1615 4119 1792 4189 sanctitatis;
1809 4121 1849 4176 ita
1865 4123 1892 4173 ut
1908 4121 1933 4171 lu
1964 4155 1965 4200 ,

197 4211 360 4262 veneratur.
387 4207 421 4261 Et
442 4205 483 4261 sic
496 4210 540 4260 est
563 4206 627 4260 bec
640 4202 774 4259 revelatio
790 4219 842 4275 per
868 4203 967 4258 oculos
981 4202 1042 4274 spi·
1062 4197 1222 4257 Ddevictus
1244 4201 1363 4258 omuino
1378 4203 1513 4271 intereas,
1529 4206 1579 4277 qui
1601 4207 1715 4262 volebas
1731 4212 1762 4263 ut
1775 4209 1857 4280 plebs
1880 4221 1932 4260 mea
1964 4235 1965 4240 κ

198 4296 270 4352 ritus
283 4294 345 4350 visa
362 4298 391 4349 et
404 4294 529 4364 cognita,
548 4299 582 4349 ut
602 4293 790 4365 inspiratione
814 4291 939 4364 Spiritus
953 4291 1043 4346 sancti
1096 4290 1238 4346 interiret.
1262 4291 1317 4356 Qui
1332 4300 1429 4348 autem
1458 4287 1556 4348 acutas
1585 4311 1667 4350 aures
1691 4295 1840 4353 interioris
1863 4295 1932 4353 intel-

198 4387 275 4440 rerta
294 4399 381 4456 opera
402 4383 432 4438 iu
462 4382 627 4439 bominibus
658 4386 775 4454 peracta
804 4395 900 4436 curam
928 4381 987 4435 ileo
1012 4381 1043 4435 iu
1097 4379 1186 4434 lectus
1209 4379 1314 4436 babet:
1337 4380 1384 4436 hic
1403 4380 1434 4437 iu
1455 4381 1574 4438 ardente
1598 4399 1695 4440 amore
1719 4387 1828 4458 speculi
1839 4385 1891 4442 mci
1904 4381 1932 4438 ad

199 4474 331 4546 supernis
345 4475 495 4546 apparent.
1097 4466 1184 4522 verba
1202 4467 1264 4524 baec
1282 4467 1406 4539 anhalet,
1430 4475 1458 4526 et
1484 4487 1518 4526 ca
1541 4471 1571 4528 in
1595 4473 1769 4531 conscientia
1789 4474 1878 4530 animi
1897 4471 1932 4524 sui

180 4582 184 4588 ¹
234 4563 343 4634 ltaque,
359 4565 393 4615 ιιι
418 4562 670 4632 praemonstratum
699 4563 741 4614 est
768 4559 843 4614 baua
859 4563 995 4629 operatur
1009 4556 1045 4612 ab
1098 4555 1269 4612 conscribat.

865 4822 995 4897 VISIO
1025 4822 1287 4898 UNDECIMA.

202 4993 383 5049 Sarmatos.
399 5017 434 5028 -
447 4989 487 5042 lle
506 4984 632 5058 quinque
654 4981 844 5047 [mamis
862 4980 993 5063 certitas
1022 4980 1225 5054 temporalium
1246 4997 1411 5064 regnorum.
1439 4984 1567 5040 Derane
1587 4984 1681 5060 ipseo
1704 4989 1747 5042 De
1759 4989 1846 5054 filtro
1857 4987 1930 5042 leuna

237 5065 361 5133 necque
371 5057 491 5131 pallido.
511 5059 555 5111 De
572 5055 655 5127 nigro
667 5069 762 5124 porco.
779 5056 818 5108 lle
842 5068 937 5124 priseo
961 5052 1041 5124 lupo.
1067 5056 1109 5110 Dc
1125 5053 1199 5109 colle
1213 5069 1338 5135 querque
1355 5054 1452 5126 apices
1467 5054 1589 5112 debente
1605 5060 1634 5112 el
1646 5057 1682 5112 de
1696 5057 1822 5131 quinque
1833 5056 1933 5134 [ωιίὸζιι

237 5132 394 5187 beatiorum
405 5128 474 5200 quid
482 5126 635 5199 significet.
655 5125 684 5180 l'
681 5125 749 5180 erbu
757 5124 814 5179 Job
823 5123 862 5178 ud
867 5122 998 5178 eumdem
1005 5139 1075 5178 rem.
1092 5123 1306 5204 Quodb'cclerau
1314 5124 1575 5196 uperfeclr'oneruu
1583 5126 1678 5200 sulpei
1686 5127 1718 5184 ιἰι
1726 5127 1933 5196 decoreiaslitra

238 5197 709 5338 ruere
722 5193 1931 5342 muneremur

237 5314 444 5414 waimara
455 5337 712 5408 miseraturus
719 5335 861 5392 mma.
879 5334 974 5416 gela
984 5334 1123 5392 naeuus
1136 5335 1348 5394 summram.
1358 5336 1439 5404 euru
1449 5337 1594 5404 narseo,
1604 5312 1809 5412 resupeebne
1821 5336 1930 5424 jaula,

239 5414 384 5470 multaret
397 5411 526 5468 diversus
537 5409 697 5482 paneam,
711 5411 741 5464 el
752 5409 961 5480 percontemur
975 5405 1201 5464 lamentabiliter
1213 5406 1374 5464 sustinebit.
1391 5407 1471 5474 Quod
1484 5409 1681 5492 Antielur'atur
1693 5411 1826 5469 domicile
1843 5418 1931 5470 mort
