3984 6034
878 113 907 172 S.
928 114 1161 174 lllthliGARDlS

136 252 215 308 amni
236 251 321 316 melo,
348 248 383 304 ab
406 247 527 304 Ecclesia
545 247 703 318 eJiciamus.
729 250 761 303 Et
784 250 813 303 in
835 248 889 304 boc
906 250 979 303 tacto
998 249 1177 303 Asauctitati
1202 256 1297 304 tamen
1324 255 1433 318 vestrae,
1462 267 1519 324 que
1546 250 1668 306 coelestis
1699 251 1796 323 sponsi
1821 265 1887 304 em-

135 337 307 411 obsequium
339 339 396 392 lieo
418 353 446 391 se
479 336 643 391 exhibuisse
669 337 777 402 volunt,
799 338 868 408 quia
890 337 983 390 Eccle-
1035 339 1165 410 plexibus
1194 340 1333 410 singulari
1364 339 1515 411 privilegio
1537 340 1695 406 inhaeretis,
1720 337 1888 394 cordialiter

136 427 337 498 siempervos
358 425 497 498 pollutam
524 441 584 479 csse
601 424 709 479 dicunt.
733 424 813 479 Unde
836 424 983 497 Scriptura
1036 427 1259 497 congaudemus.
1290 429 1463 484 charitatem
1489 429 1574 484 etiam
1603 433 1726 483 vestram
1749 429 1887 499 ignorare

136 514 227 570 dicit:
244 514 339 580 Quare
358 513 548 582 fremuerant
562 518 672 585 pentes,
692 515 720 568 et
731 513 833 586 pepuli
849 513 983 568 meditati
1035 515 1181 582 uolumus,
1206 515 1281 587 quud
1308 515 1354 570 die
1377 521 1518 588 noctuque
1538 533 1584 571 vos
1605 515 1763 572 facietenus
1786 516 1888 570 videre

134 605 202 657 eunt
235 600 359 658 inania?
387 601 550 657 Astiterunt
574 617 656 671 repes
683 604 764 656 terre
786 607 815 656 et
836 600 983 673 principes
1036 603 1241 670 desideremus,
1268 609 1296 659 et
1316 604 1427 660 assidue
1454 607 1540 660 vestri
1569 604 1738 660 memoriam
1770 606 1799 682 in
1824 620 1890 658 oru-

134 696 326 748 conmanunt
343 689 376 746 in
397 707 487 745 unum
507 690 602 759 (Psat.
630 691 764 758 11).Nem
792 690 982 761 permissione
1037 691 1162 747 tionibus
1189 693 1292 747 nostris
1329 693 1464 748 iacientes
1486 694 1578 762 (Rom.
1607 693 1637 764 ι),
1662 710 1711 747 vos
1737 693 1888 747 absentem

135 778 198 848 Dei,
215 796 301 851 super
316 796 365 834 vos
384 781 414 834 in
425 779 539 851 judiciis
554 779 614 833 suis
628 779 750 833 tremere
763 779 904 851 incipient
921 780 984 850 plu·
1036 796 1167 851 corpore,
1192 781 1273 852 quasi
1306 788 1477 854 presentem
1507 780 1653 838 interdum
1680 781 1887 852 amplectimur

136 869 341 942 rimaegentes,
357 868 483 924 etmulti
507 868 607 940 populi
627 866 663 923 de
691 868 772 923 vobis
797 869 983 925 meditabum-
1037 875 1140 923 mente.
1170 870 1243 940 Ergo
1267 869 1471 941 perlectionem
1496 875 1619 925 vestram
1656 868 1805 925 humiliter
1834 869 1888 922 de-

136 962 184 1012 tur
197 957 306 1026 inania,
321 973 387 1012 cnm
402 957 576 1012 sacerdotale
593 954 721 1012 officium
736 961 861 1012 vestrum
875 963 903 1011 et
918 971 984 1010 con·
1035 973 1197 1029 precemur,
1225 963 1256 1012 ut
1274 974 1378 1030 sponsu
1403 964 1509 1025 vestro,
1535 957 1588 1013 sub
1615 957 1697 1027 cujus
1720 958 1823 1012 umbra
1844 975 1890 1010 se·

136 1040 326 1101 secretionem
348 1051 470 1101 vestram
504 1062 556 1116 pro
578 1043 669 1099 nihilo
689 1045 908 1116 computabunt.
936 1043 983 1099 llis
1036 1062 1102 1101 cure
1117 1045 1294 1118 requiescitis
1310 1047 1403 1118 (Cant.
1439 1047 1478 1118 ιι),
1496 1063 1548 1102 uos
1573 1048 1652 1117 juxte
1674 1046 1747 1100 viam
1776 1045 1890 1101 meudi-

136 1135 270 1192 assistent
293 1136 324 1189 in
347 1135 494 1190 eversione
515 1141 609 1189 restra
635 1149 718 1204 reges
736 1138 821 1188 terrra
840 1138 869 1188 et
890 1138 983 1187 terre·
1037 1140 1133 1190 cantes
1162 1135 1368 1190 commendetis
1406 1136 1484 1203 (Luc.
1521 1134 1610 1205 xvnt),
1643 1150 1679 1189 ue
1716 1134 1889 1204 preteriens

137 1224 182 1278 uis
197 1225 283 1280 rebus
299 1222 461 1293 inhiabunt,
478 1228 507 1277 et
525 1221 668 1294 principes
683 1222 733 1293 qui
754 1220 833 1276 vobis
852 1220 982 1276 domina·
1036 1223 1120 1278 turba
1144 1225 1285 1278 clamores
1301 1229 1415 1279 nostros
1440 1229 1615 1295 compescat;
1644 1223 1692 1279 sed
1707 1221 1890 1278 orationibus

137 1313 254 1381 buntur,
277 1313 446 1367 convenient
478 1311 507 1365 in
532 1311 587 1365 boc
607 1326 665 1364 ιιιιο
689 1309 817 1378 consilia,
841 1315 983 1382 quatenns
1038 1312 1136 1366 cestris
1158 1313 1194 1366 ad
1215 1313 1368 1367 [lominum
1392 1313 1494 1383 adjuti,
1525 1328 1689 1368 mercamur
1717 1329 1732 1366 a
1759 1310 1889 1366 caecitate

136 122 184 175 lii
1830 118 1885 172 '272

137 1418 186 1455 vos
202 1401 237 1456 de
252 1399 385 1456 terminis
396 1400 455 1454 stris
469 1400 624 1470 expellant,
641 1399 776 1471 quoniam
798 1399 982 1453 innocentem
1036 1401 1165 1457 cordium
1195 1407 1358 1456 nostrorum
1387 1401 1552 1457 illuminari.
1580 1403 1639 1457 Hoc
1666 1407 1759 1455 autem
1781 1400 1889 1455 idcirco
1981 1453 1982 1460 ,

136 1495 249 1562 Agrium
268 1490 447 1561 avobisper
466 1488 694 1560 pessimaopera
717 1488 846 1558 ingestis.
872 1487 907 1542 nt
929 1503 983 1541 au·
1040 1489 1171 1557 dicimus,
1188 1495 1221 1544 ut
1241 1489 1458 1556 dissensionem,
1475 1505 1561 1560 quam
1590 1489 1620 1543 in
1638 1491 1697 1543 loco
1718 1493 1816 1544 nostro
1839 1504 1889 1542 or·
1981 1473 1982 1508 ³

136 1580 194 1634 divi
216 1596 314 1635 vocem
341 1580 376 1634 de
399 1580 470 1634 coelo
493 1577 659 1633 dicentem:
684 1579 782 1647 Imago
803 1579 865 1631 baec
887 1576 982 1632 Ecclc·
1002 1547 1098 1633 Btem
1124 1595 1185 1633 esse
1209 1578 1297 1644 scitis,
1323 1579 1569 1651 quemadmodum
1594 1577 1738 1650 incepistis
1767 1577 1889 1648 (Spiritu

137 1669 410 1723 siamdemenstrat.
437 1668 616 1738 Quapropter
632 1673 674 1734 tu,
696 1682 712 1719 u
734 1667 832 1733 homo,
861 1667 911 1737 qui
930 1665 984 1719 iste
1039 1672 1201 1723 sancturus
1226 1667 1366 1735 docente),
1394 1668 1536 1722 sedareet
1555 1666 1710 1738 exstirpare
1731 1665 1889 1721 nouomit-

137 1757 214 1812 vides
238 1762 267 1811 et
289 1756 370 1811 audis
389 1755 555 1827 plangentia
585 1755 681 1819 verbe,
705 1755 767 1808 hec
790 1753 984 1808 sacerdotibus
1038 1757 1118 1822 tatis;
1134 1760 1162 1811 et
1181 1760 1212 1810 ut
1227 1772 1277 1828 per
1297 1757 1351 1811 hoc
1378 1773 1494 1828 quoque
1519 1757 1628 1811 litteras
1653 1754 1889 1810 commonitorias

135 1846 236 1917 quiad
259 1845 795 1916 regendumetdocendumpoputum
812 1844 861 1898 liei
881 1843 984 1897 consti·
1039 1844 1121 1900 nobis
1145 1845 1357 1912 transmittatis,
1387 1845 1456 1916 quie
1483 1844 1539 1898 nisi
1566 1843 1650 1899 citius
1678 1843 1886 1912 exstinguatur,

136 1936 191 1989 tuti
206 1941 234 1989 et
257 1934 381 1990 ordinati
404 1938 471 1988 sunt
496 1933 603 2004 profer,
628 1933 734 2004 quibus
757 1949 823 1987 cum
848 1931 984 2003 apostolis
1039 1934 1197 2003 periculum
1215 1950 1352 2004 maguum
1372 1939 1430 1988 tam
1448 1933 1609 1988 animarum
1623 1948 1710 2004 quam
1734 1947 1887 2003 corporum

136 2024 245 2078 dictum
272 2029 333 2077 est:
351 2025 395 2077 lte
418 2022 449 2079 in
471 2022 569 2077 orbem
591 2022 810 2088 universum,et
828 2019 985 2092 predicate
1038 2022 1119 2077 facile
1147 2023 1336 2076 incurremus.
1365 2023 1458 2077 Gratia
1486 2022 1609 2093 Spiritus
1628 2021 1719 2076 sancti
1744 2037 1808 2093 quae
1837 2037 1889 2074 vos

139 2111 566 2184 Euanpetiumomnicreaturee
587 2111 691 2183 (Marc.
717 2111 783 2182 xvi).
810 2112 880 2164 Cum
905 2110 983 2164 enim
1038 2111 1158 2165 interius
1185 2112 1268 2166 docet
1298 2117 1326 2166 et
1347 2111 1436 2165 multa
1457 2115 1565 2165 secreta
1589 2110 1667 2165 vobis
1696 2110 1885 2176 demonstret,

138 2201 211 2254 Deus
233 2199 380 2254 homiuem
405 2198 521 2265 creavit,
544 2213 661 2252 omnem
688 2204 847 2252 creaturam
871 2197 983 2268 inipso
1038 2199 1098 2253 heac
1121 2199 1207 2253 etiem
1233 2199 1324 2264 nobis,
1355 2199 1510 2254 secuudum
1541 2200 1616 2271 quod
1650 2198 1703 2254 sibi
1733 2199 1884 2269 placuerit,

136 2288 270 2359 signarit,
290 2287 534 2359 quemadmodum
550 2288 580 2341 in
602 2302 689 2358 perso
709 2288 771 2341 loco
796 2285 980 2352 membrana,
1039 2286 1378 2357 manifestaredignetur.

136 2383 249 2447 tempus
263 2380 443 2430 utnumerus
467 2375 553 2429 totius
576 2375 644 2428 anni
667 2373 852 2440 describitur;
875 2380 903 2426 et
918 2373 982 2427 ideo
1227 2393 1435 2450 RESpOngp
1456 2393 1697 2448 fflgppssqflfflg'

138 2468 211 2519 ⁰⁰⁰³
241 2465 389 2519 ¹¹⁰ffll¹¹⁰m
419 2463 581 2518 ¹¹⁰mi¹¹⁸lii
609 2479 725 2518 ⁰¹¹¹¹¹⁰¹¹¹
759 2467 929 2516 “iamiam-
952 2463 984 2516 Ei
1040 2463 1214 2538 Praeclaram
1228 2483 1369 2538 mittitete
1392 2481 1580 2538 multiscitiis
1610 2485 1638 2538 et
1658 2481 1809 2537 virtutibus
1836 2481 1882 2536 in-

137 2554 239 2608 itcrum
255 2569 309 2624 ego
324 2553 499 2623 paupercule
511 2552 635 2606 leminea
649 2550 741 2605 torma
751 2550 880 2621 gladium
891 2550 984 2620 evagi-
1071 2554 1256 2608 sinuationem
1266 2552 1549 2624 admonitionemque
1562 2556 1590 2607 ct
1603 2553 1832 2608 adhortationem
1847 2554 1888 2608 ad

135 2646 235 2695 natum
250 2641 280 2694 in
294 2656 358 2694 aere
373 2641 546 2711 pendentem
571 2639 637 2705 ridi,
663 2641 745 2710 cnjus
769 2640 842 2693 acies
867 2654 923 2693 urie
947 2639 983 2692 ad
1073 2623 1356 2681 stadiumeirtutum.

135 2731 249 2796 coelum,
281 2729 370 2782 altera
402 2728 440 2783 ad
471 2734 576 2783 terram
600 2743 681 2781 versa
713 2731 782 2782 crat.
812 2727 846 2781 lit
872 2726 984 2798 gladius
1076 2732 1132 2800 Ego
1155 2731 1329 2801 paupercule
1357 2730 1460 2796 torma,
1494 2731 1583 2783 multa
1625 2729 1797 2799 egritudine
1835 2730 1887 2784 diu

135 2819 188 2872 istc
203 2834 290 2889 super
304 2818 462 2888 spiritalem
487 2818 628 2888 populum
651 2815 868 2881 extendebatur,
897 2832 981 2886 quem
1002 2822 1164 2901 Cgraveta,
1196 2834 1246 2888 per
1282 2833 1375 2871 veram
1409 2817 1580 2887 sapientium
1609 2818 1741 2887 cogebar,
1770 2821 1801 2872 ut
1824 2817 1886 2872 trac

135 2905 554 2978 prophetanttmpraviecrat,
575 2903 823 2959 cumadmiraudo
845 2905 980 2959 dicebat:
1036 2906 1238 2976 verbeipsius,
1258 2909 1365 2976 popula
1390 2905 1445 2961 loci
1474 2907 1559 2976 lmjus
1587 2907 1756 2977 proferrem.
1788 2907 1821 2960 Et
1837 2921 1887 2961 au·
1981 2905 1982 2910 ’

135 2997 265 3063 Qmsunt
290 2993 320 3048 tri
340 2993 391 3066 qui
409 2993 542 3048 utnubes
561 2991 669 3060 volant,
690 2995 717 3045 et
738 2991 824 3062 quasi
848 2992 984 3047 columbe
1036 2993 1096 3049 divi
1114 2993 1191 3064 quud
1220 2995 1319 3047 eedem
1340 2992 1601 3066 sepientiapopulo
1621 2995 1688 3048 huic
1707 3011 1781 3065 opus
1800 3010 1886 3050 snum

134 3083 173 3138 ad
194 3083 340 3144 fenestras
360 3097 430 3136 estas
456 3080 540 3151 (lsai.
566 3080 703 3150 ntulisti
731 3081 849 3150 etenim,
869 3081 920 3152 qui
947 3082 983 3136 de
1038 3083 1226 3155 proponebat,
1259 3081 1373 3150 scilicet,
1390 3082 1697 3153 quomodacoelumet
1723 3087 1828 3136 terrem
1855 3082 1887 3137 iu

136 3179 211 3227 terre
247 3171 361 3238 elevati,
400 3175 429 3225 et
456 3170 491 3225 de
523 3168 672 3224 communi
707 3172 815 3240 populo
847 3170 981 3241 separati,
1038 3176 1112 3226 recte
1130 3186 1263 3226 mensure
1286 3170 1490 3238 constituisset,
1506 3177 1650 3242 quatenus
1677 3170 1782 3225 tratres
1806 3171 1886 3241 ejus-

136 3267 233 3316 sancte
255 3260 349 3314 virere
373 3263 403 3313 et
418 3259 448 3313 in
472 3257 637 3313 columbina
659 3257 841 3329 simplicitate
869 3274 983 3314 morum
1038 3259 1103 3316 dam
1125 3260 1223 3331 pepuli
1239 3264 1454 3331 cognoscerent,
1475 3260 1600 3330 qualiter
1618 3257 1759 3314 institutio
1784 3275 1885 3314 eorum

136 3354 165 3403 et
179 3363 298 3420 operum
324 3363 385 3402 esse
409 3347 582 3413 debuerunt,
606 3358 684 3401 nunc
706 3345 787 3417 pravi
809 3346 839 3400 in
857 3347 984 3401 moribus
1037 3347 1170 3418 primitus
1184 3347 1338 3402 constitute
1351 3350 1433 3414 essct,
1450 3351 1478 3400 et
1501 3347 1624 3417 qualiter
1651 3361 1727 3400 nuuc
1750 3345 1887 3402 destituta

136 3443 165 3492 et
177 3436 314 3509 operibus
328 3436 387 3490 sais
401 3443 477 3491 sunt.
493 3434 593 3490 Etsidi
608 3434 686 3506 quod
702 3433 814 3505 gladius
834 3433 887 3490 iste
907 3450 985 3507 quae·
1038 3442 1121 3490 esset.
1141 3437 1173 3489 Et
1185 3435 1257 3489 dixit
1274 3435 1401 3506 :duram
1415 3433 1480 3490 eati
1494 3432 1614 3489 drcuiei
1624 3431 1727 3504 (Eroti.
1749 3435 1832 3505 xxxv),
1848 3435 1887 3490 el-

136 3525 203 3580 dam
219 3527 282 3581 loca
309 3524 481 3596 spiritalium
505 3523 657 3578 homiuum
676 3523 869 3589 abscindebat,
886 3539 985 3595 qnem-
1038 3522 1193 3577 titudinem
1216 3528 1245 3577 et
1271 3522 1498 3594 profunditatem
1514 3521 1575 3593 ejus
1594 3522 1633 3577 ite
1647 3521 1833 3590 constituens,
1848 3539 1885 3578 ue

136 3614 292 3670 admodum
314 3614 474 3668 ierusalem
503 3618 569 3684 post
594 3613 758 3683 passionem
794 3612 908 3667 Domini
933 3613 983 3668 ab·

137 3703 223 3758 scissa
236 3709 289 3758 est.
304 3701 360 3759 Sed
374 3707 473 3758 tamen
486 3700 543 3757 aidi
560 3700 639 3772 quod
657 3702 800 3774 plurimos
824 3701 982 3770 timoratos,

136 3809 224 3864 puros
256 3796 285 3846 et
314 3791 460 3862 simplices
491 3790 653 3846 sacerdotes
685 3790 715 3844 in
739 3791 908 3845 adversitate
929 3789 985 3846 ista

1039 3615 1148 3666 rectum
1165 3610 1283 3665 medum
1299 3625 1383 3665 suum
1402 3609 1683 3680 superexcellerent;
1705 3615 1733 3664 et
1756 3609 1884 3665 latitudi·

1039 3715 1105 3754 nem
1131 3702 1218 3754 totius
1247 3697 1322 3754 urbis
1349 3699 1389 3754 sic
1413 3698 1553 3766 ordinavi,
1582 3714 1619 3753 ue
1643 3697 1884 3769 ipsamensurem

1038 3803 1119 3843 suam
1143 3787 1306 3842 inordinate
1329 3787 1486 3843 excederet.
1513 3787 1608 3842 Solem
1637 3803 1753 3860 quoquc
1776 3785 1839 3854 ieci,
1853 3789 1885 3841 ut

137 3881 281 3936 sibilleus
300 3879 473 3946 observabit,
498 3880 576 3934 vetut
599 3879 667 3933 Etia
681 3878 839 3950 respondit,
861 3879 909 3935 ubi
940 3880 984 3935 di·
1038 3877 1068 3932 in
1087 3876 1299 3932 dieluceretet
1324 3876 1454 3932 tenebras
1478 3876 1649 3947 obtegeret:
1675 3881 1705 3931 et
1730 3876 1837 3938 lunam,
1854 3878 1885 3930 ut

137 3969 318 4040 cebat‚quod
342 3967 541 4039 dereliquisset
555 3966 609 4021 sibi
623 3967 652 4022 in
676 3967 763 4021 lsrael
788 3973 899 4038 septem
919 3969 985 4024 mit·
1039 3967 1069 4020 in
1090 3971 1173 4021 nocte
1199 3981 1265 4020 cum
1290 3965 1378 4020 stellis
1399 3966 1574 4020 claresceret.
1600 3966 1632 4020 ln
1662 3966 1748 4020 verbo
1778 3964 1885 4037 qnippe
1981 4035 1982 4046 ἵ

137 4058 177 4112 lia
199 4056 337 4124 virerum,
364 4071 489 4128 quorum
520 4070 617 4126 genua
648 4071 708 4110 non
742 4061 808 4111 sunt
838 4058 986 4112 incurvata
1038 4055 1181 4120 illo‚cum
1208 4052 1486 4123 DeusdixitzFiat,
1508 4053 1605 4110 omnia
1624 4054 1685 4109 baec
1713 4053 1884 4121 factasunt,

31 4207 43 4228 ο
138 4149 204 4200 ante
228 4146 294 4200 baal
311 4145 376 4211 (ΙΙΙ
396 4147 464 4214 lieu.
486 4144 553 4215 xxx).
575 4144 656 4198 Nunc
678 4148 775 4198 autern
798 4145 985 4218 inexstingui·
1004 4143 1025 4197 D
1041 4149 1071 4198 ut
1085 4143 1172 4199 etiam
1188 4159 1265 4199 nunc
1278 4143 1435 4216 persistunt
1455 4161 1462 4197 :
1481 4143 1557 4199 uude
1576 4144 1607 4198 iu
1622 4143 1666 4198 bis
1681 4144 1759 4198 veltxt
1773 4143 1804 4198 iu
1819 4158 1883 4214 spe·

138 4232 204 4288 bilis
226 4233 303 4305 ignis
324 4232 448 4303 Spiritus
470 4230 570 4295 sancti,
596 4236 627 4285 ut
649 4231 679 4284 in
699 4232 849 4289 meliorem
872 4242 985 4306 partem
1039 4232 1166 4288 oulevos
1186 4233 1286 4304 populi
1307 4232 1496 4297 considerate,
1526 4231 1711 4303 quatenusin
1740 4233 1793 4287 boe
1809 4232 1884 4304 quod

137 4321 352 4390 convertemini,
369 4319 599 4376 robisintundat.
1040 4321 1196 4393 incepistis,
1225 4320 1426 4392 permaneatis.
1444 4320 1520 4376 Deus
1546 4321 1624 4376 enim
1656 4319 1768 4376 homini
1799 4320 1886 4392 spira·

431 4425 600 4483 gpquogg
621 4427 690 4482 Lm,
1040 4411 1136 4466 cttlum
1169 4409 1235 4466 vitre
1260 4409 1410 4482 inspiravit
1431 4409 1513 4481 (Gen.
1537 4411 1571 4478 ι);
1594 4415 1622 4464 ct
1649 4408 1688 4464 ita
1716 4409 1883 4471 vivificatus,

1040 4515 1105 4554 caro
1117 4504 1143 4554 et
1164 4499 1280 4570 sanguis
1295 4500 1385 4554 lactus
1400 4506 1451 4554 est.
1465 4499 1573 4554 Deinde
1585 4502 1681 4554 autern
1709 4499 1884 4553 consortium

143 4607 181 4661 ο)
198 4605 371 4661 amoram
382 4605 461 4676 apud
472 4602 654 4677 ipposfflam
672 4605 773 4662 „aare
786 4609 812 4661 θ)
826 4607 987 4677 mamre
1040 4589 1207 4659 angelorum
1227 4589 1433 4644 cumlaudant
1453 4587 1613 4643 ministerio
1628 4587 1671 4642 illi
1691 4587 1780 4656 dedit,
1797 4593 1825 4642 et
1845 4603 1885 4642 re-

380 4676 748 4747 nonomittat‚prerantur.
1041 4676 1148 4749 liquam
1172 4681 1335 4732 creaturam
1362 4678 1404 4732 illi
1425 4677 1555 4748 subjecit.
1587 4677 1657 4733 Nem
1688 4677 1763 4732 Deus
1789 4676 1885 4731 lumen

174 4765 353 4826 tianensem.
370 4770 453 4819 castre
474 4763 614 4818 columba
630 4764 661 4818 iu
687 4764 876 4819 foraminibus
899 4773 986 4839 petrae
1041 4765 1207 4821 aternitatis
1223 4765 1265 4820 illi
1283 4770 1470 4820 concesserat.
1495 4765 1548 4821 Sed
1564 4765 1625 4838 ipsa
1640 4765 1669 4820 in
1684 4765 1763 4821 omni
1777 4764 1884 4820 honore

140 4853 264 4909 latitanti
288 4855 384 4922 (Cant.
409 4856 451 4923 ιι),
467 4853 579 4914 tratres,
605 4851 677 4908 beu!
700 4855 862 4910 conturbati
879 4855 909 4910 in
934 4857 987 4910 ila-
1039 4855 1094 4910 iste
1119 4870 1245 4910 vermem
1270 4853 1388 4922 audivit,
1409 4860 1436 4910 et
1464 4855 1505 4910 ita
1519 4861 1666 4926 precepta
1686 4854 1734 4909 ttet
1755 4853 1885 4926 proerari·

139 4943 243 5013 genite,
271 4942 435 4996 orationum
466 4955 583 4995 suarum
618 4939 813 5010 devotionern,
842 4947 872 4996 et
908 4942 986 5013 qued
1040 4943 1515 5000 candoobcecatusetexstinctus
1533 4948 1584 4998 est.
1610 4943 1689 4998 Unde
1713 4941 1884 4997 diabolusiu

140 5035 248 5103 spectet
262 5030 296 5085 ad
307 5034 446 5085 aeternam
462 5030 593 5084 salutern.
1040 5049 1069 5088 se
1084 5031 1206 5104 gavisus,
1222 5032 1284 5087 ait:
1303 5032 1392 5087 licum
1419 5048 1505 5104 quem
1530 5032 1560 5087 iu
1574 5033 1644 5088 creto
1674 5047 1811 5102 superare
1836 5047 1883 5086 ne·

175 5118 317 5183 Quoniam
331 5118 382 5174 Dei
403 5118 504 5189 gratie,
526 5118 573 5172 lux
595 5121 688 5171 vestra
707 5119 986 5174 eorembomiuibus
1040 5121 1172 5193 quivi,iu
1192 5137 1277 5193 opere
1296 5137 1359 5189 suo,
1392 5121 1522 5176 videlicet
1541 5120 1571 5176 in
1593 5121 1720 5189 humine,
1738 5119 1789 5192 qui
1814 5120 1884 5176 alius

140 5206 566 5278 salubriterlucet(Mettis),
589 5207 842 5261 Patremvestrum
863 5207 913 5278 qui
937 5224 986 5263 vos
1041 5211 1115 5265 Deus
1144 5214 1196 5278 cst,
1229 5211 1372 5281 superavi.
1404 5209 1537 5266 Diabolus
1577 5223 1702 5281 namque
1737 5207 1883 5264 hominem

140 5295 288 5351 ardentem
303 5295 451 5350 lucernam
476 5295 510 5349 ed
527 5293 770 5350 illuminationem
794 5295 922 5351 Ecclesia
941 5314 986 5352 su·
1042 5298 1130 5353 [teum
1168 5299 1337 5367 nominavit,
1366 5297 1611 5370 quemadmodum
1641 5299 1726 5354 etiam
1760 5299 1884 5369 seipsum

245 4517 373 4572 Faernus
398 4531 612 4594 mensurasque
632 4532 667 4570 ιι)
688 4531 895 4572 atanaexaneu.

140 5383 298 5457 perposuit,
343 5382 544 5454 glorificemus,
581 5389 609 5439 et
643 5385 774 5457 quamvis
810 5391 984 5457 peccatores,
1039 5403 1101 5443 esse
1123 5387 1212 5442 Deum
1239 5389 1338 5443 voluit.
1369 5387 1423 5445 Sed
1447 5387 1521 5444 Deus
1554 5387 1584 5444 iu
1615 5387 1734 5460 antiquo
1758 5386 1883 5456 consitio,
