3984 6034
69 274 121 330 eet
727 281 1140 352 servias.-Lllt.lll,v1810
1159 285 1203 343 lx.
1771 289 1824 344 682

67 419 103 458 ex
117 405 223 476 quihus
240 405 435 462 acutissimam
454 407 631 466 limationem
646 410 847 482 impolitorum
873 413 918 470 lu·
936 419 959 472 d
973 415 1044 472 dum
1058 417 1145 488 primi
1155 421 1285 488 pastores
1299 415 1428 472 lioclesire
1446 417 1611 488 exemplum
1625 418 1661 474 ab
1675 418 1738 491 ipso
1766 424 1824 474 tra-

66 491 171 564 pidum
186 495 315 566 spiravit.
339 495 401 560 Quo
424 496 509 562 lacto,
523 497 600 554 idem
617 499 751 556 dominus
775 503 807 558 in
835 503 921 559 unico
974 505 1076 561 heutes
1090 510 1118 562 et
1141 506 1177 564 ub
1202 521 1284 576 spem
1312 519 1504 576 supernorum
1527 507 1696 578 semetipsos
1708 509 1822 564 cuncul-

66 579 221 638 verbosae
248 583 331 655 aquis
359 599 502 656 aquarum
517 585 640 653 dicebat,
655 594 688 644 ut
714 605 767 645 sua
780 591 920 647 effusione
973 597 1081 663 cantes,
1120 593 1289 650 catholicam
1315 592 1401 650 iidem
1429 594 1579 665 sauguinis
1606 595 1651 650 sui
1684 595 1823 652 ailumone

66 671 267 741 equalitatem
285 671 414 728 facerent
436 689 525 744 snpra
550 682 671 746 montes.
702 677 736 734 lit
751 678 806 734 hoc
831 680 919 736 eliam
974 682 1149 752 roboratam,
1165 681 1200 738 ab
1214 681 1426 753 ignitisjaculis
1440 682 1547 738 diaboli
1565 684 1643 755 (qua
1669 685 1823 741 vulnerant

66 764 198 828 peracto,
220 760 321 831 ignem
345 760 423 832 ignis
443 761 577 818 similiter
594 764 754 833 admonuit,
778 772 810 822 ut
833 784 921 840 parva
973 770 1084 826 animas
1108 769 1270 842 hominum)
1293 773 1458 842 protegunt,
1474 770 1540 842 quis
1563 772 1738 844 multiplices
1762 774 1823 846 ivir-

67 846 255 902 tabernacula
272 857 398 919 pararet.
423 848 486 913 Quo
519 849 608 906 etiam
630 851 798 923 adimpleto,
819 856 921 912 οιιιιιιιιι
973 861 1051 914 intes
1064 863 1219 916 armature
1247 858 1369 914 ccelesiis
1393 856 1503 922 militie
1530 857 1561 912 in
1586 859 1697 914 celeris
1724 861 1823 918 electis

67 933 254 990 tabernacula
286 935 327 991 ita
363 935 393 992 in
423 938 516 994 altum
536 937 733 1009 proiecerunt,
756 947 790 996 ut
816 943 920 1000 urbem
972 947 1197 1018 subsequente„
1218 945 1347 1002 etiamin
1367 947 1423 1001 boc
1436 946 1540 1002 seculo
1557 946 1648 1002 amori
1662 947 1712 1004 Dei
1740 950 1823 1006 obse·

66 1021 150 1076 illam
164 1023 250 1078 celeri
264 1023 393 1095 proiectu
406 1041 459 1080 suo
480 1026 653 1083 excellerent
673 1028 834 1086 altitudine.
862 1034 920 1089 lloc
973 1040 1115 1107 quantur.
1142 1034 1315 1101 Quomodo?
1334 1034 1406 1100 Ouia
1420 1034 1555 1106 antiquus
1583 1049 1702 1106 serpens
1730 1037 1824 1107 primo

66 1109 200 1166 taleest:
224 1110 431 1168 [luminasiste
454 1118 757 1186 estquemnnnquam
774 1120 921 1189 precessit
973 1124 1086 1180 homini
1113 1125 1272 1197 pessimum
1290 1124 1412 1182 fetorem
1437 1129 1621 1196 contemptus
1658 1125 1709 1181 Dei
1732 1126 1823 1182 insul-

66 1195 145 1251 alius
164 1198 365 1254 dominatione
376 1217 388 1267 3·
411 1200 459 1255 sed
480 1201 541 1272 ipse
567 1204 646 1258 solus
667 1220 756 1276 super
774 1208 873 1264 omnia
891 1213 920 1264 et
972 1213 1074 1269 flavit:
1101 1213 1208 1269 idcirco
1227 1217 1255 1268 rt
1275 1213 1337 1284 ipsa
1352 1212 1484 1268 diabolus
1511 1212 1600 1270 odore
1615 1215 1695 1270 omni
1715 1230 1824 1270 aroma-

66 1284 100 1338 in
113 1283 315 1354 omnibuscst‚
329 1285 398 1358 qnia
412 1286 484 1343 nihil
499 1295 566 1344 ante
580 1305 659 1353 eum,
687 1307 741 1348 nec
754 1299 819 1364 post
849 1311 917 1350 eum
972 1305 1036 1357 tum
1059 1301 1204 1370 ιιιιιιιιιιιιιι,
1238 1299 1345 1358 scilicet
1378 1305 1407 1356 et
1430 1300 1615 1358 continentie
1630 1317 1663 1358 ao
1688 1302 1823 1375 ligature

67 1371 222 1428 inventum
236 1378 290 1438 est,
309 1390 342 1429 ac
363 1375 428 1431 ideo
457 1377 596 1433 Dominus
625 1381 756 1436 omnium
787 1387 839 1439 cst.
870 1385 920 1440 ilic
972 1390 1183 1458 praecepturum
1203 1385 1262 1453 usi,
1279 1401 1403 1440 necnon
1417 1384 1559 1440 societatis
1579 1385 1693 1456 Christi,
1717 1387 1823 1458 jugum

65 1462 199 1517 nobilem
218 1462 320 1519 urbem
333 1465 453 1520 eborum
467 1466 576 1522 scilicet
588 1469 919 1540 prophetarnmtadver-
973 1475 1035 1546 eJ'us
1051 1475 1171 1532 srrfferre
1186 1479 1272 1546 utque
1288 1478 1471 1545 contemptus
1494 1475 1581 1530 totius
1607 1475 1707 1532 muudi
1726 1476 1822 1532 duris-

65 1565 116 1604 sus
131 1550 243 1606 rabiem
256 1552 437 1608 secularium
459 1559 671 1626 tempestatum]
685 1557 789 1614 fortem
803 1565 832 1614 et
852 1576 920 1616 eon-
972 1563 1141 1619 simeiuhis
1155 1563 1210 1618 sibi
1238 1561 1390 1618 contrariis
1418 1563 1580 1619 coelestibus
1601 1563 1705 1634 jaculis
1728 1569 1821 1621 trans·

66 1642 195 1693 stantem
206 1639 243 1694 'in
258 1656 310 1696 sua
323 1647 465 1712 potestate
477 1643 598 1711 babuit;
612 1646 749 1715 quoniam
774 1647 918 1705 infusione
972 1651 1083 1723 figitur,
1110 1652 1151 1706 ila
1178 1649 1256 1722 quod
1276 1649 1404 1720 abjectus
1442 1650 1476 1705 de
1500 1649 1612 1706 civitate
1635 1650 1694 1718 Dei,
1719 1651 1821 1708 conlu-

66 1727 193 1797 Spiritus
203 1729 294 1784 sancti
309 1730 411 1801 repleti
428 1738 521 1799 erant,
545 1749 611 1788 cunr
635 1734 665 1790 in
685 1751 733 1790 eos
760 1735 836 1793 idem
861 1740 919 1793 llo-
974 1744 1063 1795 sneet
1081 1739 1262 1794 conculcatus
1277 1738 1307 1794 in
1323 1741 1421 1809 aperta
1436 1753 1496 1793 suae
1520 1737 1715 1794 damnationis
1740 1743 1821 1812 parto

66 1816 167 1870 minus
180 1832 249 1872 voce
278 1833 383 1889 magna
397 1819 527 1876 intonuit
553 1822 594 1876 ita
619 1824 695 1894 quod
721 1824 752 1880 in
767 1825 809 1881 eis
829 1825 919 1898 iuspi·
973 1827 1135 1883 alidelibus
1149 1826 1348 1882 abhorreatur.

66 1904 213 1960 rationem
240 1905 320 1960 illam
339 1906 495 1976 suscitarit,
520 1923 578 1980 qua
605 1911 741 1980 mysteria
765 1911 828 1984 ejus
850 1915 919 1970 obs·
1008 1914 1091 1980 Quod
1104 1920 1200 1971 anum
1213 1915 1244 1968 in
1261 1914 1479 1984 septentrionali
1503 1915 1588 1986 plaga
1606 1915 1684 1970 illius
1705 1914 1821 1972 editicii

66 1992 146 2048 curis
161 1993 255 2050 verbis
269 1995 464 2065 protulerunt,
479 2003 519 2066 ‚ut
544 1998 672 2068 primum
693 2016 780 2056 sonus
802 2003 919 2059 auditur
972 2003 1051 2059 uides
1074 2002 1396 2059 mundumetbumines
1413 2001 1464 2074 qui
1479 2003 1514 2058 de
1529 2003 1638 2058 semine
1661 2003 1731 2060 Adae
1757 2020 1822 2076 pro·

66 2097 135 2137 cnm
174 2082 302 2138 nondum
329 2085 449 2139 verbum
473 2085 665 2156 cognoscitur,
690 2105 793 2145 sonum
820 2095 918 2148 tamen
971 2096 1114 2156 creantur,
1131 2091 1208 2146 iuter
1222 2090 1391 2162 predictum
1413 2089 1542 2146 lucidum
1572 2106 1688 2147 murum
1716 2105 1821 2162 specu-

65 2166 230 2237 propbetioe
246 2183 360 2236 eorum,
374 2184 443 2224 reru
471 2171 559 2225 verbo
577 2169 660 2240 Filio,
675 2173 782 2229 scilicet
803 2175 855 2230 Dei
874 2176 917 2232 in·
969 2179 1062 2236 latire
1089 2178 1214 2234 scientie
1238 2178 1328 2249 ipsius
1357 2177 1471 2234 aedilicii
1493 2182 1522 2234 et
1549 2178 1689 2236 ambitum
1721 2179 1821 2236 circuli

64 2260 186 2310 carnelo
193 2256 396 2327 subsequente.
413 2257 468 2322 Qui
484 2259 621 2315 Dominus
644 2261 815 2334 multiplices
836 2265 918 2320 cela·
971 2269 1021 2341 qni
1036 2268 1202 2324 desudante
1219 2267 1249 2322 in
1270 2268 1374 2324 throno
1387 2267 1570 2338 protenditur
1596 2267 1818 2324 discurrrantes:

65 2349 148 2398 turae
172 2344 204 2398 in
241 2345 373 2401 cordibus
400 2362 502 2402 eorum
527 2347 614 2403 lacit:
643 2365 710 2405 cum
738 2351 917 2409 intellectum
969 2353 1078 2408 honest
1091 2353 1169 2424 quod
1184 2353 1213 2407 in
1229 2353 1392 2408 carnalibus
1408 2353 1556 2410 desideriis
1574 2369 1640 2424 que
1662 2354 1820 2426 respicien-

62 2431 198 2503 ipsorum
229 2433 386 2504 multiplici
425 2435 529 2506 spiritu
564 2436 705 2508 sapientia
736 2438 852 2508 inludit,
877 2442 917 2496 ita
970 2441 1011 2496 lia
1025 2441 1060 2496 ad
1089 2439 1312 2496 imbecillitatem
1342 2447 1492 2497 versantur
1510 2442 1542 2497 in
1557 2442 1679 2498 terrenis
1706 2444 1820 2498 seacula·

64 2520 146 2592 quud
171 2521 202 2575 in
214 2521 359 2592 spirituali
370 2538 455 2578 sensu
480 2523 625 2594 protunda
641 2525 694 2580 Dei
708 2529 769 2582 tam
789 2543 915 2598 proesen·
969 2530 1046 2584 rinm
1072 2529 1261 2600 cupiditatum
1294 2529 1418 2584 mundus
1443 2534 1472 2585 et
1500 2530 1660 2586 mundiales
1683 2531 1818 2586 homines

64 2609 104 2663 tis
128 2623 217 2679 qnam
247 2608 339 2664 futuri
374 2610 505 2666 videlicet
536 2612 634 2668 seculi
660 2614 913 2684 prophetaverunt,
968 2617 1099 2688 deculpa
1124 2616 1212 2689 primi
1239 2618 1367 2688 parentis
1390 2618 1476 2688 positi
1494 2624 1617 2688 euntes
1632 2619 1720 2674 altera
1735 2624 1816 2690 parte

62 2711 120 2766 per
138 2712 226 2767 quam
242 2697 455 2754 efficacissimos
467 2715 614 2756 sermones
634 2706 734 2757 contra
756 2704 916 2760 contrarios
969 2703 1167 2759 scientiaboni
1183 2707 1211 2760 et
1225 2703 1295 2760 mali
1308 2703 1377 2777 ipsis
1394 2704 1539 2776 apposita,
1565 2708 1596 2759 nt
1608 2705 1643 2762 ad
1669 2721 1742 2778 opus
1768 2705 1819 2760 Dei

64 2800 165 2840 mores
179 2783 330 2840 hominum
340 2787 534 2856 protulerunt,
550 2788 656 2858 quibus
674 2789 828 2846 durissima
851 2808 915 2846 cor·
968 2791 1148 2864 perbonam
1174 2791 1319 2860 accedant,
1349 2798 1379 2848 et
1406 2793 1517 2866 malum
1558 2791 1708 2864 effugiant,
1734 2797 1763 2848 et
1785 2808 1818 2850 er

65 2874 104 2928 da
132 2873 299 2929 ludaeorum
324 2873 361 2929 ud
382 2874 529 2931 lenitatem
563 2879 592 2930 et
617 2877 752 2947 pictatem
788 2877 915 2936 leticiam
969 2880 1060 2936 altera
1081 2884 1222 2952 potestate
1244 2880 1294 2937 llei
1314 2880 1506 2950 illaesiones,
1524 2884 1596 2936 utet
1617 2897 1648 2936 se
1676 2880 1729 2937 sub
1757 2897 1818 2938 ma·

65 2967 185 3018 actuum
220 2968 455 3034 provocaverunt.
480 2963 536 3019 Sed
558 2965 707 3021 incarnato
734 2967 828 3023 Verbo
855 2969 915 3037 liei,
936 2969 1071 3038 Ciestute
1098 2969 1162 3041 ejus
1177 2982 1238 3024 esse
1259 2967 1359 3035 sciant,
1385 2973 1412 3024 el
1427 2968 1526 3024 omnia
1539 2967 1613 3024 lacta
1630 2983 1682 3023 sua
1697 2968 1732 3024 ab
1754 2967 1817 3040 ipsu

64 3051 190 3106 colssus
202 3052 287 3106 Pater
301 3052 331 3106 in
353 3052 469 3108 eusdem
486 3052 557 3108 Filio
581 3069 634 3108 suo
648 3053 772 3110 innuens
800 3063 915 3128 aposlo-
971 3057 1131 3112 examinari
1142 3071 1202 3112 nou
1216 3054 1359 3111 dubitent.

63 3137 168 3209 lisqni
188 3137 321 3194 homines
340 3139 493 3195 existentes
512 3141 655 3212 segregati
671 3149 753 3198 erant
778 3143 814 3200 de
840 3161 917 3200 com·
1006 3145 1085 3200 Unde
1115 3149 1145 3200 ct
1171 3143 1256 3200 multi
1291 3143 1444 3200 editicium
1481 3143 1576 3216 ipsum
1607 3143 1683 3199 inter
1713 3143 1816 3198 turrim

62 3227 148 3282 muni
171 3228 281 3298 populo
307 3231 340 3281 ut
362 3227 510 3299 purissimi
533 3227 619 3285 rivuli
639 3230 787 3303 eliguntur
806 3232 842 3288 de
861 3250 916 3288 cie-
969 3247 1131 3305 precursus
1165 3231 1322 3288 voluntatis
1346 3231 1397 3286 Dei
1422 3235 1451 3286 et
1469 3231 1635 3288 columnam
1659 3230 1816 3286 divinitalis

64 3315 136 3370 teris
158 3317 243 3388 aquis
269 3315 425 3370 liuentibus
450 3316 483 3370 in
496 3317 583 3388 plano
612 3317 738 3387 dicebat;
769 3324 801 3376 ut
827 3321 916 3376 inun-
968 3321 1055 3378 Verbi
1080 3321 1171 3394 ipsius
1203 3334 1255 3392 per
1293 3320 1443 3392 prelatum
1483 3333 1599 3376 murum
1634 3318 1816 3391 speculative

65 3403 183 3459 datione
208 3420 284 3460 verre
313 3404 383 3460 fidei
409 3405 561 3462 effluerent
590 3406 620 3461 in
642 3407 743 3464 orbem
761 3413 914 3479 muranum,
967 3410 1096 3466 wientite
1119 3409 1255 3465 intrando
1277 3413 1307 3464 et
1330 3407 1461 3464 exeundo
1484 3412 1643 3476 transeunt,
1667 3412 1700 3463 ιιι
1726 3407 1817 3464 names

63 3492 262 3564 deprimentes
275 3497 306 3547 et
331 3496 513 3548 conterentes
539 3509 678 3566 magnum
700 3495 824 3552 schisma
843 3513 916 3552 cun·
967 3498 1021 3554 bac
1034 3501 1062 3552 et
1084 3499 1149 3552 illac
1173 3496 1361 3567 dillunditur3
1378 3495 1580 3568 quiamnllum
1597 3495 1727 3552 ιιιιιιιιιιιι
1742 3510 1817 3568 opus

63 3586 205 3652 templus,
226 3581 356 3636 suillalns
385 3581 528 3653 superbia
547 3583 766 3639 stexaltationis
796 3586 916 3640 culturae
967 3585 1061 3642 Veteri
1078 3587 1261 3641 Testamento
1282 3589 1311 3640 et
1326 3600 1399 3640 novo
1414 3585 1532 3640 exordio
1558 3583 1698 3640 admoniti
1717 3599 1817 3656 aggre-

63 3669 220 3738 idolorum,
238 3674 271 3724 ut
284 3668 417 3725 homines
431 3685 532 3726 rerum
550 3672 641 3727 Deum
654 3673 851 3742 cognoscendo
865 3673 915 3728 da·
968 3674 1089 3740 dientes,
1111 3673 1207 3744 ipsum
1234 3688 1286 3743 per
1306 3672 1510 3744 speculativam
1537 3673 1685 3728 scientiam
1710 3672 1816 3728 relictis

63 3763 196 3814 sererent
207 3757 415 3829 [infidelitatem
444 3775 525 3814 suam
555 3760 586 3814 in
615 3761 818 3831 predicatione
851 3762 916 3819 illo·
967 3762 1129 3818 carnalibus
1156 3759 1305 3818 desideriis
1327 3762 1447 3829 intrant,
1480 3762 1623 3834 multique
1655 3762 1816 3834 uoluptates

64 3863 141 3903 rum.
160 3846 222 3911 Qua
243 3846 301 3901 lide
327 3847 359 3900 in
386 3846 503 3918 populls
527 3847 684 3903 roborata:
712 3848 789 3904 idem
817 3851 915 3921 provi·
967 3867 1034 3908 suas
1046 3855 1198 3922 sequentes
1213 3850 1284 3906 illud
1298 3849 1329 3906 in
1344 3849 1744 3922 malisconcupisceutiissuis
1765 3850 1816 3906 ibi-

64 3953 112 3992 sor
127 3934 330 3990 uniuersorum
345 3934 452 4007 ignitas
468 3940 579 3991 mentes
600 3937 758 3992 electorum
783 3953 914 4007 suorum,
965 3940 1034 3996 dem
1047 3945 1168 4006 exeunt;
1183 3939 1224 3995 ita
1236 3939 1352 4011 quodie
1369 3939 1515 3996 voluntate
1530 3939 1691 3996 snasivead
1706 3939 1815 3996 bunum

64 4025 114 4096 qui
129 4023 242 4078 accensi
256 4023 373 4079 luerunt
386 4023 422 4080 de
435 4023 538 4095 ignitis
546 4024 681 4080 cordibus
705 4024 824 4082 illorum
839 4042 915 4098 qnos
966 4028 1070 4084 siread
1085 4027 1204 4093 malum,
1230 4028 1262 4082 in
1286 4028 1434 4084 velocitate
1447 4028 1579 4096 nubium,
1593 4028 1623 4084 id
1638 4034 1681 4084 est
1694 4029 1725 4084 in
1754 4043 1815 4082 rno-
1894 4072 1897 4084 .

65 4113 190 4185 Spiritus
212 4117 327 4169 sanctus
348 4113 379 4168 in
399 4113 492 4185 igneis
507 4113 615 4185 linguis
634 4113 791 4171 adueniens
815 4115 916 4188 tetige-
966 4118 1046 4174 tione
1060 4117 1268 4188 cogitationum
1282 4131 1400 4172 suarum
1415 4133 1445 4172 se
1464 4117 1518 4172 hac
1532 4121 1560 4172 et
1575 4117 1641 4172 illac
1661 4115 1815 4174 relaxando

66 4208 121 4269 rat,
136 4201 264 4257 suaviter
276 4201 363 4257 etiam
387 4201 419 4257 in
441 4201 548 4272 Spiritu
579 4207 679 4258 sancto
698 4204 861 4271 admonuit,
882 4207 916 4259 ut
933 4245 955 4300 D
969 4206 1125 4262 deducunt.
1141 4205 1195 4261 Sed
1211 4205 1289 4277 quod
1299 4204 1321 4260 ii
1337 4205 1387 4277 qui
1410 4205 1504 4276 ipsum
1519 4205 1672 4262 edificium
1695 4206 1814 4276 intrant,

66 4295 280 4361 contemptores
295 4289 398 4346 mundi
414 4289 508 4346 euecti
534 4290 565 4348 in
590 4291 835 4364 contemplatione
854 4307 916 4348 cm·
970 4293 1172 4350 candidissima
1190 4297 1268 4348 ueste
1292 4293 1477 4350 induuntur:
1501 4293 1557 4349 boc
1571 4298 1614 4348 est
1636 4293 1715 4362 quod
1731 4293 1752 4348 ii
1766 4295 1817 4366 qui

64 4380 145 4435 lestis
174 4380 249 4446 rite,
274 4379 387 4451 parvuli
413 4384 441 4436 et
469 4395 612 4452 pauperes
642 4380 748 4452 spiritu
771 4397 833 4438 esse
856 4397 915 4437 non
968 4399 1042 4454 opus
1070 4382 1121 4438 liei
1147 4382 1224 4438 bona
1243 4381 1390 4436 vuluntate
1416 4380 1636 4452 aggrediuntur,
1661 4382 1817 4453 purissima

66 4469 242 4534 abnuerent;
255 4467 306 4524 sed
320 4472 352 4524 ut
373 4483 426 4540 per
444 4468 506 4524 bec
526 4485 614 4540 parva
627 4468 799 4541 {habitacula
820 4470 916 4526 humi·
969 4470 1187 4528 etlucidissima
1201 4474 1278 4526 reste
1293 4485 1367 4526 veria
1389 4469 1457 4526 fidei
1482 4474 1513 4524 ut
1529 4470 1621 4524 iteum
1644 4476 1817 4541 cognoscant

64 4556 169 4625 litatis,
194 4555 249 4611 sibi
278 4571 417 4628 supernas
448 4555 563 4612 divitias
597 4562 808 4629 compararent.
846 4558 916 4624 Quas
968 4575 1021 4631 per
1043 4558 1270 4616 misericordiam
1295 4558 1384 4630 ipsius
1405 4556 1574 4614 vestiuntur.
1611 4556 1739 4621 Quorum
1767 4557 1816 4614 alii

64 4643 239 4702 humilitatis
255 4660 343 4716 opera
364 4645 434 4700 dum
449 4651 664 4717 contemptores
683 4647 859 4703 caducorum
884 4647 916 4703 in
968 4650 1005 4706 de
1019 4648 1159 4704 suavitate
1169 4652 1199 4704 et
1214 4647 1331 4704 lenitate
1346 4645 1476 4716 ejusdam
1488 4646 1574 4702 rende
1590 4645 1696 4718 gaudio
1711 4660 1817 4717 magno

64 4735 179 4790 excelso
208 4733 304 4789 studio
325 4732 512 4790 subtilissima
551 4740 698 4807 precepta
732 4735 782 4791 Dei
802 4751 917 4807 semper
967 4737 1240 4805 mellentensium
1267 4734 1407 4802 sennenn
1433 4733 1502 4808 quia
1523 4735 1645 4790 contrito
1670 4737 1700 4788 et
1720 4732 1816 4790 humi·

64 4822 249 4878 ruminantes
274 4822 469 4892 imitarentur,
497 4828 530 4878 ut
559 4827 710 4897 martyres,
739 4823 865 4896 virgines
888 4829 918 4882 et
967 4827 1036 4882 linto
1072 4825 1188 4898 spiritu,
1216 4823 1320 4880 imbuti
1344 4822 1509 4880 dulcissima
1537 4828 1567 4880 et
1598 4820 1746 4880 lenissima
1766 4837 1815 4878 ca·

63 4909 173 4983 reliqui
202 4909 439 4982 suimetipsorum
457 4911 625 4981 abjectores,
655 4912 696 4968 ita
735 4913 767 4968 in
793 4913 847 4968 bac
870 4912 917 4969 sni
967 4915 1073 4972 thelica
1088 4913 1155 4981 fide,
1171 4929 1204 4968 ac
1225 4912 1334 4984 pertusi
1351 4911 1489 4968 interiore
1506 4911 1619 4983 liquore
1647 4909 1816 4980 sanctitatis,

65 4998 240 5056 contritione
259 4998 296 5054 ad
319 5014 449 5055 amorem
473 4999 633 5057 coelestium
660 5001 864 5069 ascenderant;
885 5006 918 5056 ut
968 5019 1084 5075 semper
1108 5001 1295 5058 interioribus
1320 4999 1412 5058 oculis
1433 5000 1567 5056 letantur
1595 4999 1626 5054 in
1645 4997 1816 5065 relatibus,

65 5089 155 5144 etiam
170 5088 311 5160 agncolas
328 5087 359 5144 in
385 5087 471 5144 uinea
503 5089 613 5146 Veteris
639 5090 813 5147 Testamenti
835 5089 915 5146 labo·
968 5107 1003 5148 ea
1025 5089 1209 5147 devotissime
1232 5087 1423 5161 adimplentes
1450 5086 1606 5144 retinentes
1644 5101 1709 5159 que
1746 5085 1818 5157 ipsis

66 5181 166 5233 rantes
189 5177 222 5232 ιιι
244 5175 394 5232 uelocitate
435 5175 581 5234 bonorum
604 5178 769 5236 studiorum
797 5193 916 5234 suorum
968 5177 1092 5251 Spiritus
1113 5182 1226 5234 sanctus
1243 5176 1376 5249 inspirat.
1393 5177 1450 5232 lilii
1473 5181 1569 5232 annm
1585 5175 1669 5249 quasi
1695 5175 1731 5232 de
1751 5191 1817 5248 gra·

67 5269 249 5338 superarent,
274 5265 345 5320 dum
366 5266 535 5337 semetipsos
562 5268 645 5339 quasi
664 5283 718 5339 pro
748 5266 841 5323 nihilo
867 5267 917 5323 ba·
969 5267 1071 5324 vedine
1101 5271 1130 5322 et
1170 5265 1336 5322 difficultate
1371 5265 1433 5336 ejus
1460 5264 1556 5320 tristes
1596 5261 1700 5331 effecti,
1737 5263 1819 5320 illam

66 5353 169 5410 bentm
186 5357 248 5409 toto
271 5353 415 5410 desiderio
442 5355 479 5411 ad
507 5359 616 5412 eterna
630 5356 812 5412 anhelarent.
837 5356 917 5412 Unda
969 5371 1075 5412 muare
1103 5355 1219 5424 volunt3
1255 5351 1393 5426 quomam
1420 5351 1510 5409 veluti
1537 5351 1704 5423 ςιιιιιιιιιιιο
1729 5366 1819 5408 onere

66 5448 96 5500 st
115 5441 315 5514 millaelypei,
333 5443 435 5500 multe
462 5443 594 5515 perlecta
618 5444 750 5502 uidelicet
777 5444 918 5502 detensio-
969 5443 1081 5517 gravati
1094 5448 1124 5501 et
1142 5443 1224 5516 quasi
1239 5441 1410 5499 difficillima
1428 5441 1476 5498 ria
1492 5439 1638 5514 impediti,
1665 5440 1818 5513 inquietis·

66 5547 119 5588 nas
127 5531 264 5606 perfecte
278 5530 349 5588 fidei
366 5545 442 5587 nora
455 5531 560 5604 gratie
578 5533 739 5604 pendente
753 5531 825 5588 Filio
846 5532 917 5601 lisi3
970 5530 1044 5589 sima
1063 5535 1094 5587 et
1121 5530 1301 5588 amarissima
1322 5528 1529 5588 consuetudine
1557 5528 1667 5586 illicita
1685 5529 1820 5604 uolupta-

245 5630 384 5698 Parnor..
410 5629 555 5700 CXCVII.
1600 5635 1643 5696 22
