3984 6034
73 259 128 319 ter
715 259 907 320 EPISTOLAE.
918 291 954 302 -
967 259 1074 318 EPlST.
1095 259 1218 318 lxxvii.
1773 263 1827 318 teu

75 411 147 450 suus
160 395 233 451 illud
246 393 419 466 providebit.
435 393 529 458 Nunc,
545 393 629 448 Pater
644 397 673 448 et
693 391 796 457 amice,
810 392 842 447 in
864 393 926 448 rice
943 393 1097 449 alentiam
1109 392 1208 448 multe
1231 391 1355 448 tristitie
1372 392 1403 448 in
1426 391 1566 466 inquietis
1589 393 1734 451 mentibus
1757 411 1824 468 por-

76 483 184 540 Chrieti
214 483 322 556 respice
353 484 388 539 sd
416 497 580 538 sermonem
612 482 701 536 istum
719 486 748 536 et
780 481 872 538 endi:
897 497 929 536 os
980 485 1032 538 tat.
1051 485 1132 539 Nunc
1152 483 1229 538 disce
1244 483 1321 554 quod
1346 482 1429 538 nivea
1455 483 1546 538 nubea
1568 500 1665 540 serem
1683 485 1827 557 aquilonis

76 573 157 628 euim
173 577 256 628 tuum
270 572 385 628 coeleste
401 578 453 640 est,
470 576 500 626 et
521 587 604 626 mens
623 575 672 625 tua
686 586 751 625 cum
774 571 852 626 nube
872 570 927 626 ilo·
981 572 1078 641 behet,
1094 571 1145 644 qui
1158 587 1276 628 omnem
1298 572 1473 629 viriditatem
1490 588 1618 630 erescere
1638 574 1715 643 lacit,
1741 579 1770 630 et
1791 575 1827 630 de

76 667 142 716 ret:
166 662 244 717 unde
268 661 348 716 radix
372 666 422 715 tus
440 660 585 727 ascendat,
608 675 640 714 sc
659 659 814 715 tiominnm
837 660 929 715 licum
982 675 1041 733 qno
1065 660 1152 716 tlores
1172 661 1288 716 cedunt.
1313 661 1393 716 Nunc
1420 665 1451 716 tu
1479 660 1533 716 ists
1552 661 1631 733 lnge,
1654 666 1683 718 et
1704 662 1735 718 in
1756 679 1830 734 puro

74 757 158 806 tunm
175 751 272 818 edors,
288 754 317 805 et
341 750 429 805 indue
451 748 583 818 loricam,
598 752 686 820 atque
710 748 834 804 militare
856 764 928 803 con·
981 765 1048 805 sere
1063 754 1105 805 sta
1116 754 1145 806 et
1158 765 1307 822 permane,
1323 765 1355 804 sc
1369 747 1400 804 in
1415 749 1473 804 vita
1488 765 1576 822 quam
1599 751 1691 806 nescis
1710 752 1825 808 Creato·

76 844 120 894 tra
145 840 316 896 bacchantia
334 838 413 908 vitis,
439 838 587 894 lasciviam
610 838 748 910 fugiendo
780 842 809 893 et
836 837 928 894 arari·
981 837 1022 894 ris
1036 837 1079 892 tui
1091 842 1246 902 memento,
1261 853 1313 894 uec
1327 838 1409 894 illum
1424 837 1527 910 fugias,
1543 853 1609 894 cum
1623 855 1690 895 eum
1705 839 1829 896 videndo

76 928 149 981 tiam
170 942 230 982 non
254 925 462 998 amplectendo.
488 925 562 980 lieus
589 929 687 980 eutem
707 939 794 996 quem
817 925 928 980 occulte
981 941 1040 982 uon
1059 926 1215 1000 cognoscis.
1232 927 1272 982 lle
1287 926 1447 982 vitastism
1461 927 1511 982 ills
1524 926 1643 998 spiritus
1662 932 1730 984 tuus
1743 930 1827 985 redo·

74 1015 204 1081 invocas,
218 1015 248 1070 in
260 1030 361 1071 amore
375 1019 426 1070 tuo
439 1013 577 1085 suscipiet
589 1020 628 1069 te.
980 1011 1067 1080 lebat,
1089 1012 1137 1085 qni
1152 1014 1250 1070 anime
1265 1014 1432 1070 nominatus
1453 1019 1505 1082 est,
1531 1014 1647 1087 quando
1670 1015 1767 1071 anime
1790 1017 1825 1072 de

275 1163 284 1177 ο
365 1119 529 1176 ppngoqq
547 1119 641 1174 mv,
979 1099 1040 1171 ipse
1056 1101 1203 1172 processit.
1220 1099 1323 1156 Anima
1337 1117 1461 1174 namque
1475 1116 1562 1173 opera
1573 1101 1655 1173 ponit
1669 1103 1698 1158 et
1712 1102 1824 1174 probet,

231 1224 370 1265 cmm
389 1223 500 1264 mm,
517 1224 552 1262 A„
571 1223 770 1262 mmmm,
979 1193 1009 1244 et
1023 1187 1081 1242 eivs
1095 1188 1172 1244 bons
1186 1189 1244 1244 sive
1260 1189 1336 1244 mala
1350 1189 1419 1256 sint,
1438 1194 1467 1245 et
1481 1189 1588 1245 eisdem
1603 1189 1740 1261 operibus
1763 1189 1826 1262 Spi-

75 1302 115 1354 n,
128 1297 248 1354 madi,
261 1295 439 1368 ffifflefflq
445 1295 538 1364 ponis,
554 1294 747 1377 ,laomim
760 1294 923 1362 mmm·
978 1277 1051 1331 ritus
1065 1277 1219 1332 fortissima
1233 1277 1261 1332 vi
1282 1277 1482 1334 molendinum
1496 1284 1549 1334 est.
1565 1280 1606 1334 Tu
1621 1283 1720 1334 eutem
1734 1278 1826 1334 redili-

110 1367 297 1441 lteoprnliue
316 1368 391 1442 opit,
406 1384 443 1423 uc
459 1366 620 1436 fluctuanti
642 1370 715 1440 petat
730 1365 926 1422 consolatorio
978 1363 1055 1420 cium
1079 1365 1222 1422 bonorum
1250 1381 1369 1438 operum
1403 1366 1534 1436 oedilica,
1558 1372 1591 1422 ut
1613 1383 1679 1422 cum
1701 1367 1824 1423 circulus

108 1439 202 1496 wia
215 1439 292 1494 dari·
979 1453 1084 1509 suimae
1099 1459 1155 1509 tuor
1171 1454 1257 1510 luerit
1275 1455 1393 1522 otiosus,
1408 1455 1562 1511 aedillciurn
1585 1455 1660 1511 istud
1681 1455 1825 1523 inveniat;

109 1547 251 1618 Pauperis
262 1545 376 1616 praeisti
392 1544 501 1600 habens
521 1543 660 1610 osticium,
674 1543 797 1600 domines
820 1548 849 1599 et
864 1559 926 1598 me·
979 1542 1092 1615 quodsi
1108 1559 1166 1599 non
1184 1543 1338 1612 invenerit,
1354 1543 1384 1598 iu
1406 1543 1520 1600 ruinam
1535 1543 1622 1600 vadit.
1648 1543 1728 1599 Unde
1751 1561 1827 1617 quo-

67 1633 110 1688 tri
124 1649 198 1700 sure,
216 1634 250 1688 li.
266 1632 303 1687 de
319 1633 347 1688 S.
364 1632 492 1705 liuperto
514 1632 545 1687 in
570 1632 700 1704 Pinguis,
715 1631 824 1688 intimae
849 1632 925 1688 dile-
980 1647 1037 1702 que
1052 1637 1166 1687 strenue
1180 1632 1279 1705 vigila,
1295 1637 1451 1704 antequem
1468 1631 1571 1688 umbra
1585 1631 1682 1687 obitus
1704 1632 1747 1688 tui
1771 1648 1825 1705 sp·

69 1721 181 1776 ctionis
195 1727 226 1776 et
239 1722 380 1777 orationis
397 1722 543 1776 allectum.
946 1691 1165 1792 Bpropinquet.
1181 1722 1284 1792 lgneus
1300 1720 1425 1792 Spiritus
1439 1726 1554 1778 sanctus
1575 1719 1606 1777 in
1625 1721 1680 1776 hoc
1694 1726 1722 1776 ts
1742 1722 1825 1792 adju-

107 1809 191 1865 Sicut
205 1809 362 1866 multitudo
385 1809 516 1864 fidelium
539 1811 708 1880 proclamat,
723 1826 782 1865 nou
803 1815 847 1865 cat
870 1810 925 1866 mi·
978 1808 1065 1864 vehit

72 1914 142 1953 rum
177 1897 257 1970 quod
284 1899 360 1954 lleus
390 1898 545 1970 requisitus
577 1915 593 1952 o
621 1897 703 1953 vobis
727 1897 875 1954 invenitur
897 1903 926 1953 et
1253 1915 1422 1973 pplsqffl
1443 1917 1550 1972 Lxxvp·

74 1993 220 2058 appareat
242 1987 334 2054 vohis,
357 1987 426 2058 quis
449 1986 536 2042 iidem
559 2001 617 2042 nou
641 1985 736 2042 lictum
761 1985 873 2042 hebetis
896 1986 925 2041 iu

69 2079 172 2142 illum,
182 2081 213 2132 et
226 2077 303 2148 quod
318 2075 666 2147 msjrrsest,e1'usiavore
688 2081 718 2131 et
738 2075 831 2148 gretie
851 2075 925 2132 inte·

69 2166 210 2236 gritatem
241 2164 375 2236 puerities
404 2164 460 2234 ipsi
483 2163 681 2232 consecrastis,
711 2169 741 2219 et
763 2169 867 2220 extunc
892 2164 924 2218 in
1157 2145 1293 2203 Pfffl'im
1306 2143 1444 2218 ‘'iiim“
1456 2145 1646 2202 mmm·

69 2253 224 2309 sancutste
238 2257 267 2308 et
282 2251 401 2320 iustitis,
417 2255 517 2323 utpote
541 2267 589 2306 res
612 2251 763 2307 electionis
785 2252 925 2308 hactenus
1012 2252 1122 2309 Sanctae
1149 2258 1179 2309 et
1209 2251 1380 2308 reueraudae
1415 2253 1445 2308 in
1479 2252 1591 2310 Christo
1621 2251 1705 2308 metri
1732 2253 1824 2310 domi·

67 2356 170 2395 coram
181 2357 216 2396 eo
229 2339 351 2395 vixistis.
370 2341 403 2395 lit
416 2341 517 2411 procul
532 2339 619 2395 dubio
637 2339 687 2412 qni
702 2357 752 2394 vos
766 2340 837 2396 talea
853 2356 924 2396 con-
977 2356 1021 2396 ne
1048 2343 1081 2398 ll.
1104 2341 1139 2398 de
1170 2341 1304 2414 Pinguia,
1328 2342 1360 2397 ll.
1394 2341 1429 2397 de
1462 2342 1622 2408 Flanheim,
1652 2344 1825 2414 prepositus

66 2429 180 2485 versari
195 2428 353 2496 coustituit,
374 2433 404 2483 et
424 2428 503 2500 quod
525 2428 704 2499 precipuum
725 2431 777 2493 est,
804 2429 855 2499 qui
878 2444 922 2484 sr-
977 2429 1043 2485 licet
1058 2429 1205 2502 indignus,
1231 2432 1352 2486 multam
1378 2429 1518 2486 cretionis
1541 2435 1570 2486 et
1587 2429 1716 2503 obsequii
1740 2432 1824 2488 dero·

67 2534 143 2572 cans
175 2517 380 2588 mysteriorum
403 2531 521 2572 suorum
542 2532 595 2587 per
617 2533 667 2570 ros
687 2515 851 2584 innotescit,
876 2515 923 2570 di·
977 2518 1095 2574 tionem.

66 2621 160 2678 gnam
176 2621 294 2677 quoque
309 2605 493 2660 exauditione
506 2605 618 2676 judicat
630 2621 683 2676 pro
702 2604 923 2676 quibuscunque
1013 2604 1152 2660 Cordium
1166 2605 1313 2678 inspector
1325 2607 1401 2663 liene
1414 2607 1494 2663 novit
1510 2623 1597 2679 quem
1614 2607 1739 2664 libenter
1759 2625 1824 2664 san·

65 2697 100 2750 in
128 2695 250 2750 nomine
271 2695 336 2765 ejus
359 2694 508 2766 petieritis.
535 2695 568 2749 Et
592 2698 669 2748 certe
694 2708 760 2765 ques
784 2709 853 2764 erge
873 2709 923 2747 ros
976 2695 1105 2750 ctitstem
1129 2699 1254 2750 restrum
1285 2695 1430 2767 obsequiis
1451 2695 1636 2762 honorarem,
1660 2695 1684 2750 si
1706 2697 1824 2754 ordine·

65 2789 149 2849 sunt,
166 2799 232 2854 quse
254 2787 284 2838 et
303 2782 400 2838 audivi
423 2787 453 2837 et
477 2798 511 2837 ex
533 2786 616 2854 parte
638 2781 708 2846 vidi,
733 2782 842 2853 ahsqne
864 2782 922 2836 ulls
975 2783 1056 2839 tione
1072 2782 1170 2838 divina
1184 2783 1279 2839 locum
1297 2789 1327 2839 et
1341 2783 1503 2840 facultatem
1522 2785 1691 2856 acciperem.
1705 2784 1824 2840 lnterim

64 2871 261 2943 ambignitete
289 2871 387 2926 divina
408 2875 438 2926 et
460 2875 558 2926 sancte
581 2885 643 2926 esse
673 2870 770 2936 credo,
792 2875 822 2925 et
842 2870 921 2925 nulle
974 2870 1074 2942 igitur,
1090 2877 1206 2944 accepts
1218 2872 1256 2927 sit
1269 2871 1360 2940 vobis,
1376 2887 1486 2944 queso,
1504 2873 1617 2930 devotio
1631 2887 1712 2942 mea;
1727 2879 1756 2928 et
1768 2873 1822 2928 sic·

66 2963 184 3016 ratione
204 2960 241 3016 de
261 2959 308 3014 his
335 2975 454 3031 possum
476 2959 618 3026 dubitare,
639 2974 706 3014 cum
737 2960 824 3013 sciam
849 2959 921 3014 nihil
939 2966 1008 3042 0¹¹²
1022 2960 1131 3015 dudum
1145 2959 1231 3014 verbo
1246 2959 1355 3032 rogavi,
1371 2965 1450 3016 orate
1471 2976 1523 3032 pro
1539 2977 1585 3016 me
1603 2963 1638 3017 ed
1654 2960 1821 3033 Dominum,

67 3049 128 3104 lieo
153 3064 216 3103 esse
240 3047 426 3118 impossibile.
450 3048 525 3103 Deus
544 3061 671 3118 nemque
687 3047 760 3102 sicut
778 3047 920 3120 partitos
975 3057 1009 3108 ut
1031 3051 1112 3107 robie
1136 3051 1243 3106 revelet
1265 3066 1329 3124 quse
1350 3051 1425 3107 circa
1452 3067 1498 3108 me
1522 3055 1599 3120 eunt,
1622 3057 1765 3124 quatenus
1787 3055 1822 3112 de

66 3139 292 3210 prophetantes,
319 3137 360 3194 sic
390 3141 419 3192 et
449 3153 502 3208 per
534 3142 646 3192 sanctas
666 3137 791 3193 feminas
812 3142 919 3192 secrete
975 3139 1059 3194 bonis
1080 3139 1200 3194 reddere
1224 3139 1344 3210 gratiam
1367 3140 1403 3196 de
1418 3141 1503 3196 mulis
1523 3157 1590 3196 vero
1613 3141 1708 3213 dignis
1728 3143 1820 3213 poeni-

68 3225 232 3282 dirinitstis
246 3241 307 3280 sum
321 3225 450 3297 pandere
473 3225 630 3296 aliquando
647 3226 739 3280 voluit
763 3229 792 3280 et
814 3226 918 3297 potuit.
973 3228 1072 3284 tentiae
1109 3227 1247 3284 lructibus
1273 3229 1329 3284 lieo
1349 3227 1510 3286 satisfecere
1535 3244 1647 3285 merear
1664 3235 1820 3303 antequam

66 3315 193 3368 testante
214 3313 318 3369 ioele:
341 3311 510 3383 Effundam,
536 3311 640 3384 iuquit,
662 3311 806 3384 Spiritum
825 3329 921 3368 mcum
973 3315 1092 3371 moriar.
1112 3313 1258 3388 Quidquid
1281 3331 1349 3372 cero
1370 3316 1511 3372 Dominus
1531 3317 1688 3374 ostenderit
1713 3319 1748 3374 de
1764 3335 1820 3389 me,

63 3417 156 3472 super
169 3415 423 3468 omnemccrnem,
446 3403 474 3455 et
488 3399 700 3472 prophetabunt
708 3399 769 3470 filii
787 3400 875 3456 uestri
892 3403 921 3455 et
973 3403 1078 3476 scripto
1109 3403 1181 3459 mihi
1211 3403 1372 3476 significare
1392 3403 1562 3478 dignemini,
1586 3411 1615 3461 et
1646 3407 1822 3464 orationihus

61 3488 136 3560 filie
148 3493 261 3557 mirre,
274 3492 303 3546 et
321 3505 408 3561 super
429 3505 525 3545 serene
547 3491 576 3543 ei
590 3488 717 3544 ancillas
729 3505 811 3544 meuc
827 3489 919 3560 effun-
972 3493 1076 3548 restris
1104 3508 1150 3547 ms
1174 3493 1281 3548 babere
1310 3494 1553 3550 commendatum.
1585 3495 1766 3552 Familiarius
1791 3503 1821 3553 et

64 3580 138 3634 dum
151 3578 190 3634 dc
202 3577 391 3651 Spiritumeo.
408 3579 498 3634 Porro
512 3577 620 3648 legitur
633 3577 787 3645 lieborarn,
802 3578 915 3645 oldam,
973 3581 1101 3652 emplius
1115 3580 1195 3637 vobis
1210 3582 1397 3653 scripsissem,
1409 3582 1433 3636 si
1447 3583 1579 3654 corporis
1593 3583 1746 3640 infirmitas
1761 3601 1820 3641 uon

62 3671 184 3722 Annam
195 3671 319 3722 matrem
338 3666 464 3734 Samuel,
478 3665 621 3721 Elisabeth
643 3671 765 3721 matrem
787 3665 815 3722 S.
829 3667 919 3721 loen·
973 3667 1140 3724 obstitisset.

61 3757 110 3810 nis
127 3756 276 3827 Baptistae,
301 3755 431 3826 aliasque
455 3754 593 3810 mulieres
614 3754 672 3809 Deo
693 3753 810 3809 devotus
834 3753 917 3824 spiri·
1157 3791 1363 3848 RESPONSUH
1388 3790 1625 3849 HILDEGARDIS

61 3850 127 3900 tum
143 3844 306 3916 prophetice
321 3843 467 3910 habuisse,
491 3847 520 3897 et
541 3847 638 3898 temen
661 3841 828 3913 conjugatas
847 3841 918 3896 iuis·
1629 3835 1635 3847 ‘

62 3951 109 4001 se;
126 3938 241 4005 quanto
260 3933 354 4004 magis
375 3948 424 3986 ros
438 3931 558 3987 omnino
577 3930 671 3986 cernis
686 3929 842 4002 fragilitate
867 3947 917 3986 ex·

62 4027 193 4092 portem,
208 4035 225 4074 e
238 4018 401 4091 puerilibus
418 4018 501 4074 annis
525 4017 696 4091 pudicitiam
719 4019 777 4073 Deo
800 4035 917 4074 serven-

62 4109 148 4165 tem?
169 4109 327 4164 lmmensss
355 4108 480 4179 gratiss,
503 4106 630 4174 domina,
657 4106 916 4179 onrnipotentimi-
1033 4163 1038 4174 ,
1108 4163 1113 4174 ,
1227 4163 1232 4174 ,
1376 4163 1381 4176 ,
1563 4165 1568 4178 ,
1719 4165 1725 4178 ,
1780 4167 1785 4178 ,

64 4195 231 4254 sericordise
245 4196 349 4263 relero,
373 4196 452 4268 qnod
476 4195 656 4252 tantumdem
672 4196 709 4251 ad
731 4195 917 4252 beatitudinis
970 4163 1091 4262 minim
1104 4179 1136 4262 ,¹¹¹
1151 4163 1273 4263 ⁰⁰Pi¹¹¹¹⁰
1293 4169 1398 4218 mmm
1421 4169 1478 4266 Ψ
1491 4165 1622 4264 ,⁰⁰¹¹¹3⁸³
1645 4168 1819 4268 qu³⁸¹,⁸¹¹⁸'

63 4293 170 4340 νοω
186 4285 319 4339 mmmm
336 4285 501 4356 pertingere
516 4284 665 4356 promerui
682 4300 689 4338 ἶ
704 4283 782 4338 unde
803 4290 833 4338 et
855 4300 915 4338 m·
935 4268 1025 4346 1)nus
1040 4257 1086 4318 ert,
1102 4258 1143 4306 rte
1156 4253 1263 4307 scilicet
1276 4251 1354 4355 velut
1368 4253 1588 4354 possibilitatem
1606 4255 1744 4327 loquendi
1759 4272 1819 4356 non

62 4379 148 4430 terna
165 4373 274 4428 viscera
291 4372 441 4429 humiliter
455 4373 551 4444 pulso,
574 4376 718 4445 quatenns
740 4371 828 4426 rerba
848 4388 915 4427 con·
970 4340 1088 4440 ΨΜ·
1109 4340 1182 4395 ⁰⁰⁰⁵
1197 4345 1293 4397 ”nem
1310 4358 1341 4440 fn
1355 4346 1383 4396 ²⁸
1397 4347 1521 4438 mmm
1540 4343 1603 4410 ¹¹⁰⁰·
1629 4343 1706 4415 q⁰⁰d
1724 4360 1819 4443 ΡΜ·

63 4461 217 4518 'omioni'
240 4478 294 4534 per
324 4461 430 4532 scripta
455 4465 548 4523 mm
576 4462 611 4516 ad
641 4477 688 4516 me
717 4460 857 4533 dirigatis,
887 4465 917 4516 e,
969 4429 1109 4484 bilrtstem
1130 4429 1228 4498 babes,
1245 4440 1356 4500 corripe
1372 4430 1445 4485 orrle
1462 4435 1553 4484 tuum.
1572 4430 1652 4486 Unde
1671 4437 1698 4486 te
1722 4448 1816 4504 ipsum

61 4555 194 4608 multum
218 4551 250 4606 in
277 4550 412 4622 procellis
437 4551 635 4613 fluctum&
660 4549 734 4604 sicut
756 4555 786 4604 οἱ
811 4549 916 4622 wius
968 4534 1069 4573 accusa
1089 4518 1166 4590 quod
1191 4519 1280 4574 Deum
1298 4518 1327 4572 in
1348 4518 1502 4588 purissimo
1525 4518 1603 4575 lonte
1634 4519 1663 4574 in
1680 4521 1732 4576 hoc
1758 4537 1816 4576 non

60 4639 334 4696 ,573500010053353
354 4639 496 4694 impiam
519 4655 596 4694 nune
610 4655 645 4693 ω
664 4637 771 4710 ,ὤμω
785 4639 820 4694 ω
843 4654 916 4694 con,
968 4607 1097 4678 inspicis,
1114 4607 1163 4662 sed
1180 4611 1292 4705 uotum
1308 4607 1379 4662 dicis
1396 4624 1403 4663 :
1418 4608 1501 4674 Deus,
1517 4608 1590 4663 heus
1605 4623 1697 4706 melus,
1715 4608 1816 4680 odjum

59 4727 260 4786 firmationem
276 4727 425 4784 ,mmm
440 4727 567 4798 erigatis·
902 4743 906 4750 .
968 4710 1030 4763 me;
1044 4700 1073 4750 et
1089 4699 1187 4751 tamen
1201 4710 1240 4750 src
1263 4696 1409 4766 operando
1424 4712 1490 4752 eum
1504 4711 1563 4750 uon
1578 4701 1681 4767 tangis.
1699 4697 1721 4751 0
1741 4696 1816 4752 bone

252 4833 460 4891 Rssspolqgffl
479 4832 725 4890 fflfflffifflms·
969 4782 1061 4848 miles,
1077 4799 1153 4838 nrrnc
1168 4799 1265 4854 surge,
1279 4783 1347 4855 quia
1361 4785 1454 4856 gratis
1478 4784 1527 4840 Dei
1550 4784 1585 4839 ad
1610 4789 1638 4839 te
1662 4785 1762 4852 currit,
1786 4790 1815 4840 et

61 4922 310 4998 summm
319 4921 556 5050 fiumwwad
575 4923 834 4996 mmmm
847 4923 913 4979 'wr-
967 4874 1005 5016 isrtai
1015 4871 1259 5015 ffipaqroumeives,
1276 4873 1316 4926 ita
1336 4874 1410 4944 quod
1426 4873 1524 4928 virens
1540 4872 1613 4944 lapis
1628 4871 1665 4928 sis
1680 4873 1709 4928 in
1732 4875 1815 4930 crele-

1065 2057 1093 2096 Η.
1113 2055 1262 2098 PRAEPOSiTl
1282 2057 1316 2096 litt
1334 2057 1468 2097 munti!
1483 2057 1519 2098 AD
1538 2057 1740 2098 uttueunttnau.

977 3899 1016 3954 vt
1028 3897 1102 3954 erile
1114 3915 1198 3954 suum
1210 3897 1359 3979 corripiet,
1378 3902 1405 3979 et
1422 3899 1513 4023 ρῗιιηι
1526 3898 1558 3954 in
1571 3897 1726 3972 purissimo
1738 3900 1820 3968 sonte

1322 3986 1447 4041 snsprcw
1463 4012 1469 4024 .

1009 4076 1068 4131 Lux
1090 4075 1187 4130 vivens
1209 4075 1261 4131 tibi
1284 4075 1362 4144 dicit,
1387 4082 1420 4131 ut
1449 4079 1566 4133 strenue
1596 4077 1706 4149 vigiles,
1734 4083 1763 4134 et
1784 4095 1819 4135 ne

95 5087 179 5142 lens
201 5089 252 5140 tua
276 5085 367 5139 nivere
398 5083 467 5139 nubi
501 5081 603 5138 similis
635 5087 686 5150 est,
714 5099 778 5155 quse
807 5083 915 5139 aeriam
1242 5064 1407 5121 EPISTOEA
1428 5065 1548 5120 LXXVH·

63 5175 174 5230 nubem
195 5172 228 5228 in
257 5189 315 5244 qna
338 5173 379 5227 sol
404 5170 562 5227 fulminans
575 5170 758 5239 transcendit,
775 5175 804 5225 et
828 5171 915 5226 etiam
1083 5187 1116 5228 w,
1134 5187 1242 5227 renarra
1262 5189 1425 5228 necuuunns
1443 5188 1478 5227 ao
1497 5189 1697 5229 uruusosnoeu.

65 5263 215 5319 interdum
230 5261 331 5316 similis
345 5265 388 5316 est
401 5259 526 5316 turbidas
539 5259 620 5330 nubi,
636 5276 700 5332 quea
714 5263 915 5331 tempestatem
967 5276 1082 5333 Anrmae
1103 5293 1160 5333 m
1180 5277 1310 5345 <resecem
1335 5276 1382 5332 im
1405 5277 1511 5350 aperit,
1534 5281 1563 5332 et
1585 5276 1714 5350 corpori,
1733 5279 1815 5354 infir.

66 5357 174 5422 portat.
190 5351 279 5406 Nirea
292 5351 370 5406 enim
391 5350 485 5405 nubes
505 5348 626 5404 taedium
651 5348 783 5419 regentis
809 5347 915 5403 mentis
1003 5347 1144 5417 mitatem,
1169 5347 1298 5422 petitque
1332 5347 1460 5420 uirisque
1494 5347 1557 5404 auis
1591 5349 1722 5422 precioso
1754 5367 1815 5408 me

68 5446 130 5496 est:
147 5439 229 5495 aeria
246 5443 344 5494 eutem
357 5438 449 5494 nnbes
463 5453 567 5510 puram
575 5437 726 5493 scientiam
741 5452 794 5508 per
808 5437 915 5508 patien·
1004 5421 1118 5478 miili·

67 5529 137 5584 tiam
150 5543 218 5600 quse
232 5525 321 5582 iidem
341 5526 428 5581 habet
447 5523 572 5582 intendit
587 5541 594 5592 ;
608 5525 658 5581 sed
680 5524 797 5581 turbide
809 5524 915 5581 turbu·
1005 5525 1037 5580 ll.
1065 5526 1123 5582 lieo
1151 5526 1261 5582 dilcctre
1290 5528 1319 5582 et
1347 5541 1480 5584 sororum
1506 5527 1541 5584 de
1571 5527 1599 5584 S.
1628 5527 1756 5602 liuperto
1783 5529 1814 5586 in

244 5626 384 5694 Parnon.
409 5623 552 5694 unctu.
1575 5631 1617 5694 ιο
