3984 6034
133 168 187 223 ars
205 141 215 160 '
858 169 888 226 s.
907 164 1146 228 urenacsanrs
1827 177 1882 232 are

130 300 224 357 verbis
246 298 435 356 consolatoris
464 299 523 356 mei
558 299 706 369 intellexi3
734 317 821 373 quem
846 301 882 357 de
920 301 979 358 mei
996 303 1130 370 avellet,
1146 319 1262 362 annon.
1279 303 1409 377 Cumque
1429 304 1615 378 paratiquod
1633 311 1748 380 tempus
1762 308 1884 379 probae

130 388 326 445 consolatione
346 387 498 460 diligenter
528 387 756 444 commonuistis.
792 389 872 446 Sicut
903 389 981 447 euim
1034 407 1065 446 re
1087 391 1212 448 orationi
1240 391 1401 450 insistendo
1425 409 1470 449 me
1496 393 1670 464 afflixissem,
1701 395 1730 451 in
1759 397 1883 453 adventu

131 476 212 535 vobis
227 477 261 532 de
276 492 323 532 me
347 476 505 532 revelatum
534 476 622 532 luisse
649 475 770 545 dixistis,
795 479 888 536 tateor
914 495 980 536 vere
1038 480 1150 537 Domini
1178 481 1209 536 in
1238 481 1391 539 testivitate
1416 483 1443 540 S.
1467 484 1608 550 Barbare,
1625 483 1655 539 in
1673 485 1769 556 prima
1784 485 1885 556 vigilia

131 566 288 637 quamdam
304 565 528 640 perturbationis
542 566 648 624 nubem
672 583 717 622 me
732 567 980 639 nuperinanimo
1035 569 1126 625 noctis
1149 571 1244 626 corrui
1269 570 1300 627 in
1325 570 1471 639 exstasim,
1492 577 1521 627 et
1547 571 1639 628 astitit
1665 571 1738 629 mibi
1762 575 1885 646 angelus

130 654 307 727 concepisse,
323 658 441 727 propter
455 655 570 727 ineptos
596 671 745 712 sermones
767 658 867 730 populi
890 657 982 713 multe
1036 657 1159 725 Domini,
1190 657 1304 714 dicens:
1330 658 1427 714 Clama
1454 657 1576 727 fortiter,
1601 664 1630 714 et
1656 659 1716 716 dic:
1748 659 1822 716 ileu!
1847 662 1884 716 ad

132 742 277 815 loquentis
293 743 398 812 deme,
413 758 478 815 quse
495 758 562 798 vera
576 758 635 798 nou
650 747 726 797 sunt.
751 743 805 800 Sed
827 744 903 816 volgi
920 760 980 800 ser·
1036 761 1137 802 omnes
1161 751 1262 818 gentes
1289 747 1359 820 quia
1387 755 1462 802 totus
1489 747 1614 804 muudus
1627 746 1658 802 in
1677 749 1812 805 tenebras
1840 755 1885 805 est

133 847 235 887 moues
248 829 331 887 tacite
346 831 528 900 sustinerem,
544 829 567 886 si
582 846 640 886 non
655 835 684 886 et
706 831 736 887 bi
759 833 810 905 qui
829 832 858 889 in
881 831 982 890 babitu
1035 849 1197 892 conversus.
1231 837 1264 892 lit
1291 836 1384 890 dices:
1403 835 1497 903 Eaito;
1535 836 1584 892 ilte
1612 853 1662 891 ros
1691 839 1801 894 vocavit
1833 838 1884 910 qui

131 919 280 992 religionis
308 919 469 986 ambulant,
501 919 635 991 spiritum
650 936 747 976 meum
771 920 901 977 acerbius
915 938 982 977 con·
1036 923 1071 978 de
1089 927 1229 979 terravos
1243 923 1388 992 formavit,
1404 927 1433 980 et
1457 923 1546 981 dicit:
1561 925 1772 982 Prnuitcnts'cm
1795 926 1884 999 opita,

133 1008 376 1064 tristarentNam
395 1005 467 1062 ethi
482 1008 579 1063 neseio
594 1008 699 1079 quibus
725 1008 850 1064 stimulis
871 1009 979 1082 agitati,
1035 1011 1205 1085 quiaprope
1228 1017 1271 1068 ert
1291 1028 1411 1085 regnum
1438 1010 1493 1068 Dei
1521 1013 1642 1082 (Metita.
1669 1017 1885 1086 111).ltoeergo

133 1093 255 1169 gratiam
277 1096 327 1152 Dei
341 1096 372 1150 iu
399 1111 446 1150 me
474 1095 616 1164 derident,
637 1102 666 1152 et
690 1098 725 1153 de
758 1097 803 1153 his
821 1097 982 1171 qnoeigno·
1036 1100 1318 1156 sermoneinductus
1343 1099 1477 1156 dominus
1502 1100 1601 1167 abbas,
1627 1101 1714 1173 coepit
1735 1102 1886 1174 divulgare

134 1189 207 1254 rant,
237 1190 344 1241 temere
372 1183 501 1256 judicare
545 1201 604 1240 non
634 1184 796 1241 formidant.
833 1187 927 1242 Audio
954 1192 984 1243 et
1037 1189 1156 1244 verbum
1181 1204 1278 1245 eoram
1302 1188 1517 1260 magistratibus
1534 1188 1665 1245 Ecclesiae
1679 1195 1708 1245 et
1735 1190 1803 1244 viris
1819 1190 1885 1245 roli-

85 1340 86 1343 Ἴ
133 1274 287 1346 quosdam,
311 1273 421 1329 litteras
445 1274 480 1330 de
503 1289 555 1329 suo
577 1273 681 1345 spiritu
711 1273 830 1348 scriptas
856 1276 910 1331 sub
929 1292 982 1331 no·
1036 1276 1134 1348 glosis.
1169 1279 1299 1343 Quorum
1331 1277 1447 1350 quidam
1476 1293 1542 1332 cum
1577 1277 1737 1334 reverentia
1764 1279 1885 1334 verbum
1980 1307 1981 1316 ι

134 1361 212 1418 miae
227 1378 292 1417 meo
309 1361 511 1418 circumferre:
536 1362 572 1418 de
595 1362 640 1417 die
664 1363 764 1435 judicii
792 1378 838 1420 me
862 1365 985 1436 prophe·
1037 1371 1222 1437 exceperunt,
1251 1365 1368 1438 quidam
1390 1381 1457 1421 vero
1484 1381 1542 1421 nou
1570 1365 1620 1432 sie,
1638 1367 1688 1422 sed
1708 1367 1824 1422 sinistre
1838 1367 1887 1422 lo·
1980 1371 1981 1438 i

133 1456 208 1507 tasse
223 1450 445 1507 diffamaverunt
468 1449 584 1522 (Mettis.
602 1451 687 1523 mv),
707 1453 784 1522 quod
810 1457 888 1508 certe
913 1469 984 1517 nun·
1038 1454 1182 1511 cutieuat.
1209 1455 1326 1510 Factum
1353 1459 1397 1510 est
1410 1469 1479 1527 ergo
1494 1460 1527 1510 ut
1541 1453 1622 1510 multi
1637 1455 1715 1527 apud
1735 1471 1808 1526 quos
1823 1473 1884 1511 ser·

134 1555 221 1612 quam
236 1541 329 1596 iacere
355 1538 536 1612 praesumpsi,
564 1555 631 1595 cnm
658 1541 790 1597 omniurn
816 1541 983 1599 mortalium
1038 1559 1086 1598 mo
1101 1542 1153 1599 iste
1169 1543 1332 1598 diffamatus
1359 1547 1413 1611 est,
1432 1559 1484 1614 per
1501 1547 1595 1598 totum
1619 1549 1734 1616 tempus
1760 1545 1887 1616 questra-

134 1628 329 1700 cognitiouem
352 1628 446 1700 lugiet
469 1627 531 1699 ejus
552 1629 701 1686 adventus.
730 1630 786 1686 Sed
814 1632 876 1701 ejas
898 1630 984 1687 samse
1038 1631 1175 1703 gesimale
1196 1630 1226 1686 iu
1250 1630 1354 1686 timore
1380 1645 1486 1702 magno
1521 1647 1573 1702 per
1600 1630 1800 1701 poenitentiam
1825 1647 1887 1685 sese

135 1716 314 1774 occasionem
329 1715 409 1772 robis
422 1716 562 1788 aperiam,
587 1721 620 1772 ut
646 1716 778 1774 indicetis
792 1723 888 1774 utrum
907 1735 983 1790 prm·
1038 1719 1209 1791 affligerent,
1225 1723 1253 1775 et
1267 1718 1456 1790 eleemosynis
1469 1723 1498 1773 et
1513 1718 1691 1774 orationibus
1709 1715 1885 1773 insisterent.

135 1811 303 1878 sumptuose
317 1806 477 1878 quidquam
499 1806 529 1861 in
557 1805 611 1860 hac
638 1805 810 1872 refecerim,
838 1810 887 1862 aut
901 1806 984 1863 dixe-
1038 1808 1070 1862 ln
1087 1813 1218 1879 tempore
1232 1806 1282 1863 illo
1299 1807 1418 1880 quidam
1435 1805 1529 1862 nescio
1554 1821 1612 1879 quo
1639 1807 1700 1861 zelo
1715 1807 1827 1876 ductus,
1849 1806 1887 1861 ad
1980 1793 1981 1812 ¹

135 1894 201 1950 rim.
226 1894 305 1950 Sicut
323 1893 461 1967 peratios
475 1893 605 1962 audistis,
619 1892 821 1967 Magnificous't
845 1894 986 1951 Dominus
1038 1895 1139 1950 urbem
1168 1894 1316 1951 Coloniam
1344 1895 1375 1951 in
1403 1910 1526 1967 persona
1551 1893 1662 1951 domini
1683 1893 1803 1963 abbatis,
1823 1894 1887 1964 ipso

134 1981 466 2040 misericordiomruom
492 1983 571 2054 (Luc.
589 1983 610 2053 ι)
640 1998 754 2038 mecum
785 1998 873 2055 supra
896 1999 985 2056 quam
1039 1983 1133 2052 (novit
1147 1983 1231 2048 Deus)
1253 1983 1413 2054 ignorante,
1444 1981 1555 2037 litteras
1583 1981 1696 2050 direxit,
1719 1981 1751 2036 in
1782 1981 1888 2054 quibus

135 2070 303 2139 meruerim,
329 2074 380 2126 aut
408 2071 512 2127 mereri
536 2071 682 2126 ullatenus
714 2071 834 2144 possim,
868 2072 899 2127 in
925 2076 986 2127 tan·
1038 2070 1181 2126 terribiles
1208 2071 1341 2143 quaedam
1366 2070 1616 2138 comminationes,
1641 2069 1777 2126 audiente
1806 2069 1887 2125 omni

135 2165 197 2215 tum
226 2163 260 2214 ut
288 2159 415 2215 eoelestia
444 2159 577 2231 quadam
605 2158 678 2216 mibi
715 2164 895 2216 sacramenta
931 2160 986 2216 ire·
1039 2160 1155 2232 populo,
1173 2159 1252 2216 tectus
1267 2165 1345 2216 sunt.
1375 2160 1455 2215 Unde
1481 2175 1648 2232 quanquam
1662 2159 1697 2214 ab
1725 2157 1888 2231 insipienti-

136 2251 258 2318 quenter
285 2246 412 2302 revelare
444 2247 579 2320 dignatus
619 2246 665 2302 sit.
699 2246 874 2319 Significavit
898 2248 986 2303 etiam
1038 2247 1092 2303 bus
1107 2247 1224 2304 illusum
1242 2248 1323 2305 nobis
1341 2248 1388 2315 sit,
1411 2248 1570 2320 prudentes
1590 2253 1700 2316 tamen,
1721 2252 1754 2304 ut
1776 2246 1889 2303 audiri·

138 2335 210 2391 mihi
238 2351 292 2406 per
315 2336 451 2408 angelum
477 2351 562 2391 suum
591 2336 768 2409 frequenter,
790 2337 888 2408 qualia
914 2352 985 2392 ven·
1040 2353 1114 2405 mus,
1124 2342 1288 2393 reverenter
1296 2329 1459 2392 sermotiem
1473 2335 1747 2400 animadverterunt,
1761 2340 1790 2390 et
1799 2335 1904 2406 poeni·

137 2429 203 2478 tora
227 2428 310 2479 erant
333 2439 420 2496 super
441 2425 584 2496 populum
598 2425 629 2480 in
652 2424 697 2480 bis
720 2424 822 2480 diebus
845 2424 902 2480 nisi
916 2440 987 2496 age·
1040 2426 1138 2482 tentiae
1153 2425 1293 2481 fructibus
1309 2427 1397 2482 Deum
1415 2426 1557 2481 bonorare
1572 2440 1631 2479 non
1641 2427 1888 2494 contempserunt.

137 2517 203 2568 rent
228 2511 428 2583 penitentiam
452 2512 488 2568 de
515 2512 729 2585 iniquitatibus,
743 2517 829 2585 atque
846 2519 877 2569 ut
891 2514 986 2585 palam
1041 2515 1157 2570 Factum
1172 2518 1215 2570 est
1229 2518 1326 2570 autern
1341 2513 1370 2568 in
1386 2518 1490 2586 quarta
1504 2512 1653 2568 ieriaante
1668 2510 1745 2568 diem
1762 2510 1887 2576 Paschae,
1980 2579 1981 2588 χ

137 2602 198 2656 haec
224 2600 439 2671 annuntiarem,
470 2602 616 2674 pracepit.
644 2603 701 2674 Ego
729 2607 825 2658 autem
846 2617 878 2659 ut
903 2619 987 2658 arro·
1040 2618 1106 2659 cum
1132 2608 1197 2676 post
1224 2619 1345 2674 magnos
1364 2603 1477 2658 labores
1497 2601 1626 2674 eorporis
1642 2600 1672 2656 in
1687 2599 1821 2657 exstasim
1841 2617 1890 2655 ve·

137 2690 266 2762 gantiam
296 2690 444 2762 evitarem,
470 2696 499 2747 et
522 2707 559 2747 ue
579 2690 689 2747 auctrix
714 2691 875 2747 novitatum
905 2692 987 2747 vide·
1040 2691 1157 2760 nissam,
1184 2690 1319 2764 apparuit
1339 2690 1410 2747 mibi
1437 2691 1556 2763 angelus
1582 2689 1708 2758 Domini,
1732 2694 1760 2745 et
1781 2687 1891 2745 dixiad

137 2795 193 2849 rer,
217 2779 248 2834 in
272 2783 415 2852 quantum
442 2779 538 2853 potui,
565 2781 663 2836 omnia
690 2781 753 2836 haec
771 2779 865 2836 studui
890 2780 987 2836 ocent-
1041 2796 1124 2836 eum:
1149 2779 1280 2848 Domine,
1300 2779 1370 2852 quid
1386 2779 1486 2836 ttetde
1515 2779 1602 2836 verbo
1629 2780 1707 2851 quod
1731 2780 1843 2834 locutus
1859 2794 1891 2833 es
1980 2785 1981 2814 ἐ

137 2874 209 2924 tare.
1006 2871 1076 2949 gad
1106 2871 1174 2925 me?
1203 2868 1257 2935 Qui
1294 2868 1455 2942 respondit:
1483 2867 1547 2924 Noti
1584 2867 1758 2934 contristari,
1793 2882 1890 2937 neque

173 2957 245 3012 Com
276 2972 346 3030 ergo
376 2957 460 3013 solito
489 2973 570 3013 more
606 2957 730 3030 quadam
767 2956 916 3014 Dominica
939 2957 987 3013 Die
1041 2957 1229 3031 perturberis,
1253 2956 1277 3013 si
1304 2973 1362 3013 non
1389 2959 1419 3014 in
1442 2957 1489 3013 die
1511 2973 1598 3029 quam
1620 2953 1808 3012 determinavi
1825 2955 1889 3022 tibi,

138 3060 230 3101 essem
266 3044 296 3100 io
335 3046 440 3100 mentis
473 3060 600 3112 excessu,
641 3044 730 3101 astitit
760 3045 831 3101 mihi
867 3046 987 3117 angelus
1041 3047 1190 3104 evenerint
1205 3063 1270 3120 quoe
1286 3045 1421 3116 proedixi3
1437 3045 1575 3118 qnoniam
1588 3045 1748 3101 multorum
1762 3042 1890 3099 satisfac-

139 3133 264 3200 Domini,
285 3133 399 3189 Dicens:
427 3133 520 3199 Quare
544 3133 696 3189 abscondis
724 3149 828 3190 aurum
856 3133 887 3189 in
902 3133 988 3190 luto‘t
1040 3137 1118 3192 tione
1131 3138 1260 3209 placatus
1274 3140 1317 3191 est
1333 3134 1480 3192 Dominus.
1508 3136 1578 3190 Post
1591 3135 1653 3190 bac
1677 3133 1707 3189 in
1729 3139 1805 3188 serta
1820 3131 1915 3204 teria,

139 3221 193 3277 boc
219 3225 273 3291 est,
300 3222 422 3278 verbum
442 3221 504 3284 Dei,
532 3222 612 3294 quod
639 3238 693 3294 per
706 3238 738 3277 os
761 3227 845 3277 tuum
867 3222 987 3278 missurn
1041 3225 1116 3282 circa
1143 3226 1245 3282 horam
1273 3223 1386 3280 tertiam
1410 3239 1477 3278 cum
1505 3222 1586 3296 gravi
1609 3221 1740 3293 passione
1766 3222 1833 3277 veni
1860 3220 1891 3276 ia

139 3314 182 3365 est
208 3309 382 3380 interram,
409 3325 468 3366 non
496 3314 537 3365 ut·
554 3310 760 3379 abscondatur,
788 3310 839 3366 sed
868 3315 900 3365 ut
922 3326 987 3366 ma·
1042 3312 1147 3370 mentis
1173 3328 1330 3381 excessum,
1356 3316 1385 3368 et
1410 3327 1525 3368 rursum
1550 3310 1642 3367 astitit
1663 3310 1744 3376 mihi,
1773 3309 1889 3366 dicens:

139 3398 290 3454 nilestetur
308 3399 342 3455 ad
365 3399 479 3455 taudem
508 3403 537 3454 et
563 3398 687 3471 gloriam
710 3399 827 3455 Domini
842 3404 944 3467 nostra,
960 3404 988 3455 et
1043 3401 1118 3457 Vidit
1140 3400 1278 3458 Dominus
1306 3399 1491 3456 afflictionem
1510 3399 1613 3471 populi
1636 3399 1682 3454 sui
1706 3397 1811 3470 (Esou.
1833 3401 1889 3467 suls

139 3488 327 3542 salvationem
354 3488 518 3544 animarum
550 3487 652 3560 populi
678 3488 744 3544 suit
772 3489 805 3543 Et
830 3489 885 3544 boc
912 3487 988 3543 dicto
1042 3494 1071 3544 et
1095 3489 1199 3546 avertit
1231 3489 1438 3561 indignationis
1472 3504 1532 3544 snae
1557 3489 1631 3543 iram
1658 3487 1693 3544 ab
1722 3485 1764 3541 eis
1796 3484 1889 3556 (Prot.
1980 3477 1981 3536 l

140 3574 263 3631 elevavit
283 3591 370 3648 super
393 3591 439 3631 me
454 3574 611 3648 flagellum,
637 3575 714 3646 quod
730 3575 853 3647 quasiin
871 3574 913 3630 ira
926 3591 989 3630 ma·
1042 3578 1162 3650 mxxrv).
1191 3575 1242 3633 Cui
1269 3576 1345 3633 diri:
1372 3576 1445 3643 Quid
1474 3591 1553 3648 ergo,
1584 3573 1704 3631 Domine
1719 3572 1890 3629 milnonne
1980 3609 1981 3642 3

140 3679 198 3736 gna
224 3662 379 3736 quinquies
419 3664 491 3719 mihi
530 3663 711 3719 amarissime
742 3662 859 3731 inflixit3
888 3662 929 3718 ita
958 3669 990 3718 nt
1043 3683 1092 3722 ero
1106 3666 1137 3721 in
1152 3663 1317 3722 irrisionem
1328 3664 1472 3732 omnibns,
1488 3663 1564 3735 apud
1585 3679 1658 3734 quos
1690 3662 1810 3717 verbum
1837 3661 1892 3715 hoc

139 3769 193 3825 per
218 3754 345 3809 triduam
371 3753 479 3810 intuto
504 3769 625 3825 corpore
650 3769 715 3808 meo
740 3769 775 3808 ex
801 3753 849 3808 illa
869 3767 988 3824 percos-
1042 3754 1220 3824 divulgatum
1242 3754 1306 3810 esti
1333 3753 1387 3820 Qui
1403 3753 1458 3808 eit:
1475 3751 1578 3808 Omnia
1593 3767 1658 3823 qua
1674 3749 1823 3806 occasione
1838 3749 1892 3805 bac

140 3841 221 3898 sione
244 3842 424 3914 languerem.
452 3843 520 3898 Post
544 3841 608 3897 boec
636 3841 770 3913 apposuit
797 3840 920 3913 digitum
945 3840 987 3896 ori
1043 3847 1201 3898 evenerunt
1242 3841 1304 3908 tibi,
1342 3841 1485 3913 patienter
1515 3846 1544 3896 et
1572 3840 1712 3896 benevole
1739 3839 1890 3894 sustineto.

140 3946 216 3999 meo,
244 3931 359 3986 Dicens:
381 3930 443 3985 Eris
465 3936 563 3986 urens
578 3946 670 4002 usque
693 3930 729 3985 ad
751 3930 854 3985 horam
870 3945 988 3998 nonam,
1043 3928 1126 3985 ltlum
1140 3928 1294 4000 Diligenter
1308 3927 1514 3994 animadverte,
1538 3925 1598 3999 qui,
1618 3942 1683 3981 conr
1706 3929 1781 3982 esset
1804 3925 1893 3980 totius

141 4020 256 4092 quando
279 4018 473 4074 manifestabis
501 4035 535 4074 ea
549 4035 615 4090 qum
644 4027 779 4091 operatus
792 4023 835 4074 est
850 4018 988 4075 Dominus
1043 4017 1120 4073 orbis
1143 4019 1269 4080 Creator.
1294 4016 1444 4072 bominum
1464 4015 1612 4070 irrisiones
1640 4013 1786 4072 sustinuit.
1811 4014 1892 4068 Nunc

141 4113 247 4164 tecum.
265 4108 323 4180 Ego
343 4123 410 4164 raro
425 4123 518 4180 usque
537 4107 573 4163 ad
588 4108 688 4162 horam
704 4122 810 4162 nonam
825 4111 905 4161 muta
920 4122 988 4176 per·
1044 4105 1169 4177 primum
1199 4106 1338 4162 Dominus
1363 4103 1531 4175 patientiam
1560 4108 1638 4158 tuam
1664 4101 1777 4171 probat.
1809 4102 1891 4167 Ecce,

141 4194 244 4250 mansi.
274 4196 354 4250 Tunc
377 4193 535 4266 significari
565 4194 721 4267 magistrae,
748 4199 781 4250 ut
806 4193 922 4250 afferret
953 4194 987 4250 ad
1009 4186 1163 4251 Ddomina
1190 4210 1264 4262 mea,
1288 4198 1381 4249 totum
1409 4192 1538 4248 ordinem
1567 4190 1608 4246 rei
1635 4191 1714 4246 robis
1740 4190 1889 4263 explicavi,

141 4299 188 4337 me
203 4283 331 4338 libellum
346 4283 501 4356 quemdam
518 4299 604 4356 qoem
628 4284 657 4338 in
671 4288 759 4338 strato
782 4299 845 4338 ruso
869 4283 989 4338 abscon·
1044 4289 1186 4356 quatenus
1200 4289 1229 4338 et
1256 4299 1306 4338 vos
1332 4280 1526 4337 innocentiam
1556 4295 1650 4334 meam
1666 4285 1695 4334 et
1709 4277 1820 4334 abbatis
1834 4278 1892 4332 mei

141 4373 251 4438 derum,
278 4372 473 4427 continentem
501 4389 534 4428 er
548 4377 631 4444 parte
657 4389 691 4426 ea
716 4388 781 4444 quae
810 4371 917 4427 iecerat
931 4372 989 4427 Do·
1044 4371 1229 4443 cognoscetis,
1254 4375 1282 4426 et
1314 4369 1377 4425 aliis
1400 4369 1585 4424 manifestare
1615 4365 1738 4440 possitis.
1768 4367 1891 4423 Obsecro

142 4460 238 4515 minus
255 4474 380 4514 mecum.
396 4459 487 4525 Quem
502 4476 568 4515 curn
582 4458 991 4515 otlerremiumauusdomiui
1045 4461 1141 4511 autem
1170 4459 1201 4510 nt
1224 4460 1252 4510 et
1280 4454 1444 4511 orationum
1477 4457 1636 4507 vestrarum
1656 4450 1825 4524 participem
1847 4467 1892 4506 me

141 4548 264 4617 abbatis,
279 4548 328 4620 qui
356 4549 393 4604 ad
408 4549 582 4604 visitandum
611 4564 656 4604 me
682 4551 809 4614 venerat,
827 4548 920 4603 soluta
948 4553 991 4603 est
1044 4544 1163 4613 faciatis,
1181 4549 1211 4598 ct
1229 4549 1315 4615 prout
1331 4541 1453 4614 Spiritus
1469 4541 1586 4596 Domini
1600 4539 1681 4596 vobis
1706 4541 1890 4613 suggesserit,

141 4637 241 4710 lingna
268 4653 332 4692 mea
366 4636 397 4692 in
428 4638 490 4692 hoec
513 4637 615 4692 rerba:
643 4637 712 4693 Nou
735 4635 828 4703 nebu,
858 4634 989 4704 Domine,
1044 4634 1141 4705 aliqua
1171 4633 1242 4688 mibi
1268 4631 1457 4688 consolatoria
1482 4630 1571 4685 verba
1597 4627 1769 4684 rescribatis.
1799 4628 1893 4686 Gratia

140 4743 198 4782 nou
211 4725 309 4783 nobis:
325 4726 377 4781 sed
398 4725 510 4782 nomini
533 4729 581 4782 tuo
602 4727 642 4781 do
657 4723 786 4799 glorium
801 4724 887 4796 (Prot.
904 4723 988 4796 exui).
1045 4722 1149 4780 Christi
1164 4721 1319 4779 vobiscum.

143 4817 209 4871 Post
223 4815 360 4870 beccum
382 4819 411 4870 et
433 4813 490 4870 alia
513 4814 647 4887 quadarn
662 4813 717 4884 ipsi
732 4814 912 4881 revelassem,
927 4829 991 4884 qua
1231 4826 1437 4884 sssssportsnn
1458 4823 1704 4882 fflfflfflfflms.

142 4903 248 4976 scripta
276 4903 416 4960 committi
449 4904 611 4970 nolueram,
647 4901 779 4958 videlicet
804 4901 840 4957 ds
866 4899 992 4958 vindicta
1044 4921 1145 4976 Nom
1157 4915 1235 5042 10qu
1248 4915 1284 4970 (ρ,
1302 4931 1354 4971 Μ
1367 4912 1492 4987 rumpo,
1513 4913 1565 4969 ,eg
1578 4913 1613 4968 g,
1630 4935 1640 4962 ,
1658 4914 1768 4968 germ
1777 4911 1891 4966 pm„

143 4992 259 5049 Domini
279 5008 394 5064 magna,
416 5006 504 5064 quam
519 4990 654 5047 universo
678 4991 787 5047 mundo
801 4989 832 5045 in
846 4988 926 5044 brevi
940 5005 990 5044 su·
1080 4987 1188 5046 Disscrr'
1226 4985 1262 5042 de
1290 4986 1404 5042 tamisae
1425 4988 1453 5040 et
1478 4986 1513 5040 dc
1536 4983 1730 5066 inspiratione
1765 4982 1817 5038 Dei
1836 4997 1894 5052 quo

142 5085 346 5153 perventuram
360 5079 395 5136 ab
413 5079 519 5151 angelo
533 5078 698 5147 didiceram,
728 5077 826 5150 rogari
840 5076 923 5133 illum
947 5076 991 5133 di·
1079 5058 1209 5116 miti&
1230 5057 1345 5130 “lilim
1366 5072 1427 5129 W
1452 5055 1562 5112 ΜΝ
1583 5055 1734 5112 ‘numm
1748 5052 1891 5126 didimi*

142 5168 330 5241 ligentissime
360 5173 393 5224 ut
413 5167 534 5224 verbum
552 5165 623 5222 illud
645 5167 722 5237 apud
748 5182 779 5221 se
793 5165 912 5220 baberet
925 5163 990 5220 abs·
1082 5167 1139 5238 Ego
1166 5163 1343 5236 paupercula
1360 5167 1389 5218 et
1407 5161 1495 5218 fictile
1523 5177 1583 5230 ras,
1615 5161 1677 5216 brec
1703 5175 1762 5216 non
1791 5175 1808 5214 a
1836 5173 1893 5225 me,

143 5257 301 5314 eonditum.
319 5255 487 5333 Pracipitnr
507 5259 604 5311 autern
626 5253 698 5311 mibi
713 5257 876 5325 utoperam
891 5253 990 5309 darem
1046 5255 1095 5311 sad
1110 5255 1144 5310 de
1159 5269 1260 5310 serena
1282 5253 1345 5308 luce
1361 5251 1440 5306 uico:
1475 5251 1566 5306 Homo
1595 5265 1643 5304 vae
1658 5248 1804 5320 est,qnod
1820 5247 1894 5302 Deus

143 5343 278 5413 orationi,
296 5350 381 5418 atque
397 5345 551 5402 aDomino
564 5343 754 5416 postularem,
770 5348 802 5398 ut
823 5342 905 5399 deret
919 5341 991 5398 mibi
1046 5339 1216 5412 sibimetipsi
1243 5336 1403 5406 edificavit,
1444 5343 1474 5393 et
1510 5336 1588 5408 quod
1627 5351 1680 5390 sua
1704 5334 1893 5406 inspiratione

144 5435 316 5509 intelligere,
345 5440 442 5492 utrum
469 5450 504 5490 ea
531 5449 596 5507 quae
622 5433 762 5505 dixeram
792 5430 908 5488 silentio
932 5429 991 5504 tegi
1045 5428 1159 5498 imbuit,
1184 5432 1215 5483 ut
1242 5441 1331 5499 opera
1355 5441 1407 5482 sua
1433 5424 1464 5481 iu
1478 5423 1529 5480 illo
1553 5423 1717 5498 perticeret;
1733 5422 1803 5495 quia
1819 5422 1895 5478 Deus
