3984 6034
156 261 206 318 lll
897 263 926 319 S.
949 261 1186 322 {illustrabis
1848 263 1898 319 tta

151 401 250 469 lorica,
273 405 302 456 at
327 399 422 472 prima
440 398 519 455 radix
539 398 570 456 iu
590 397 671 454 noris
694 398 803 470 nuptiis
827 398 939 468 Christi,
961 402 991 454 et
1007 401 1032 452 Α
1044 397 1123 453 mitis
1137 399 1230 466 Pater,
1245 397 1381 470 antiquus
1395 397 1440 453 uir
1458 402 1487 452 et
1501 397 1649 468 preliator
1663 398 1836 469 magnificus
1853 397 1899 455 di·

151 490 182 545 in
197 488 269 545 duaa
282 491 378 560 partes
390 485 509 556 divisus,
524 486 555 542 in
571 490 682 558 partam
698 486 807 543 scillcet
819 487 905 554 benc,
919 486 996 558 quod
1050 485 1089 541 cit
1101 485 1183 541 hnc.-
1200 486 1276 542 unde
1290 485 1357 540 audi
1374 501 1381 540 ν
1398 486 1437 541 lle
1451 500 1565 541 sommo
1578 486 1675 558 Judice
1700 486 1842 558 dirigetur
1862 486 1899 542 ad

152 577 248 633 anima
262 581 313 632 toa
326 575 430 630 iterate
448 579 491 629 est
515 573 546 628 in
567 573 688 646 mystico
710 573 781 630 ssore
803 573 994 646 virginitatis:
1051 578 1094 640 te,
1117 577 1149 628 nt
1172 589 1274 645 mares
1291 578 1319 628 et
1339 572 1444 644 impios
1465 578 1600 645 tyrannos
1620 572 1757 642 eradices,
1779 580 1808 629 et
1829 592 1844 628 a
1871 579 1899 630 te

152 670 181 720 et
202 665 233 720 in
264 668 376 735 partem
399 661 483 730 banc,
508 661 585 734 qnod
605 662 685 718 radix
709 679 740 717 es
763 661 906 731 Ecclesiae,
928 662 998 717 audi
1051 660 1158 731 ejicias,
1174 665 1300 715 nestent
1318 659 1349 715 in
1364 675 1468 730 magna
1488 660 1622 717 irrisione
1635 660 1666 730 in
1686 666 1736 716 tua
1751 662 1896 718 societate.

151 753 235 809 illum
251 751 302 825 qni
316 755 417 806 acutus
433 754 476 806 est
489 750 520 805 in
541 750 659 806 nomine
682 754 712 806 et
730 750 795 807 lluit
814 750 845 807 in
861 755 996 815 torrente,
1052 749 1116 803 listo
1126 754 1224 803 antam
1240 748 1401 803 misericor<
1415 748 1539 816 publicis
1559 753 1588 803 et
1602 748 1723 820 privatis
1747 750 1897 817 oernmnis,

152 840 206 897 tibi
219 839 383 897 dicentem:
399 838 521 895 Oculum
535 838 571 893 de
584 839 668 893 oculo
689 853 749 894 non
763 838 889 910 abjicias.
910 843 939 894 et
953 841 996 894 lu·
1051 836 1120 910 quia
1137 838 1211 892 Deus
1225 852 1283 892 non
1297 838 1408 908 spernit
1426 837 1599 905 vulneratos,
1616 853 1669 893 nec
1687 839 1799 910 spernit
1821 839 1900 894 dolo·

152 945 220 984 meu
233 927 268 984 de
282 925 393 984 lumine
407 942 467 981 uon
487 926 646 995 abscindas,
662 927 713 982 sed
736 932 779 982 sta
795 927 827 982 in
840 927 926 999 plana
941 927 998 996 ria,
1052 938 1098 978 res
1110 923 1297 979 trementium
1310 940 1350 979 se.
1368 924 1458 990 Unde,
1474 940 1492 978 o
1508 928 1606 996 pastor
1619 924 1728 991 ovium,
1753 925 1821 981 audi
1838 927 1899 982 bac

152 1033 189 1073 na
203 1017 239 1073 de
253 1014 346 1071 causis
360 1014 476 1070 illorum
491 1014 522 1069 in
537 1014 633 1070 anima
654 1015 886 1088 senserisque
906 1015 937 1071 iu
959 1013 997 1070 si·
1052 1028 1139 1084 super
1156 1013 1319 1069 laborantes
1332 1012 1363 1067 in
1383 1012 1554 1084 fatigatione
1578 1014 1747 1070 multorum.
1772 1016 1830 1070 Lux
1855 1015 1899 1070 di·

152 1121 224 1161 num
239 1109 321 1160 tuum
335 1103 437 1176 positas
451 1107 528 1172 sunt,
544 1118 597 1158 nec
621 1103 756 1175 permitte
777 1119 826 1159 eas
850 1103 881 1158 in
904 1103 998 1160 lecum
1052 1099 1111 1156 cit:
1127 1100 1242 1174 llystica
1266 1101 1316 1156 ilai
1338 1105 1406 1156 sunt
1424 1101 1533 1172 judicia
1552 1117 1640 1172 snper
1661 1118 1899 1174 unumquemque

152 1192 323 1266 perditionis
346 1191 471 1263 dimergi
500 1207 553 1263 per
583 1196 754 1264 potestatem
785 1191 999 1248 conviventium
1052 1189 1210 1244 secundum
1226 1188 1360 1244 meritum
1375 1189 1461 1245 illius.
1477 1189 1558 1245 llulti
1581 1195 1679 1245 tamen
1697 1190 1829 1246 homines
1850 1208 1899 1246 ro-

152 1282 348 1354 prrelatornm.
364 1282 484 1336 Gemma
494 1279 571 1352 jacet
586 1279 617 1336 in
631 1279 691 1350 ria;
708 1279 758 1336 ssd
773 1295 855 1335 ursus
870 1279 996 1346 veniens,
1053 1278 1116 1333 lunt
1140 1276 1246 1332 babere
1272 1277 1443 1332 scrutinium
1469 1292 1522 1347 per
1552 1277 1646 1334 zelum
1668 1294 1762 1345 suum,
1793 1283 1823 1335 ct
1848 1296 1901 1351 per

154 1374 182 1426 et
197 1369 277 1425 illam
298 1368 380 1425 valde
401 1369 563 1439 elegantem
579 1368 690 1437 videns,
705 1368 810 1440 pedem
827 1383 912 1424 soum
934 1384 1000 1441 por·
1053 1365 1247 1437 ignorantiam
1266 1380 1381 1420 morum
1402 1380 1541 1432 suorum,
1566 1366 1615 1422 sed
1634 1366 1776 1438 judicium
1798 1383 1896 1423 meum

153 1457 238 1530 rigit,
267 1471 390 1529 eamque
418 1456 512 1512 levare
539 1456 615 1524 vult,
640 1460 669 1512 et
697 1456 728 1512 in
757 1455 854 1512 sinum
876 1471 998 1527 ponere.
1053 1454 1193 1508 nesciunt.
1227 1453 1408 1526 Quapropter
1439 1452 1469 1509 in
1506 1454 1698 1510 estimatione
1732 1471 1784 1511 sua
1814 1472 1902 1528 supra

152 1546 206 1602 Sed
219 1543 314 1601 subito
329 1544 426 1616 aquila
440 1543 569 1612 veniens,
584 1543 678 1615 ipsam
696 1559 841 1616 gemmm
862 1543 949 1615 rapit,
971 1549 1000 1598 et
1053 1543 1172 1597 modum
1185 1540 1376 1610 mentiuntur,
1392 1546 1425 1596 ut
1442 1541 1505 1613 lupi
1522 1542 1651 1614 praedam
1666 1543 1817 1614 rapientes.
1832 1544 1901 1600 Ideo

153 1649 218 1690 eam
232 1633 263 1688 in
277 1635 393 1704 tegmen
407 1632 518 1687 alarum
541 1647 660 1688 suarum
680 1631 810 1698 involvit,
834 1635 863 1687 et
884 1632 916 1687 in
934 1648 1000 1688 can-
1055 1629 1186 1701 quamvis
1199 1629 1286 1685 homo
1312 1629 1418 1702 dignus
1432 1629 1470 1686 sit
1491 1635 1609 1702 propter
1630 1632 1739 1686 scelera
1756 1648 1809 1688 sua
1820 1632 1899 1704 tudi-

152 1709 239 1778 cellos
261 1719 361 1792 palatii
380 1719 456 1792 regis
479 1723 584 1792 portat.
613 1721 647 1776 lit
669 1719 769 1776 eadam
794 1735 910 1793 gemme
933 1725 1000 1776 aute
1019 1687 1125 1787 ¹³carri,
1145 1722 1243 1773 tamen
1262 1717 1334 1774 milri
1352 1734 1410 1773 non
1430 1718 1538 1791 placet,
1564 1719 1642 1791 quod
1665 1719 1754 1775 bomo
1776 1718 1904 1777 sibimel·

152 1808 254 1865 faciem
286 1807 363 1879 regis
392 1807 517 1864 multum
545 1807 690 1880 fulgorem
716 1809 775 1876 dat,
796 1809 910 1865 undae
933 1825 1001 1881 rege
1053 1805 1109 1878 ipsi
1127 1805 1621 1877 mltbaberejudiciumsecundum
1636 1806 1788 1863 arbitrium
1803 1824 1899 1864 saum.

152 1896 233 1953 valde
257 1896 405 1968 diligiturt
434 1899 464 1951 et
490 1911 540 1952 rex
562 1901 682 1969 propter
713 1913 842 1952 amorem
870 1897 1000 1970 ejusdem
1055 1897 1089 1952 Et
1109 1894 1165 1951 boc
1185 1894 1261 1950 nolo.
1287 1894 1341 1951 Sed
1364 1899 1395 1950 tn
1410 1911 1645 1967 unamquamque
1659 1897 1902 1954 causamdiscme

153 2000 287 2058 gemma,
301 1984 405 2058 aquile
426 1983 469 2040 illi
489 2000 576 2041 aurea
590 1985 783 2041 calceamenta
804 1986 863 2054 dat,
884 1992 915 2043 et
936 2001 1000 2042 eam
1054 1981 1213 2038 secundnm
1227 1985 1356 2039 materna
1379 1981 1486 2038 viscera
1510 1983 1715 2040 misericordie
1730 1983 1791 2051 llei,
1814 1985 1865 2058 qni
1884 2003 1902 2042 a

154 2075 191 2129 ob
205 2072 381 2146 probitatem
396 2088 478 2129 suam
493 2073 576 2129 valde
590 2073 698 2129 laudat.
716 2074 797 2129 lianc
809 2077 839 2129 to
856 2073 906 2145 qni
925 2091 955 2129 es
969 2073 1001 2128 in
1054 2087 1084 2126 se
1098 2086 1156 2126 non
1170 2077 1284 2142 separat
1306 2069 1473 2126 mendicum
1487 2075 1516 2126 et
1530 2087 1666 2143 egenum,
1682 2073 1821 2144 quoniam
1835 2073 1901 2145 plus

154 2163 213 2217 vice
230 2161 336 2218 Christi
354 2161 458 2218 sedens
481 2161 513 2218 iu
536 2177 604 2218 cura
627 2161 824 2218 ecclesiasticae
845 2163 1001 2226 cathedrae,
1053 2161 1115 2217 vult
1128 2159 1454 2233 misericordiamquam
1462 2159 1634 2215 sacdbcium
1646 2159 1727 2231 (Osee
1740 2175 1782 2227 rr;
1793 2160 1900 2215 Mater.

154 2249 303 2306 meliorem
326 2253 437 2322 partem
459 2248 514 2306 tibi
540 2249 626 2322 elige,
649 2254 683 2306 ut
712 2250 808 2323 aquila
827 2251 875 2320 sis,
900 2266 1001 2308 ursum
1055 2263 1093 2316 rx,
1109 2249 1170 2320 ru).
1188 2249 1270 2305 Nunc
1280 2248 1369 2320 igitur
1383 2248 1460 2319 nigri
1475 2249 1575 2304 volunt
1588 2247 1705 2303 abluere
1720 2247 1901 2319 nigredinem

153 2353 304 2410 superans,
319 2341 348 2394 et
362 2342 394 2394 nt
416 2337 447 2393 in
470 2337 622 2394 animabus
645 2337 699 2394 tibi
721 2337 882 2394 commissis
904 2340 1001 2396 cancel
1054 2351 1107 2408 par
1138 2335 1351 2408 turpitudinem
1383 2352 1476 2405 suam,
1502 2335 1554 2391 sed
1576 2335 1632 2407 ipsi
1654 2340 1722 2391 sunt
1744 2333 1850 2408 polluti
1873 2340 1903 2391 et

153 2427 198 2483 los
218 2425 349 2484 Ecclesiae
364 2441 459 2492 ornes,
473 2429 616 2498 quatenus
630 2425 661 2482 in
683 2426 779 2482 sareu
801 2425 1002 2483 calceamentis
1055 2424 1136 2481 surdi
1153 2424 1185 2479 in
1207 2425 1283 2480 lossa
1307 2425 1448 2496 jacentes.
1471 2423 1538 2479 illes
1560 2424 1651 2496 erige,
1674 2427 1703 2478 et
1723 2422 1827 2496 adjura
1849 2438 1904 2495 pu·

154 2514 186 2572 in
214 2514 365 2587 superiora
394 2513 522 2582 veniens,
546 2517 575 2570 te
608 2514 705 2586 ipsum
728 2513 823 2570 alieno
846 2514 1000 2586 subripias.
1054 2511 1143 2568 sillos.
1158 2513 1202 2568 l'u
1217 2512 1295 2568 eninr
1310 2511 1361 2584 qui
1385 2529 1416 2567 es
1439 2518 1537 2584 pastor
1558 2512 1752 2583 populorum,
1774 2510 1846 2567 audi
1867 2514 1901 2566 ut

156 2604 227 2659 llam
245 2601 456 2659 oculusrirens
471 2601 550 2660 videt
575 2605 604 2658 et
625 2601 704 2672 dicit,
720 2602 771 2672 qui
791 2602 877 2674 sapit,
898 2606 926 2659 et
946 2602 1003 2658 dis-
1056 2597 1134 2655 viras
1158 2598 1191 2655 in
1211 2604 1360 2656 arternum.
1386 2599 1444 2656 Lux
1473 2598 1571 2654 virens
1595 2599 1687 2655 dicit:
1722 2599 1772 2656 uic
1801 2599 1903 2654 audaci

154 2691 247 2748 cernit
272 2705 403 2764 quasque
433 2695 594 2760 creaturas,
618 2691 721 2764 quiet
748 2707 796 2748 eas
827 2707 928 2748 omnes
954 2708 1003 2748 ex·
1054 2687 1165 2759 populo
1188 2687 1238 2760 qui
1260 2685 1315 2742 sibi
1339 2692 1466 2741 terrores
1485 2686 1596 2742 invenit
1618 2687 1650 2743 in
1672 2686 1720 2742 ria
1740 2687 1899 2744 errantium

156 2779 284 2849 suscitat,
302 2784 331 2835 et
354 2779 476 2851 vigilat:
500 2779 593 2835 Valles
612 2780 756 2852 plangunt
778 2795 865 2852 super
879 2784 1001 2846 montes,
1055 2775 1190 2831 riarum:
1216 2775 1353 2831 Dominus
1374 2775 1494 2848 quidam
1514 2776 1617 2832 habuit
1631 2791 1822 2831 marmoream
1837 2775 1905 2832 ciri-

40 2891 43 2897 ’
155 2873 184 2924 et
200 2870 314 2924 montes
340 2867 445 2924 cadunt
469 2883 557 2941 super
573 2869 670 2924 valles.
694 2867 867 2934 Quomodo?
890 2867 1002 2925 Subditi
1056 2868 1159 2930 tatem3
1185 2868 1216 2918 et
1237 2867 1388 2918 venatores
1408 2863 1567 2931 venientes,
1589 2863 1733 2920 civitatem
1756 2864 1837 2919 illam
1862 2863 1905 2919 in·

155 2957 257 3013 nudati
286 2959 353 3012 eunt
382 2956 418 3012 de
442 2955 593 3028 discipline
616 2955 727 3012 timer-ie
751 2956 811 3026 nei,
837 2962 865 3013 et
890 2956 1002 3013 incitati
1021 2949 1365 3028 Capimebant‚volanms
1387 2951 1554 3024 dispergere
1576 2955 1652 3007 recta
1673 2950 1806 3007 instituta
1828 2951 1902 3023 ejus,

156 3050 224 3100 sunt
253 3042 343 3113 rabie,
371 3043 490 3100 vertices
517 3044 659 3101 montium
682 3046 845 3115 ascendere,
868 3046 1003 3119 praelatos
1057 3053 1123 3110 (111oe
1136 3037 1166 3093 in
1190 3039 1261 3095 llere
1276 3038 1327 3095 illo
1341 3044 1548 3112 apparuerunt,
1570 3056 1658 3112 quem
1677 3038 1807 3112 virginea
1822 3056 1903 3096 mens

156 3133 306 3189 inaurare:
329 3136 358 3188 et
380 3131 508 3204 ipserum
534 3132 681 3190 temeritas
704 3149 763 3190 nen
783 3138 897 3190 eeetteet
916 3150 1004 3206 preve
1057 3125 1176 3182 invenit.
1199 3128 1233 3183 Et
1255 3142 1320 3182 acce
1342 3143 1425 3183 mons
1454 3144 1578 3200 magnus
1605 3134 1635 3184 et
1661 3128 1799 3197 excelsus,
1821 3128 1904 3184 valde

157 3235 246 3294 opera
259 3235 321 3276 tua·
337 3219 393 3276 Sed
416 3220 533 3277 fficuut:
561 3220 642 3277 Utilis
665 3237 730 3277 sum
746 3225 780 3277 ut
797 3221 851 3278 sim
865 3223 1004 3293 prelatus
1057 3215 1173 3286 elegans
1194 3220 1223 3271 et
1246 3214 1378 3288 expolitis
1400 3216 1544 3288 lapidibus
1565 3216 1666 3285 lactus,
1688 3221 1789 3273 contm
1810 3216 1905 3272 orien-

156 3307 291 3364 utilitate.
308 3308 342 3364 lit
361 3307 460 3364 omnia
478 3309 664 3381 praelatorum
690 3325 778 3382 opera
800 3310 909 3366 babent
926 3309 1002 3366 indi·
1057 3307 1116 3358 lem
1140 3303 1284 3374 apparuit,
1306 3319 1394 3376 supra
1413 3319 1500 3376 quem
1523 3304 1669 3378 quoddam
1692 3304 1847 3361 aedilicium
1865 3306 1905 3362 ad

157 3412 225 3467 gna,
241 3395 311 3468 quia
333 3411 379 3452 eos
404 3396 459 3452 sibi
482 3397 698 3454 excellentiores
714 3414 775 3454 ease
798 3397 1003 3471 dedignentur,
1059 3392 1201 3447 orientem
1225 3392 1327 3461 stabat,
1351 3393 1387 3448 de
1410 3392 1497 3466 lignis
1517 3398 1546 3448 et
1570 3393 1714 3465 lapidibus
1740 3394 1904 3450 communis

158 3483 299 3550 Quoniam
315 3483 421 3540 subditi
431 3485 493 3556 jaro
508 3489 576 3542 sont
590 3485 681 3541 nubes
696 3485 795 3558 nigrae,
815 3490 844 3542 et
864 3485 895 3542 in
908 3485 1004 3542 femo-
1058 3478 1257 3535 aedificationis
1288 3480 1405 3536 lactum·
1428 3482 1508 3537 Tunc
1531 3487 1671 3538 venerunt
1694 3482 1778 3537 multi
1798 3482 1903 3552 rivuli,

158 3572 239 3629 ribus
253 3571 313 3628 suis
334 3588 393 3628 non
412 3578 480 3628 suut
494 3573 623 3643 accincti,
648 3574 699 3630 sed
721 3573 890 3647 dispergunt
907 3576 1006 3630 omnia
1059 3568 1141 3640 quasi
1156 3568 1191 3624 de
1206 3568 1303 3624 modio
1318 3569 1449 3636 orientis,
1464 3569 1494 3625 iu
1509 3569 1586 3625 idem
1600 3569 1753 3626 aedilicium
1768 3571 1904 3639 lluentest

159 3660 374 3734 institutaagri,
388 3660 516 3718 dicentes
530 3660 608 3734 qued
627 3662 690 3718 heae
710 3661 777 3718 vilia
800 3663 868 3721 sint.
894 3665 927 3720 [tt
950 3667 1006 3719 nee
1059 3655 1109 3712 sed
1121 3662 1151 3711 et
1164 3656 1194 3714 in
1209 3657 1311 3713 eodem
1336 3657 1458 3713 [edificio
1479 3657 1653 3713 fortissimus
1676 3658 1830 3714 odorboni
1845 3658 1907 3714 vini
1972 3730 1973 3743 χ

159 3749 280 3821 faciunt,
303 3749 373 3823 quia
395 3748 530 3806 venenosi
552 3755 620 3806 sunt
643 3765 696 3824 per
720 3749 868 3807 insidiam.
893 3753 1007 3825 Pauper
1059 3744 1192 3812 erat,sed
1208 3749 1304 3800 tamen
1318 3761 1384 3801 cam
1399 3761 1475 3818 aqna
1495 3745 1585 3802 misti.
1602 3747 1635 3802 lit
1657 3747 1765 3802 multus
1779 3747 1906 3819 populus
1972 3748 1973 3761 ²

159 3839 247 3894 homo
269 3853 403 3911 magnam
426 3836 579 3894 stultitiam
596 3837 684 3894 babet
703 3839 819 3910 quande
837 3839 1007 3897 vestimenta
1058 3832 1180 3889 iridem
1195 3833 1351 3890 aedilicium
1366 3834 1484 3903 corruit,
1499 3834 1531 3888 in
1550 3851 1584 3890 eo
1598 3850 1685 3890 curro
1706 3851 1826 3907 corpore
1848 3851 1907 3892 am·

158 3942 212 3983 aua
229 3925 315 3982 scissa
329 3931 405 3990 sunt,
420 3940 535 3998 semper
554 3925 586 3982 in
606 3927 695 3982 elium
710 3928 861 3999 aspiciens.
878 3927 1007 3985 consida-
1060 3921 1172 3977 bulens-
1197 3920 1252 3977 Sed
1272 3921 1324 3977 alii
1347 3921 1379 3976 iu
1400 3922 1526 3994 quadam
1548 3924 1622 3978 ralla
1648 3939 1746 3980 coram
1767 3923 1906 3995 predicto

160 4029 229 4070 rans
249 4030 336 4088 quem
351 4015 476 4070 colorem
492 4014 695 4071 vestimentum
716 4015 794 4071 illius
815 4015 928 4080 habeat,
953 4031 1007 4071 uec
1060 4015 1159 4066 monta
1180 4010 1304 4077 stabant,
1329 4020 1358 4065 ct
1379 4009 1445 4065 illos
1465 4011 1654 4067 attendebant
1676 4013 1726 4083 qui
1751 4012 1780 4068 in
1805 4013 1906 4068 eodem

161 4118 246 4158 suum
260 4119 278 4158 a
292 4101 375 4157 sorde
395 4101 494 4159 abluit.
514 4102 623 4158 llontes
646 4107 742 4160 autom
766 4103 932 4160 transiliunt
952 4105 1006 4160 cla·
1060 4097 1181 4154 oedilloio
1190 4097 1269 4152 curvi
1284 4097 1375 4153 ibant·
1395 4099 1427 4154 El
1440 4115 1505 4153 ecce
1517 4115 1606 4171 supra
1626 4100 1760 4156 eumdem
1775 4106 1906 4157 montem

161 4207 226 4248 vem
244 4189 445 4256 creterram,
460 4196 601 4247 eteorum
615 4190 793 4248 itiner-enon
817 4196 885 4248 eunt
905 4198 1007 4265 perata
1060 4185 1148 4241 etiam
1172 4186 1249 4242 aliud
1271 4202 1466 4242 marmoreum
1485 4187 1639 4243 aedilicium
1660 4188 1859 4245 candidissimi
1877 4195 1906 4244 et

160 4276 258 4333 solare
281 4276 317 4332 ad
341 4280 468 4331 montem
491 4277 617 4349 myrrha
647 4278 738 4344 (Cant.
769 4278 816 4350 rv).
844 4279 911 4334 ldeo
929 4279 1008 4335 obte-
1025 4265 1166 4348 Dintegri
1186 4275 1299 4347 lapidis,
1319 4276 1402 4348 quasi
1434 4292 1539 4349 magna
1560 4276 1649 4332 turris
1675 4283 1776 4332 contra
1797 4278 1907 4350 aquilo-

163 4365 288 4422 uabratae
302 4370 370 4421 sunt
387 4364 478 4421 stellae
492 4363 604 4422 diversa
624 4367 710 4422 nube.
727 4367 808 4422 Luna
826 4372 892 4429 stat.
917 4368 1007 4423 stellae
1060 4378 1128 4420 nem
1150 4364 1255 4430 stabat,
1277 4364 1308 4420 in
1331 4364 1509 4421 lucidissima
1530 4366 1670 4438 ampulla,
1695 4366 1780 4438 plana
1801 4366 1906 4437 optimi

161 4454 287 4510 clamant
317 4451 395 4525 quod
429 4449 498 4508 luna
525 4453 609 4510 cadit.
640 4454 688 4510 Sol
712 4454 775 4510 illas
796 4454 912 4526 premit,
938 4455 1009 4527 quia
1061 4452 1191 4516 balsami,
1222 4453 1300 4508 velut
1317 4453 1393 4525 ignis
1413 4455 1518 4509 ardens
1540 4454 1698 4526 pendebat,
1720 4460 1750 4509 et
1771 4454 1803 4510 in
1824 4455 1906 4527 quus

162 4540 243 4596 nulla
276 4555 376 4596 aarum
408 4539 546 4610 clarescit,
568 4541 617 4597 sed
645 4541 676 4596 in
706 4541 824 4598 turbina
853 4542 1008 4614 implicatae
1061 4540 1225 4612 pavimento
1248 4540 1372 4596 multum
1405 4541 1502 4597 oleum
1540 4540 1698 4598 diffluebat.
1726 4541 1781 4598 Sed
1806 4545 1908 4598 umen

162 4631 237 4685 sunt.
1062 4632 1163 4683 ventus
1186 4627 1221 4684 do
1254 4628 1388 4700 aquilons
1411 4629 1559 4685 interdum
1586 4629 1722 4699 veniens,
1745 4629 1906 4685 balsamum

199 4715 289 4784 Unde,
310 4730 328 4771 o
348 4719 446 4787 pastor
467 4732 583 4789 magne,
607 4723 636 4773 el
657 4720 722 4789 post
745 4717 890 4776 Christum
913 4717 1007 4774 nomi·
1063 4720 1090 4771 et
1102 4716 1197 4772 oleum
1214 4716 1285 4772 illud
1299 4716 1465 4774 commorit.
1486 4719 1566 4774 Tunc
1588 4716 1671 4774 multi
1694 4734 1728 4773 ex
1746 4719 1856 4790 populo
1878 4719 1909 4774 in

162 4808 240 4874 nate,
263 4804 361 4877 praebe
386 4803 486 4860 lumen
507 4805 665 4876 montibus,
685 4809 715 4862 et
741 4807 852 4878 virgam
873 4807 1006 4863 vallibus.
1062 4804 1138 4860 idem
1149 4804 1304 4861 editicium
1320 4812 1471 4876 venerunt,
1483 4807 1574 4879 quiet
1590 4807 1654 4863 olco
1668 4807 1718 4863 illo
1732 4807 1909 4880 spargeban-

112 4951 115 4959 Δ
164 4895 204 4950 lla
228 4897 369 4966 praecepta
402 4892 547 4966 magistris
578 4899 608 4948 et
635 4893 817 4966 disciplinam
844 4895 966 4952 subditis
999 4912 1006 4950 :
1062 4897 1119 4961 tur,
1143 4898 1172 4949 et
1193 4893 1321 4949 balsamo
1342 4894 1392 4949 illo
1414 4895 1445 4950 in
1465 4895 1609 4951 dontibus
1625 4896 1685 4951 suis
1704 4894 1908 4968 signabantur.

163 4981 309 5039 montibus
331 4981 472 5052 justitiam
504 4997 570 5038 cum
601 4982 666 5038 oleo
693 4982 810 5054 sparsis,
834 4987 862 5040 et
887 4983 1009 5039 vallibus
1064 4982 1184 5039 Etlaeta
1197 4982 1356 5038 astroxde
1376 4983 1459 5051 caelo,
1485 4983 1606 5039 dicans:
1631 4982 1683 5039 Isti
1704 4987 1772 5039 sunt
1791 4983 1909 5054 signati,

161 5071 317 5142 ligaturam
334 5069 515 5138 obedientie,
532 5070 617 5126 misto
630 5070 707 5126 bono
722 5071 820 5138 odore,
835 5076 864 5128 et
886 5071 1007 5128 facillis
1064 5073 1097 5128 Et
1111 5071 1162 5144 qrri
1175 5071 1230 5127 boc
1242 5071 1329 5127 modo
1345 5071 1452 5142 signati
1466 5075 1545 5142 sunt,
1569 5072 1686 5144 signum
1706 5072 1760 5129 boc
1782 5089 1840 5128 non
1860 5089 1911 5145 po

161 5161 240 5215 recta
253 5158 367 5226 itinera,
388 5163 420 5214 ut
441 5174 500 5214 non
524 5164 683 5231 appareant
704 5159 775 5215 siles
796 5159 855 5216 Soli
875 5159 1006 5232 iustitiae.
1063 5164 1181 5216 tuerent
1198 5158 1328 5227 abluere,
1350 5159 1401 5214 sed
1420 5159 1461 5215 ita
1483 5159 1589 5232 signati
1611 5166 1844 5234 permanserunt,
1859 5162 1911 5216 sic·
1947 5175 1953 5186 ·

163 5249 254 5305 Puros
269 5247 360 5303 lecut
375 5245 483 5320 ubique
498 5247 595 5303 oculos
618 5247 734 5303 babeas.
759 5248 839 5304 llam
863 5252 913 5303 tua
934 5263 1009 5321 puro
1063 5254 1096 5305 ut
1122 5253 1151 5304 et
1179 5247 1222 5303 illi
1243 5248 1294 5320 qni
1316 5248 1347 5303 in
1375 5248 1487 5305 Christo
1517 5250 1612 5305 renati
1634 5253 1710 5316 sunt,
1734 5247 1910 5321 baptismum

159 5334 242 5392 lente
255 5334 377 5407 rigetur,
392 5338 425 5391 ut
438 5350 505 5390 cum
518 5335 577 5392 sols
593 5335 751 5408 splendeas,
768 5335 927 5409 ettdgnum
943 5336 1009 5392 imi·
1063 5352 1147 5392 suum
1167 5351 1335 5392 conservare
1349 5335 1465 5393 debent.
1489 5337 1544 5404 Qui
1567 5341 1663 5393 autem
1687 5336 1793 5408 signati
1814 5342 1908 5406 erant,

160 5423 240 5480 teris.
263 5422 442 5495 Paupercula
463 5423 556 5480 lorma
578 5423 675 5480 tremit
695 5423 772 5497 quod
803 5424 834 5481 in
858 5439 929 5480 sono
948 5441 1010 5480 rer
1063 5425 1099 5481 ad
1110 5424 1249 5498 ⁴illoslqui
1261 5424 1367 5498 signati
1381 5441 1441 5480 nou
1455 5427 1583 5504 luerunt,
1594 5441 1652 5480 non
1662 5425 1833 5492 transibant,
1855 5443 1910 5484 nec

160 5513 264 5569 borum
279 5511 407 5584 loquitur
421 5511 454 5567 ad
466 5515 525 5567 tam
540 5527 679 5586 magnum
703 5513 883 5586 magistrum.
907 5513 1007 5580 Sad,o
1064 5513 1228 5569 societatem
1244 5529 1345 5570 sorum
1373 5512 1578 5586 suscipiebant,
1601 5512 1680 5585 quia,
1704 5511 1729 5567 si
1751 5512 1805 5572 boc
1822 5511 1908 5570 iecis-
