3984 6034
127 187 182 242 nst
854 189 884 244 S.
905 189 1140 248 flttueusttnts
1821 197 1874 252 aaa

130 316 217 372 etiam
237 315 352 372 Domini
377 316 448 373 uun
476 321 596 389 proptor
627 317 796 374 allusionem
824 319 974 392 sanguinis
992 322 1118 378 eivenit.
1135 324 1214 378 Tunc
1240 325 1315 380 Dans
1329 325 1365 380 ab
1381 342 1467 397 opero
1491 325 1541 381 illo
1572 326 1700 391 cessavit,
1734 326 1811 399 quod
1836 325 1876 381 sic

129 404 226 460 fratris
242 403 298 472 sui,
328 420 416 477 quem
439 403 551 470 occidit,
582 407 719 478 expulsus
748 411 791 463 ost
820 407 904 479 (Gen.
925 408 974 480 ιι),
1030 411 1184 467 carnaliter
1197 418 1333 484 patrarat.
1352 415 1384 471 Et
1403 415 1471 470 huic
1496 414 1567 470 Filio
1594 429 1646 469 suo
1662 415 1759 470 omnia
1774 430 1874 469 carna-

130 493 251 549 Plurimi
265 493 352 549 etiam
367 493 467 567 populi
497 511 531 550 ex
559 494 627 551 tiliis
656 496 746 552 Adam
774 503 975 566 surrexerunt,
1030 501 1068 555 lia
1088 502 1122 558 ad
1147 503 1285 574 spiritalia
1303 520 1436 561 revocare
1452 505 1541 569 dedit,
1569 505 1637 578 qaia
1653 505 1701 560 ille
1727 520 1793 560 caro
1808 520 1873 560 san-

129 580 180 653 qui
205 581 379 638 oblivionem
405 583 454 637 Dei
475 583 628 648 habebant,
646 584 685 639 ita
711 601 768 657 quo
786 600 816 641 se
845 586 977 642 homiues
1030 590 1136 645 utitatis
1154 596 1208 659 est,
1231 609 1296 664 quse
1320 609 1371 665 per
1391 594 1515 649 alienam
1532 600 1664 648 naturam
1680 594 1826 666 processit,
1848 599 1877 650 et

129 694 191 733 esse
204 679 276 734 scire
290 680 437 747 nolebant,
459 681 536 736 undo
550 682 675 753 turpiter
701 683 848 753 peccando
876 700 977 740 secun·
1030 694 1116 749 uttam
1141 680 1294 737 consilium
1316 683 1456 754 serpentis
1480 698 1626 755 nunquam
1652 683 1777 738 violavit.
1795 681 1876 738 Unde

128 771 198 826 dum
227 787 321 826 mores
342 788 477 844 pecorum
501 773 644 840 vivebant,
674 775 799 846 exceptis
821 775 889 830 tiliis
913 775 975 844 Dei,
1030 766 1105 822 idem
1137 769 1224 824 Filius
1249 769 1297 824 Dei
1321 775 1447 826 veterem
1477 771 1570 842 lesem
1597 771 1711 842 rigavit,
1750 786 1814 826 0⁰³¹
1844 771 1875 825 in

128 858 178 930 qui
193 859 229 915 ab
242 859 349 915 eisdem
376 859 542 917 hominibus
556 865 585 916 et
608 861 868 917 amoribuscorum
889 879 919 918 se
932 878 976 919 so-
1030 856 1172 928 buptismo
1202 875 1254 931 par
1281 859 1367 916 tidem
1392 866 1420 914 et
1446 859 1651 928 obedientiam,
1674 865 1704 914 et
1725 875 1778 931 per
1791 860 1875 915 absti-

128 948 329 1019 parabant,dc
347 948 452 1020 quibos
474 950 531 1003 Noe
547 954 697 1004 natusest.
726 950 898 1006 Tunczelna
922 953 975 1008 Dn-
1029 946 1158 1002 nautium
1184 948 1342 1004 carnalium
1366 948 1588 1018 desideriorum,
1611 949 1687 1003 viam
1719 948 1875 1003 sanctitatis

129 1035 201 1091 mini
216 1038 341 1092 elcratus
365 1042 416 1104 cst,
439 1043 467 1092 ει
481 1036 615 1109 Spiritus
635 1038 751 1094 Domini
777 1056 977 1113 supmoquns
1029 1035 1254 1091 demonstravit:
1272 1041 1299 1090 ει
1326 1053 1390 1092 cum
1419 1038 1618 1107 poeriitentinru
1646 1036 1876 1092 hominibusde-

120 1125 274 1190 serebatur
301 1125 381 1192 (cen.
409 1125 440 1196 ι),
471 1131 501 1180 ct
525 1126 616 1181 nubes
639 1126 732 1196 scidit,
758 1143 848 1198 aquas
873 1127 903 1182 in
931 1128 975 1182 di·
1030 1123 1083 1190 dit,
1108 1130 1139 1179 ει
1163 1140 1227 1180 cum
1253 1125 1351 1181 omnia
1378 1127 1438 1181 haec
1467 1127 1497 1182 in
1527 1125 1641 1181 mortali
1666 1141 1786 1197 corpora
1807 1141 1875 1180 otim

128 1213 204 1268 luvio
231 1215 340 1280 eduxit,
363 1219 394 1269 ει
418 1213 459 1268 sic
485 1219 562 1269 terra
575 1215 611 1270 de
638 1215 834 1272 criminalibus
852 1215 977 1288 peccatis
1030 1219 1122 1268 morte
1145 1229 1196 1268 soa
1223 1213 1414 1282 confirmarit,
1442 1219 1470 1268 et
1498 1230 1563 1270 cum
1595 1215 1734 1270 miracula
1750 1214 1875 1284 etsigna

127 1303 268 1358 mundata
292 1308 346 1371 cst,
375 1303 463 1357 etde
488 1303 716 1373 sanguinehbel
743 1320 829 1375 quem
852 1304 973 1359 biberat.
1029 1301 1178 1373 discipulis
1218 1302 1276 1356 suis
1305 1302 1393 1370 dedit,
1433 1303 1507 1359 sicut
1542 1305 1627 1359 Pater
1664 1303 1718 1375 ipsi
1745 1303 1873 1368 dederat,

129 1390 203 1444 Daue
227 1390 304 1444 enim
331 1391 386 1445 ista
403 1389 478 1446 tecit.
506 1393 540 1445 lit
567 1392 608 1446 sio
621 1393 727 1447 collum
743 1392 909 1463 cupiditatis
924 1408 976 1447 ao·
1030 1391 1146 1462 quando
1162 1392 1236 1446 Deus
1251 1393 1336 1447 homo
1351 1393 1494 1463 apparuit,
1509 1409 1574 1447 oum
1590 1392 1699 1448 tonitru
1718 1391 1875 1447 divinitatis
1984 1399 1985 1438 l

127 1477 201 1550 tiqui
228 1479 370 1549 serpentis
393 1480 529 1534 extritum
549 1485 601 1535 cst.
630 1481 709 1536 'lunc
736 1486 812 1536 terra
843 1498 907 1553 quus
944 1482 976 1537 in
1029 1479 1060 1534 in
1086 1479 1241 1550 discipulos
1265 1496 1332 1534 suos
1357 1497 1462 1534 nurum
1492 1481 1589 1551 ignem
1617 1481 1695 1535 misit
1720 1480 1769 1553 qui
1792 1483 1876 1534 antea

129 1566 270 1638 sanguine
298 1567 369 1623 Abel
392 1567 473 1639 prius
488 1568 593 1624 violata
618 1568 721 1637 iuerat,
737 1584 843 1624 novum
859 1585 975 1626 succum
995 1579 1181 1659 Bnunquam
1206 1571 1387 1636 apparuerat,
1403 1569 1432 1620 et
1451 1565 1582 1636 discipuli
1610 1567 1690 1620 novis
1704 1563 1796 1637 igneis
1823 1563 1877 1617 lin·

127 1655 186 1711 vini
210 1656 341 1726 protulit,
377 1661 405 1710 et
435 1657 576 1728 sapientia
601 1658 706 1712 iterum
731 1657 847 1730 operari
875 1659 972 1729 coepit.

125 1744 181 1801 Sed
206 1743 337 1801 diabolus
364 1761 430 1800 cum
446 1745 580 1801 irrisione
595 1747 688 1800 melus
703 1747 733 1800 in
760 1745 821 1801 tilio
836 1745 895 1800 Noe
911 1761 975 1816 per-

1030 1653 1226 1725 guisatnova
1252 1654 1370 1709 scientia
1398 1653 1483 1709 inlusi
1501 1659 1567 1710 sunt
1587 1655 1663 1726 (Act.
1693 1655 1732 1722 ιι),
1751 1669 1875 1724 quaese-
1984 1673 1985 1688 ι

1029 1742 1153 1796 candum
1176 1743 1318 1798 colestem
1347 1743 1529 1798 harmoniam
1557 1743 1689 1799 homines
1717 1743 1876 1796 vireredo-
1984 1735 1985 1780 ἲ

125 1833 265 1904 patravit:
290 1836 367 1890 uude
395 1839 424 1888 ει
448 1834 526 1888 ιειιιε
555 1834 670 1889 Domini
690 1838 854 1905 peccantem
869 1834 899 1889 in
914 1849 974 1889 sor·

126 1921 247 1977 vitutem
270 1922 359 1990 dedit,
393 1939 426 1977 ac
442 1922 671 1978 benedictionem
687 1922 713 1978 ei
734 1922 884 1990 subtraxit,
900 1927 930 1976 et
943 1923 974 1978 in

127 2008 359 2064 maledictionem
385 2008 529 2064 servitutis
559 2014 710 2080 peccantes
728 2008 857 2064 tradidit.
887 2009 920 2062 Et
933 2009 974 2063 ita

125 2096 266 2168 sapientia
296 2111 370 2151 nova
396 2096 426 2151 in
450 2097 522 2152 coelo
551 2102 580 2151 et
607 2097 638 2152 in
666 2102 742 2152 terra
768 2101 888 2168 oparata
920 2102 971 2153 est.

127 2184 234 2240 Deinde
267 2185 296 2240 S.
334 2185 456 2240 Trinitas
494 2185 525 2240 in
558 2185 703 2241 Abraham
731 2201 871 2256 magnum
900 2201 974 2255 opus

124 2274 262 2342 ostendit,
286 2275 487 2345 praesignando
511 2280 541 2329 et
564 2275 744 2330 ostendendo
766 2274 973 2342 obedientiam,

125 2361 173 2417 ubi
204 2362 252 2418 ille
281 2363 404 2434 patriam
430 2362 556 2435 reliquit,
573 2369 603 2418 et
625 2363 675 2418 uhi
693 2378 723 2418 se
739 2362 929 2430 circumcidit,
945 2366 974 2417 et

124 2451 154 2507 in
184 2451 350 2507 obedientia
371 2452 436 2507 illos
454 2451 650 2525 presignavit,
670 2453 705 2508 de
734 2452 840 2524 quibus
864 2450 972 2507 dictum

122 2543 182 2593 cst:
206 2538 260 2606 Qui
283 2531 351 2594 sunt
378 2537 419 2607 bi,
435 2537 485 2610 qui
506 2541 539 2594 ut
553 2539 640 2596 nubes
653 2539 772 2596 nolunt?
789 2540 860 2609 (Iro.
881 2539 925 2610 nx)
944 2543 974 2594 ει

124 2625 155 2682 in
187 2626 404 2683 circumcisione
431 2629 535 2684 vulnus
563 2627 740 2683 contusionis
772 2628 885 2700 antiqui
915 2643 974 2683 scr·

18 2737 26 2743 ·
124 2714 219 2788 ρειιιιε
246 2718 365 2788 accepit.
393 2717 447 2773 Sed
471 2718 577 2773 mulier
602 2733 655 2788 ρει·
678 2716 852 2773 cachinnum
876 2715 972 2772 stulti·

123 2801 193 2857 tiam
207 2802 310 2875 primas
326 2802 456 2860 mulieris
477 2809 575 2858 secuta
603 2808 656 2871 ast,
680 2803 710 2859 in
734 2803 908 2859 fecunditate
923 2819 972 2858 au-

1028 1831 1097 1886 cuit.
1113 1831 1191 1886 Tunc
1203 1830 1299 1887 oriens
1325 1831 1429 1887 virtius
1455 1848 1507 1886 sua
1531 1831 1761 1904 resplenduisse
1778 1838 1876 1885 auster
1984 1867 1985 1872 κ

1028 1922 1060 1976 in
1073 1922 1166 1976 calore
1181 1936 1232 1975 sno
1252 1919 1332 1987 arsit,
1356 1936 1408 1976 nec
1431 1921 1701 1988 occidansnoaiatis
1724 1924 1795 1987 erat,
1823 1935 1875 1973 nec

1029 2009 1186 2080 septentrio
1223 2025 1289 2064 cum
1319 2010 1452 2081 aquilone
1485 2010 1687 2075 bacchabatur,
1712 2007 1783 2080 quia
1810 2024 1874 2079 pas·

1029 2098 1138 2154 sionem
1154 2097 1259 2154 Christi
1283 2099 1435 2171 temperati
1455 2098 1584 2165 inerunt,
1605 2114 1697 2169 usque
1716 2097 1750 2152 ad
1777 2100 1874 2168 tyran·

1029 2202 1099 2241 nom
1116 2187 1315 2259 quemdam,a
1342 2188 1424 2259 cnjus
1448 2191 1577 2258 temporo
1603 2203 1689 2242 omne
1713 2188 1821 2241 malum
1846 2189 1876 2238 et

1029 2273 1169 2346 injustitia
1182 2292 1215 2330 ac
1229 2275 1425 2347 pravaricatio
1440 2282 1538 2330 exorta
1549 2280 1600 2330 est.

1063 2363 1115 2419 Sed
1142 2368 1171 2419 et
1199 2365 1260 2418 hac
1276 2379 1342 2419 cum
1369 2363 1445 2419 lame
1470 2368 1498 2418 et
1524 2363 1686 2435 pestilentia
1711 2361 1875 2417 exanimata

1028 2456 1105 2519 sont,
1122 2457 1150 2507 et
1163 2468 1227 2508 crim
1241 2452 1324 2508 bellis
1338 2457 1367 2508 et
1381 2453 1488 2524 preliis
1507 2454 1654 2507 incurvata
1675 2455 1750 2514 sunt,
1766 2455 1794 2506 et
1808 2466 1874 2505 oum

1028 2541 1120 2612 pmnis
1146 2541 1323 2611 poenitentia
1349 2547 1472 2613 purgata
1491 2546 1568 2596 silut.
1597 2541 1677 2594 Nunc
1705 2544 1800 2594 autam
1828 2539 1872 2594 lex

1027 2628 1057 2683 in
1073 2628 1203 2700 spiritali.
1215 2628 1321 2700 populo
1337 2630 1467 2699 neglecta
1494 2635 1546 2697 est,
1570 2627 1620 2699 qui
1635 2629 1710 2683 bona
1739 2628 1832 2683 iacere
1846 2630 1874 2679 at
1984 2635 1985 2658 ι

1029 2717 1129 2772 dooere
1143 2716 1312 2773 coutemnit.
1335 2717 1459 2788 Magistri
1490 2732 1605 2788 quoque
1628 2721 1656 2770 ct
1671 2713 1791 2786 praelati,
1808 2712 1874 2767 reli·

1028 2812 1073 2860 cta
1096 2806 1207 2876 justitia
1232 2805 1388 2861 dormiunt.
1418 2804 1496 2860 llude
1522 2819 1621 2860 vocem
1645 2802 1777 2858 berredo
1801 2802 1871 2857 coelo

123 2893 183 2946 tem
196 2891 269 2962 ejus,
290 2892 368 2947 tilios
391 2891 441 2947 Dei
466 2893 669 2964 praefiguratus
693 2898 745 2947 ast.
762 2893 833 2948 Nam
854 2892 884 2947 in
900 2892 972 2947 obo-
992 2886 1013 2941 C
1028 2894 1169 2950 dicentem
1185 2893 1299 2950 audiui:
1316 2893 1414 2950 Olilia
1441 2893 1518 2959 Sion,
1533 2909 1638 2948 corona
1666 2892 1701 2947 de
1716 2892 1808 2962 capite
1823 2899 1871 2945 tuo

123 2980 233 3039 dientia
257 2981 378 3037 Abrahae
398 2983 474 3036 Dens
500 2981 765 3053 prevaricationem
790 2981 859 3036 Adae
882 2986 974 3037 muta·
1028 2983 1222 3047 inclinabitur,
1239 2987 1267 3039 et
1292 2983 1412 3054 pallium
1429 2982 1606 3038 dilatationis
1621 2981 1786 3037 divitiarum
1813 2986 1874 3034 tna-

123 3069 217 3139 vit,et
240 3069 271 3125 in
299 3069 517 3125 circumcisione
547 3069 637 3141 ipsius
661 3068 747 3123 morti
768 3069 876 3136 intulit,
898 3074 928 3124 et
941 3069 973 3124 in
1028 3087 1091 3127 rum
1113 3071 1165 3127 tibi
1179 3071 1378 3137 imminuetur,
1401 3076 1430 3125 et
1443 3071 1474 3125 in
1496 3086 1614 3142 parvum
1634 3083 1787 3124 numerum
1802 3084 1873 3123 con·
1984 3109 1985 3112 ,

123 3157 297 3213 fecunditate
332 3157 436 3213 sterilis
473 3156 589 3213 iamiam
631 3156 772 3228 praevidit,
802 3158 880 3230 quod
916 3160 973 3214 alia
1027 3160 1195 3232 stringetur,
1225 3165 1254 3215 ει
1275 3161 1309 3216 de
1334 3159 1451 3229 regione
1476 3160 1506 3214 in
1535 3159 1683 3230 regionem
1709 3157 1871 3228 expelleris.

123 3246 242 3314 lumina,
259 3247 348 3302 alium
375 3247 468 3302 tilium
487 3247 714 3319 parituraessot,
730 3245 867 3319 qnoniam
884 3246 972 3303 Filius
1027 3252 1081 3306 Per
1113 3254 1242 3322 potentes
1263 3249 1341 3304 enim
1369 3247 1501 3304 homines
1526 3248 1661 3318 plurimae
1689 3245 1819 3301 civitates
1846 3250 1874 3300 at

123 3334 176 3390 Dei
191 3350 309 3390 omnem
326 3335 629 3408 praesigoiticationem
655 3336 739 3390 istam
762 3335 792 3390 in
823 3335 972 3390 nativitate
1026 3338 1150 3394 claustro
1178 3336 1343 3410 dissipanda
1367 3342 1442 3393 sunt.
1471 3337 1504 3393 Et
1529 3336 1673 3408 principes
1693 3335 1803 3390 dicent:
1819 3335 1873 3388 Ab·

124 3439 175 3478 sna
190 3424 353 3496 complevit.
386 3425 494 3496 lloyses
522 3428 617 3480 autem
633 3423 780 3497 legilerin
794 3425 971 3496 adiutorium
1026 3428 1189 3484 strabamus
1204 3427 1239 3483 ab
1254 3425 1295 3482 eis
1322 3427 1595 3499 iniquitatemque·
1623 3430 1715 3480 totum
1732 3423 1872 3478 mnndum

123 3511 351 3569 circumcisionis
377 3514 465 3579 venit,
492 3518 521 3568 et
539 3515 633 3585 tegam
655 3513 744 3581 dedit,
759 3514 835 3586 quod
852 3513 972 3569 etiams
1025 3517 1055 3572 in
1071 3516 1140 3589 ipsis
1155 3515 1302 3571 snbvertit.
1323 3517 1356 3570 lit
1370 3514 1428 3569 ridi
1451 3519 1480 3569 et
1504 3513 1608 3578 audivi,
1632 3513 1708 3585 quod
1725 3513 1785 3566 heac
1801 3512 1873 3579 peri·

126 3601 183 3656 Deo
206 3607 405 3674 perpetratum
433 3607 485 3658 est.
510 3603 564 3659 Sed
593 3603 721 3674 populus
747 3603 824 3658 illius
853 3607 972 3674 propter
1025 3606 1131 3662 culaet
1154 3605 1341 3660 contritiones
1358 3603 1524 3675 regionibus
1550 3608 1579 3656 et
1604 3601 1735 3656 claustris
1755 3605 1873 3671 propter

124 3690 230 3746 multas
255 3691 504 3764 prevaricationes
530 3699 738 3764 preceptorum
753 3691 815 3760 Dei,
830 3691 862 3747 in
886 3691 971 3747 idolis
1025 3693 1289 3767 prevaricationem
1313 3691 1484 3748 obedientiae
1514 3691 1637 3746 aliorum
1663 3692 1871 3760 praeceptorum

124 3784 154 3832 et
183 3779 213 3834 in
239 3781 305 3836 aliis
326 3781 451 3853 peccatis
475 3781 595 3836 interiit.
622 3781 705 3836 Zetus
734 3785 831 3836 autem
855 3780 971 3837 Domini
1025 3780 1162 3852 legalium
1202 3779 1437 3835 constitutionum
1465 3782 1626 3847 occurrent,
1656 3782 1684 3832 et
1709 3776 1766 3831 ridi
1794 3777 1871 3848 qrrad

124 3866 288 3940 birinsmodi
315 3870 504 3942 purgationes
519 3885 611 3941 usque
629 3869 659 3924 in
682 3869 771 3924 tinem
790 3869 972 3941 mundiopc-
1025 3873 1087 3925 tum
1114 3869 1143 3924 in
1173 3868 1338 3940 hujusmodi
1373 3867 1666 3938 praevaricationibus,
1695 3865 1797 3937 aliqui·
1814 3867 1871 3920 Dco

125 3957 244 4012 rabitur.
271 3958 323 4013 Sed
341 3963 437 4014 tamen
461 3960 536 4014 Deus
562 3959 718 4014 vindictam
746 3973 828 4014 suam
855 3958 969 4027 emittit,
1026 3957 1224 4026 adhaerebunt,
1252 3961 1280 4011 st
1303 3956 1337 4012 ad
1363 3957 1456 4027 ipsam
1481 3955 1667 4022 anhelabant,
1684 3954 1872 4026 quemadmo-

124 4047 270 4102 multoties
285 4063 347 4102 eam
372 4063 425 4118 per
449 4046 597 4102 hominem
614 4052 663 4102 ant
677 4063 730 4119 per
743 4046 830 4102 aliam
843 4047 969 4119 aliqtram
1025 4045 1093 4102 dum
1110 4046 1284 4118 intempore
1302 4045 1368 4100 Eliec
1383 4046 1489 4100 tactum
1510 4045 1633 4112 εει(Ηὶ
1648 4045 1717 4116 Bag.
1733 4043 1821 4108 xviiii.
1840 4043 1871 4097 lli

124 4141 284 4191 creaturam
312 4135 491 4206 prenuntiat
521 4152 558 4191 nc
590 4137 722 4191 homines
757 4137 973 4192 excusationem
1025 4151 1092 4190 vero
1118 4153 1183 4191 cnm
1213 4150 1317 4206 magno
1332 4134 1441 4190 honore
1468 4137 1631 4206 persistent,
1648 4139 1677 4188 ct
1699 4135 1775 4188 ιειιιι
1795 4132 1873 4187 holo·
1984 4175 1985 4184 ι

123 4225 267 4279 ιιιιιιοιιιιιι
294 4240 412 4279 suorum
440 4224 581 4280 habeant:
624 4229 802 4296 quapropter
839 4239 915 4295 sepe
943 4227 972 4278 ει
1025 4231 1153 4281 caustum
1170 4225 1220 4280 Dei
1246 4224 1439 4291 habebuntur,
1464 4225 1561 4296 quiae
1586 4223 1667 4278 malis
1683 4227 1870 4290 recesserunt,

124 4312 208 4367 multi
222 4312 297 4368 inter
310 4329 358 4367 eos
385 4317 518 4384 snrgunt,
534 4318 563 4368 ει
591 4313 790 4384 poeoitentiam
814 4318 914 4384 agunt,
930 4312 968 4367 si·
1024 4320 1057 4370 ut
1074 4317 1131 4370 Noe
1147 4318 1176 4370 et
1191 4315 1250 4369 hot.
1269 4315 1301 4369 lit
1323 4315 1384 4368 haec
1400 4314 1501 4368 eadem
1525 4311 1658 4384 purgatio
1685 4311 1716 4366 in
1742 4311 1794 4366 boc
1808 4327 1871 4364 mu·

123 4406 215 4456 nutet
238 4401 269 4456 in
295 4403 491 4457 Jonaiactom
507 4406 560 4458 est.
590 4403 767 4458 EtsicDous
794 4417 847 4473 per
860 4400 970 4456 amicos
1025 4403 1108 4460 liebri
1137 4409 1265 4475 tempore
1292 4402 1321 4458 in
1345 4402 1459 4457 modico
1474 4401 1603 4473 incipiet,
1620 4405 1648 4456 at
1663 4407 1764 4472 postea
1780 4400 1872 4471 major

122 4507 189 4546 suos
221 4491 365 4559 laudatur,
397 4498 425 4546 ει
450 4507 502 4562 ρει
527 4491 660 4546 inimicos
690 4506 758 4546 suos
785 4490 967 4562 praedicatur.
1024 4493 1083 4561 fiet,
1100 4498 1129 4548 et
1153 4491 1257 4547 deinde
1271 4491 1351 4546 virile
1373 4496 1487 4563 tempus
1503 4489 1608 4559 reniet,
1630 4489 1660 4544 in
1676 4505 1734 4562 quo
1749 4489 1823 4544 bella
1843 4492 1872 4544 ει

122 4580 193 4636 llam
210 4581 283 4635 Deus
307 4580 431 4635 formam
453 4581 537 4651 digiti
560 4582 605 4636 sui
640 4597 706 4636 cum
729 4580 849 4652 praelata
873 4585 969 4635 osten·
1024 4582 1123 4654 praelia
1137 4597 1169 4636 ει
1181 4581 1260 4652 justo
1278 4569 1447 4651 Deijodicio
1463 4586 1558 4635 erunt.
1581 4579 1635 4635 Sed
1662 4579 1716 4634 hoc
1730 4578 1871 4634 muliebre

122 4671 204 4724 sione
218 4670 248 4724 in
265 4669 333 4724 viris
346 4675 374 4726 et
387 4671 415 4724 in
431 4670 633 4741 leminissaepo
655 4668 759 4742 tetigit,
774 4675 804 4724 ut
828 4668 968 4741 scriptum
1022 4675 1137 4744 tempus
1156 4670 1255 4726 tandiu
1273 4685 1331 4725 non
1347 4669 1471 4736 durabit,
1486 4669 1613 4741 qrrandiu
1633 4670 1781 4740 hucusque
1803 4682 1871 4739 per-

120 4764 179 4813 est:
208 4759 249 4814 Et
278 4759 490 4832 propbetobunl
517 4758 579 4830 filii
606 4758 694 4814 uestri
722 4761 752 4814 et
770 4757 841 4829 filie
867 4763 967 4814 oceno
996 4760 1103 4816 -stitit
1120 4759 1373 4830 Tuncjustitinet
1397 4757 1508 4830 judicia
1524 4758 1572 4814 Dei
1598 4762 1727 4829 surgent,
1743 4762 1773 4812 et
1787 4755 1870 4811 disci-

121 4846 207 4916 (doct.
246 4847 287 4918 ιι).
327 4849 481 4919 Postquam
521 4852 616 4902 summ
659 4849 734 4903 Deus
770 4845 970 4920 praefiguravit
1022 4848 1102 4919 plina
1114 4863 1148 4903 ac
1166 4848 1254 4902 timor
1267 4847 1320 4902 Dei
1341 4847 1370 4902 in
1388 4848 1496 4919 populo
1519 4851 1615 4912 erunt,
1632 4851 1659 4900 ct
1674 4845 1744 4918 justi
1759 4851 1787 4899 et
1804 4844 1871 4900 boni

120 4934 197 5006 quod
225 4934 318 4990 iacere
340 4935 439 5005 voluit,
461 4935 631 4992 recordatus
659 4940 714 5005 ost,
736 4935 815 5007 quod
844 4933 965 5002 dixerat,
1021 4937 1152 4994 homines
1163 4937 1193 4992 in
1208 4935 1330 5007 spiritali
1345 4937 1452 5008 populo
1468 4937 1548 5004 tient,
1560 4935 1610 5007 qui
1625 4939 1723 4990 tamon
1738 4934 1768 4989 in
1783 4948 1870 5004 porro

121 5023 197 5094 qood
212 5029 373 5079 contereret
387 5029 474 5095 capot
496 5023 646 5096 serpentis.
669 5026 702 5080 lit
725 5024 881 5095 quamdam
902 5039 967 5078 mu·
1020 5039 1143 5086 numero
1163 5029 1281 5096 propter
1302 5023 1497 5080 humilitatem
1524 5023 1693 5091 manebunt,
1723 5023 1796 5078 etin
1812 5022 1871 5093 pri·

120 5112 231 5180 liercm,
250 5111 357 5168 scilicet
382 5113 540 5185 Virginem,
557 5112 721 5168 obedientia
742 5117 771 5168 et
789 5111 919 5180 castitate
935 5128 968 5168 ac
1020 5129 1098 5170 mam
1124 5127 1260 5170 auroram
1284 5113 1358 5168 sicut
1384 5111 1512 5169 eremitae
1539 5117 1734 5168 revertentur:
1765 5115 1793 5166 et
1816 5110 1872 5164 hoc

119 5201 200 5256 omni
229 5201 306 5257 bono
328 5202 464 5273 pertudit,
493 5207 522 5258 at
547 5201 628 5258 omni
652 5202 729 5258 bono
759 5202 898 5274 implerit,
926 5201 968 5257 ita
1019 5202 1106 5258 etiam
1132 5202 1163 5258 in
1186 5201 1291 5258 timore
1318 5201 1531 5274 praeteritorum
1558 5207 1723 5272 temporum
1746 5199 1867 5266 faciunt,

121 5289 198 5362 quod
212 5290 357 5363 superbia,
386 5307 449 5364 quae
464 5291 495 5346 in
512 5292 567 5345 Dra
586 5290 649 5359 luit,
671 5290 702 5345 in
731 5291 785 5346 hac
810 5288 896 5346 aruit.
911 5291 967 5346 Sed
1020 5305 1085 5363 quae
1109 5290 1162 5346 sibi
1188 5291 1307 5346 adversa
1331 5289 1419 5346 tuisse
1444 5295 1660 5361 perspexerunt.
1686 5289 1718 5344 Et
1738 5287 1870 5343 homines

122 5379 281 5448 virgultae
310 5380 411 5435 Filium
438 5380 487 5435 Dei
511 5380 546 5435 de
576 5380 684 5451 Spiritu
705 5385 802 5434 sancto
824 5381 965 5452 concepit,
1020 5379 1170 5434 stultitiam
1194 5379 1366 5433 lascivorum
1394 5393 1506 5434 morum
1532 5395 1587 5434 uon
1616 5378 1764 5433 habebunt
1791 5391 1871 5430 more

120 5468 166 5522 sui
188 5468 356 5525 mirabiliter
379 5469 525 5540 processit,
549 5474 579 5525 et
599 5469 630 5524 in
656 5470 798 5525 mundum
820 5468 965 5525 miracidis
1018 5483 1187 5540 puerorum,
1216 5466 1265 5522 scd
1300 5467 1444 5524 tristitiam
1486 5468 1522 5523 da
1548 5465 1654 5540 ignotis
1691 5465 1871 5538 temporibus
