3984 6034
158 196 210 249 ns
900 194 928 250 s.
950 193 1189 251 cinomannis
1377 162 1385 177 '
1858 200 1914 255 rso

157 322 207 396 qui
222 318 370 378 absorbuit
381 321 484 393 lupum
508 336 652 393 rapacem,
674 338 691 379 o
714 320 840 393 gloriosa
865 328 1001 381 coronata
1019 324 1167 397 tiphonis
1179 340 1245 381 vero
1260 325 1395 397 spiritum
1418 325 1591 395 manifestat,
1619 327 1758 400 quoniam
1772 332 1807 385 et
1826 328 1916 385 coele-

157 426 210 467 nos
228 409 352 467 libenter
366 409 524 465 militemus
539 414 635 465 tecum
659 414 759 465 contra
777 410 924 467 illusorem
939 412 1005 468 ani·
1058 413 1110 469 stis
1122 414 1274 471 harmonia
1288 413 1469 471 divinitatem
1483 416 1646 484 denuntiat,
1663 422 1694 473 et
1714 416 1838 473 verbum
1862 415 1917 473 hu·

157 516 281 557 marum.
1059 502 1226 559 manitatem
1254 502 1319 558 Filii
1344 504 1396 558 liei
1417 504 1560 575 propalat.
1587 506 1620 559 Et
1647 507 1680 560 ut
1708 509 1848 577 potestas.
1862 505 1916 560 [lei

194 592 297 645 llurrrrn
313 588 409 661 ligate
420 604 489 659 ergo
502 588 594 657 illum,
606 604 623 643 o
636 587 755 644 virtutes
768 588 934 661 preclare?
1059 589 1166 661 ubique
1182 590 1280 645 volans
1299 590 1397 645 omnia
1420 591 1531 656 circuit,
1548 606 1601 645 nec
1623 590 1650 645 ei
1666 592 1756 645 ullum
1774 592 1915 647 obstacu-

194 678 269 735 vui.
292 677 314 734 0
337 676 438 749 regina
460 683 567 745 nostra,
587 676 640 731 tibi
667 676 844 749 parebimus,
876 682 905 733 at
933 693 1006 749 pree-
1060 678 1119 732 lum
1141 677 1257 746 resistit,
1273 677 1312 733 ita
1326 683 1355 732 et
1369 679 1545 733 rationalitas
1556 678 1682 735 hominis
1698 694 1840 751 magnam
1855 681 1913 735 vim

157 771 240 838 cepta
255 772 305 821 tua
319 767 350 821 in
368 766 503 821 omnibus
516 765 748 837 adimplebimus.
1058 765 1145 822 habet
1180 766 1211 820 in
1236 766 1308 821 vivis
1336 766 1454 821 vocibus
1479 782 1592 833 sonare,
1621 771 1651 822 et
1673 772 1826 839 torpentes
1852 768 1913 823 sui.

192 856 336 913 Vrcronra.
366 854 503 920 Gaudete,
535 854 668 922 osociee,
700 855 768 926 quia
790 854 927 928 antiquus
948 870 1007 910 ser·
1058 870 1120 910 mas
1133 854 1170 911 ad
1192 854 1373 925 vigilantiam
1393 855 1425 909 iu
1440 856 1615 927 symphonia
1632 856 1766 911 excitare.
1783 856 1871 921 Quod
1887 860 1914 911 at

157 958 230 1017 pens
245 942 349 1015 ligatus
359 948 410 999 est.
1059 943 1148 1001 David
1161 943 1192 998 in
1213 943 1385 1013 symphonia
1405 944 1564 1015 prophetin
1579 958 1637 998 suae
1659 945 1772 1016 probat,
1790 950 1822 999 et
1837 946 1915 1000 lere·

193 1033 267 1086 Vrnr.
294 1030 367 1086 Laus
385 1031 448 1100 tibi,
467 1030 588 1097 Christe,
604 1047 652 1085 rex
678 1032 857 1102 angolorum.
883 1033 1005 1100 Oileus,
1059 1031 1131 1086 miae
1145 1030 1322 1086 lamentabili
1337 1048 1405 1093 voce
1419 1032 1449 1086 in
1465 1033 1581 1104 planctu
1597 1048 1650 1087 suo
1671 1033 1808 1089 ostendit.
1827 1035 1872 1089 lta
1886 1040 1913 1087 et
1958 1019 1959 1028 ¹

158 1118 223 1191 quis
237 1136 266 1175 es
279 1124 310 1175 tu
323 1120 373 1192 qui
393 1119 423 1174 iu
438 1125 466 1175 te
483 1120 546 1190 ipso
561 1119 617 1175 hoc
631 1135 768 1191 magnum
783 1120 935 1176 eonsilium
955 1120 1005 1175 ba·
1059 1124 1101 1187 tu,
1124 1135 1141 1174 o
1170 1120 1268 1188 homo,
1285 1136 1351 1191 qum
1369 1137 1399 1175 es
1427 1122 1603 1191 paupercula
1617 1126 1648 1176 et
1667 1120 1778 1194 fragilis
1794 1126 1911 1185 natura,

158 1207 256 1274 buisti,
274 1224 331 1281 quo
345 1209 510 1264 destruxisti
526 1206 696 1263 infernalem
709 1209 844 1264 haustum
867 1209 897 1263 in
911 1208 1007 1280 publi·
1059 1208 1141 1263 audis
1164 1208 1195 1264 in
1221 1211 1394 1282 symphonia
1409 1226 1512 1265 sonum
1538 1210 1573 1265 de
1592 1210 1678 1281 igneo
1705 1210 1811 1265 ardore
1828 1210 1914 1281 virgi·

158 1296 280 1351 caniset
303 1297 519 1369 peccatoribus;
541 1296 591 1370 qui
606 1312 684 1352 nunc
703 1297 799 1353 lucent
825 1296 856 1351 in
882 1313 1008 1368 superna
1059 1296 1134 1351 nalis
1162 1297 1293 1369 pudoris,
1318 1298 1351 1353 in
1374 1298 1553 1370 amplexibus
1586 1297 1739 1353 verborum
1777 1297 1912 1353 florentis

158 1384 308 1455 bonitate;
325 1386 412 1452 unde,
438 1401 528 1453 orer,
555 1386 615 1440 leus
638 1384 692 1441 tibi
710 1386 755 1441 sit.
778 1385 800 1442 0
816 1387 900 1441 Peter
914 1386 1006 1441 omui.
1059 1385 1156 1456 virgae,
1171 1391 1200 1440 et
1211 1401 1314 1441 sonum
1330 1387 1365 1442 de
1378 1387 1510 1441 acumine
1533 1386 1692 1441 viventium
1717 1385 1867 1441 luminum
1882 1386 1912 1441 in

159 1479 262 1545 potens
276 1491 308 1531 ex
326 1478 354 1529 te
367 1474 432 1530 tluit
444 1475 509 1529 fons
532 1474 563 1530 in
575 1472 661 1544 ignee
674 1474 788 1543 ardore,
810 1474 918 1546 perduc
931 1474 1007 1529 lilios
1060 1490 1185 1545 superna
1200 1474 1313 1531 civitate
1335 1475 1505 1543 lucentium,
1529 1480 1559 1531 et
1572 1491 1677 1531 sonum
1697 1477 1732 1531 de
1754 1476 1912 1547 prophetia

157 1569 222 1619 tuos
236 1563 267 1619 in
281 1568 391 1619 rectum
410 1567 527 1619 rentum
550 1560 679 1618 veloruin
695 1578 848 1635 aquarum,
869 1564 909 1618 ita
923 1568 955 1619 ut
977 1568 1005 1619 et
1060 1563 1271 1634 profundorum
1290 1580 1468 1632 sermonum,
1492 1568 1521 1620 et
1549 1580 1652 1620 mnam
1681 1564 1718 1621 de
1739 1563 1911 1629 dilatatione

158 1668 211 1707 nos
231 1667 281 1708 eos
293 1652 348 1708 hoc
362 1652 447 1708 modo
474 1652 666 1723 perducamus
689 1650 720 1706 in
744 1651 887 1709 caelestem
905 1653 1005 1709 llieru·
1025 1621 1235 1721 Bapostolatus
1250 1652 1426 1708 mirabilium
1440 1652 1605 1718 verborum,
1621 1657 1651 1708 et
1663 1668 1767 1708 sonum
1787 1653 1826 1708 de
1843 1653 1911 1708 cllu-

158 1739 257 1795 sslem.
283 1740 319 1795 Et
346 1755 430 1795 voces
455 1739 515 1796 istra
542 1743 624 1794 erunt
652 1742 685 1794 nt
717 1754 772 1793 vox
798 1738 1003 1808 multitudinis,
1060 1738 1140 1795 sione
1155 1740 1302 1811 sauguinis
1318 1740 1442 1796 fideliter
1458 1741 1734 1807 seoderantium,et
1749 1757 1859 1797 sonum
1878 1741 1912 1797 da

157 1842 224 1883 cum
241 1827 397 1883 multitudo
419 1844 502 1883 voces
528 1843 593 1882 suas
614 1826 645 1882 in
660 1829 748 1883 altum
775 1828 893 1883 extollit.
909 1827 945 1883 Et
960 1843 1006 1882 so·
1059 1830 1230 1886 sacerdotali
1247 1830 1342 1887 officio
1357 1835 1543 1899 secretorum,
1557 1836 1585 1886 et
1600 1847 1704 1886 sonum
1719 1831 1754 1887 de
1775 1830 1911 1901 virginali

157 1932 213 1972 nus
227 1932 327 1971 earum
341 1917 382 1972 ita
397 1933 443 1971 me
458 1914 642 1988 pertransivit
656 1917 734 1988 quod
761 1932 809 1971 eas
832 1916 938 1987 absque
953 1915 1006 1971 dil·
1059 1919 1150 1990 gradu
1165 1919 1332 1991 iusuperne
1345 1919 1474 1975 viredine
1488 1920 1668 1989 horontium,
1696 1919 1841 1992 quoniam
1864 1935 1912 1974 sn·

158 2006 283 2061 ficultate
307 2005 450 2062 tarditatis
478 2004 616 2061 intellexi.
647 2004 807 2076 lludlviqne
839 2020 938 2059 vocem
970 2020 1006 2059 ex
1058 2024 1150 2079 paruo
1164 2006 1292 2065 Creatori
1310 2008 1404 2063 tidelis
1430 2014 1625 2065 creaturasna
1647 2009 1680 2063 in
1694 2024 1764 2064 voce
1780 2007 1909 2064 exsulta·

158 2094 259 2150 codem
272 2093 370 2150 lucido
385 2110 460 2163 aera,
477 2093 619 2149 dicentem
640 2093 729 2148 mihi:
756 2092 866 2148 Laudes
879 2106 1005 2165 superno
1058 2097 1146 2152 honis
1161 2103 1191 2153 et
1202 2095 1310 2153 laetitiae
1323 2097 1453 2162 resultet,
1472 2100 1502 2151 et
1513 2101 1608 2168 gratas
1631 2096 1800 2169 trequentes
1818 2096 1847 2151 ei
1861 2097 1912 2151 im-

158 2181 288 2237 Creatori
301 2182 464 2239 incessabili
478 2197 547 2237 voce
562 2180 656 2237 cordis
680 2184 709 2237 et
725 2180 783 2237 oris
802 2180 904 2237 dende
919 2184 1004 2236 sunt:
1059 2185 1168 2257 pendit.
1184 2184 1239 2241 Sed
1255 2189 1284 2240 et
1304 2199 1409 2241 sonum
1429 2184 1512 2241 audis
1525 2189 1558 2240 ut
1581 2200 1682 2241 vocem
1700 2185 1907 2247 multitudiuis,

160 2271 305 2342 cumipse
327 2286 385 2326 non
411 2272 504 2326 solum
524 2275 632 2326 stantes
661 2274 689 2324 et
716 2274 836 2337 erectos,
853 2269 903 2325 sed
918 2268 1007 2325 etiem
1059 2272 1089 2328 in
1103 2273 1227 2344 querelis
1250 2278 1447 2327 revocatorum
1473 2271 1509 2327 ad
1529 2272 1644 2327 eosdem
1666 2272 1772 2343 gradus
1796 2272 1830 2327 in
1848 2271 1909 2327 har·

159 2358 292 2414 cedentes
309 2363 338 2415 et
350 2362 482 2415 curvatos
505 2358 537 2414 in
559 2357 692 2429 superuis
714 2357 829 2415 sedibus
848 2373 900 2413 sua
913 2357 1007 2429 gratia
1059 2362 1157 2418 monia
1176 2366 1375 2430 resonantem
1398 2362 1467 2434 quia
1486 2361 1659 2433 symphonia
1679 2376 1738 2417 non
1759 2365 1858 2415 toturn
1881 2358 1908 2413 in

157 2448 287 2503 collocat.
305 2448 385 2503 Unde
400 2447 488 2513 vidos,
510 2448 640 2513 ohomo,
664 2445 873 2503 lucidissimum
888 2462 1004 2503 aerem:
1059 2450 1249 2506 unanimitate
1272 2449 1481 2517 exsultationis,
1505 2450 1538 2505 in
1552 2450 1599 2505 via
1625 2448 1810 2505 rectitudinis
1828 2448 1909 2504 lorti·

157 2535 312 2591 candorem
328 2534 427 2606 gaudii
450 2550 642 2605 supernorum
662 2532 767 2589 civium
794 2532 1006 2605 designantem,
1059 2543 1103 2594 ter
1126 2538 1343 2609 persistentium
1367 2538 1483 2609 gaudet,
1509 2537 1558 2593 sed
1588 2536 1676 2593 etiam
1698 2536 1729 2591 in
1757 2536 1909 2593 concordia
1958 2563 1959 2566 ¹

157 2625 188 2680 in
216 2641 273 2697 quo
297 2624 382 2679 audio
403 2625 433 2679 in
455 2622 589 2679 omnibus
616 2622 757 2695 predictis
787 2621 1004 2693 significationi·
1059 2627 1286 2683 resuscitationis
1300 2628 1335 2682 de
1354 2628 1400 2681 via
1414 2626 1535 2698 justitiae
1562 2627 1722 2697 lapsorum,
1748 2631 1778 2681 et
1791 2625 1909 2682 mudena

157 2712 221 2781 bus,
243 2712 365 2769 mirabili
389 2711 475 2769 modo
490 2712 636 2767 diversum
660 2727 752 2783 genus
773 2711 960 2779 musicorum,
974 2710 1005 2765 in
1058 2716 1206 2771 adversm
1219 2715 1428 2771 beatitudiuem
1442 2721 1604 2771 erectorum
1619 2716 1751 2779 exsultat,
1770 2714 1906 2787 quoniam

158 2802 290 2859 laudibus
312 2801 417 2857 civium
432 2816 625 2873 supernorum
639 2800 824 2873 gaudiorum,
855 2800 886 2855 in
900 2800 946 2853 via
960 2814 1007 2855 ve·
1058 2809 1087 2858 el
1111 2807 1209 2875 pastor
1233 2803 1326 2859 bonus
1355 2819 1437 2860 ovem
1460 2820 1526 2876 quse
1553 2804 1688 2876 perierat,
1713 2819 1780 2860 cum
1804 2801 1907 2877 gaudio

158 2890 250 2947 ritatis
281 2889 395 2946 fortiter
417 2889 673 2962 perseverantium,
700 2904 732 2943 ac
754 2888 786 2943 iu
810 2887 935 2960 querelis
963 2902 1005 2943 re·
1023 2898 1044 2955 c
1059 2891 1215 2965 reportavit
1228 2891 1264 2947 ad
1284 2907 1413 2964 gregem.
1442 2893 1572 2963 itemque
1588 2892 1725 2961 utendis,
1749 2908 1840 2948 sonus
1862 2890 1907 2945 ille

158 2985 325 3036 vocatorum
339 2979 375 3035 ad
398 2978 498 3033 laudes
525 2978 693 3033 eorumdem
722 2976 911 3047 gaudiorum:
933 2990 1008 3047 quo·
1061 2986 1094 3035 nt
1107 2996 1158 3035 vox
1174 2980 1367 3035 multitudinis
1382 2979 1413 3035 in
1427 2980 1631 3037 exhortatione
1653 2980 1794 3035 virtutum
1810 2980 1841 3035 in
1856 2978 1907 3033 ad·

158 3068 237 3125 niam
262 3073 294 3123 ut
307 3083 358 3123 aer
384 3065 604 3137 comprehendit
624 3068 652 3120 et
666 3064 791 3119 sustinet
809 3080 842 3118 es
872 3078 937 3131 quea
952 3063 1006 3120 sub
1058 3068 1200 3140 jutorium
1218 3068 1382 3136 bominum,
1409 3071 1439 3121 et
1457 3067 1489 3123 in
1504 3066 1729 3123 contradictione
1741 3079 1907 3137 repugnan-

158 3158 230 3213 aoelo
246 3160 323 3222 sunt,
348 3155 389 3209 ita
408 3153 543 3210 utendis
565 3154 598 3207 in
620 3151 755 3209 omnibus
778 3150 1008 3225 praemonstratis
1061 3156 1135 3212 tium
1149 3156 1355 3213 diabolicarum
1370 3155 1488 3225 artium,
1514 3155 1669 3211 virtutihus
1685 3153 1754 3210 vitia
1777 3167 1908 3227 superata

158 3244 211 3300 tibi
227 3243 407 3299 mirabilibus
422 3240 482 3311 bei,
499 3240 593 3296 strevis
615 3245 644 3295 et
658 3240 749 3296 dulcis
764 3239 936 3312 symphonia
959 3256 1008 3295 so·
1060 3244 1138 3300 tibus
1161 3250 1190 3300 et
1214 3244 1383 3301 bominibus
1405 3244 1522 3299 tandem
1547 3243 1646 3299 divina
1666 3242 1857 3315 inspiratione
1873 3238 1907 3294 ad

160 3339 210 3388 nat
225 3331 256 3387 in
276 3332 392 3403 gaudio,
408 3328 546 3385 miracula
566 3329 721 3386 electorum
737 3328 768 3383 in
789 3343 914 3400 superna
936 3327 1007 3383 civi·
1061 3333 1260 3405 poenitentiam
1278 3332 1465 3389 redeuntibus
1488 3332 1520 3387 in
1540 3330 1693 3387 harmonia
1711 3331 1906 3400 clamatque

159 3422 217 3475 tale
240 3418 433 3479 existentium,
455 3415 528 3473 etin
550 3419 608 3474 Deo
633 3416 713 3473 suavi
737 3417 888 3473 devotione
912 3415 1007 3487 persi·
1061 3420 1141 3476 niam
1157 3419 1248 3475 dulcis
1258 3419 1419 3493 complexio
1438 3423 1480 3474 est
1490 3418 1520 3473 iu
1532 3418 1685 3475 virtutibus
1698 3417 1800 3473 fideles
1818 3414 1906 3472 homi·

160 3508 317 3576 stantium;
350 3523 384 3562 ac
410 3506 441 3562 in
474 3506 600 3579 querelis
636 3506 862 3562 incurvationem
889 3506 1008 3561 illorum
1061 3525 1112 3565 nes
1140 3510 1177 3564 ad
1202 3525 1300 3565 veram
1327 3507 1536 3563 beatitudinem
1559 3507 1752 3570 trahentibus,
1778 3506 1829 3563 aad
1848 3503 1906 3559 dira

160 3612 233 3669 quos
245 3596 382 3669 antiquus
400 3612 518 3666 serpens
543 3596 665 3667 perdere
689 3599 787 3661 tentat,
811 3610 884 3667 quos
912 3599 1009 3650 tamen
1062 3597 1237 3654 coacervatio
1269 3596 1363 3651 estin
1388 3596 1465 3651 vitiis
1492 3595 1699 3651 diabolicarum
1722 3594 1904 3651 insidiarum:

160 3686 256 3743 divina
279 3686 370 3742 virtus
396 3686 431 3743 ad
460 3684 625 3741 societatem
656 3685 808 3740 beatorum
835 3683 1009 3755 gaudiorum
1061 3702 1123 3741 non
1145 3690 1243 3741 tamen
1259 3685 1298 3739 ita
1313 3689 1344 3739 ut
1358 3684 1478 3739 virtutes
1499 3684 1568 3738 vitia
1596 3700 1655 3739 non
1683 3678 1906 3755 superent32ed

159 3774 272 3831 fortiter
296 3774 442 3848 perducit:
471 3774 620 3846 proterens
651 3772 681 3829 in
705 3772 745 3827 eis
781 3770 831 3827 illa
862 3771 1008 3843 mysteria,
1064 3774 1105 3829 sic
1120 3774 1198 3847 quod
1222 3776 1342 3829 virtutes
1364 3789 1399 3827 aa
1414 3772 1533 3828 omniuo
1557 3772 1719 3841 debilitent,
1735 3770 1905 3826 etsibicon·

160 3880 226 3938 quae
249 3865 383 3921 humanis
409 3864 555 3921 mentibus
584 3864 620 3918 ad
648 3868 756 3919 terram
780 3860 924 3917 inclinatis
942 3866 1010 3917 sunt
1062 3864 1218 3918 santientes
1246 3861 1353 3917 auxilio
1386 3862 1505 3933 superni
1533 3860 1671 3932 adjutorii
1704 3860 1739 3915 ad
1770 3866 1905 3915 aeternam

159 3953 317 4026 incognita,
333 3958 362 4008 et
389 3952 419 4009 in
442 3952 630 4008 exhortatone
648 3950 786 4006 virtutum
808 3966 837 4005 se
861 3949 1010 4005 exhortan·
1062 3949 1279 4007 retributionem
1308 3966 1361 4021 per
1385 3966 1482 4005 aarum
1509 3949 1711 4022 paenitentiam
1740 3948 1904 4021 perducant,

161 4042 234 4097 tium
250 4042 285 4098 ad
315 4042 437 4097 salutem
451 4042 625 4113 populorum
641 4041 747 4113 quibus
773 4038 921 4094 diabolica
940 4037 1010 4093 iusi·
1063 4044 1097 4096 ut
1122 4040 1210 4094 etiam
1238 4038 1268 4093 in
1289 4037 1407 4095 vocibus
1435 4038 1594 4095 barmoniae
1617 4053 1718 4093 aarum
1732 4036 1787 4093 tibi
1799 4040 1843 4093 ast
1860 4033 1905 4088 de·

162 4131 218 4187 die
241 4134 413 4203 repugnant,
434 4130 485 4185 sed
515 4129 585 4202 ipsae
611 4129 732 4185 virtutes
759 4144 807 4183 eas
829 4127 1008 4199 opprimunt,
1063 4132 1266 4183 monstratum.

161 4222 202 4277 ita
216 4225 314 4277 tamen
329 4220 407 4291 quod
429 4218 470 4274 sic
484 4219 584 4275 hdeles
608 4218 743 4274 homines
769 4215 920 4273 tandema
942 4204 1050 4287 pec-⁰
1100 4216 1170 4270 Nam
1191 4221 1221 4272 et
1243 4215 1424 4288 symphonia,
1447 4215 1520 4271 dura
1535 4215 1624 4271 corda
1644 4213 1772 4281 amollit;
1788 4218 1819 4270 et
1840 4206 1904 4283 ipsis

162 4310 233 4366 catis
248 4309 283 4365 ad
309 4324 434 4378 superna
461 4322 512 4380 per
539 4306 740 4379 paenitentiam
754 4309 923 4371 transeunt;
942 4320 1011 4376 quo·
1063 4305 1214 4361 humorem
1228 4304 1457 4377 compunctionis
1476 4303 1595 4371 inducit,
1625 4320 1658 4358 ac
1679 4301 1820 4375 Spiritum
1843 4312 1902 4354 san·

163 4396 240 4452 niem
256 4395 296 4450 ibi
315 4395 433 4452 virtutes
453 4396 484 4451 in
509 4395 655 4452 mentibus
681 4394 822 4457 fidelium,
849 4394 884 4448 ad
901 4394 1012 4449 redem-
1063 4400 1141 4450 ctum
1155 4393 1283 4450 advocat.
1308 4393 1388 4449 Unde
1401 4398 1431 4449 et
1444 4408 1527 4448 voces
1552 4392 1616 4448 iste
1642 4407 1713 4463 ques
1736 4387 1904 4460 radiasset

162 4485 290 4557 ptionem
314 4484 443 4556 ipsorum
467 4485 544 4540 vitiis
568 4484 715 4545 resistunt,
737 4482 842 4555 quibus
870 4480 1011 4537 diabolice
1066 4486 1097 4537 ut
1118 4498 1171 4537 vox
1193 4482 1397 4551 multitudinis,
1425 4496 1492 4537 cum
1511 4479 1667 4536 multitudo
1689 4494 1771 4535 voces
1794 4473 1904 4534 suasio

162 4574 261 4630 aillatu
274 4574 451 4645 latigantnr;
467 4574 517 4629 sed
535 4572 576 4629 eis
590 4572 747 4629 fortissima
767 4569 935 4626 tortitudine
959 4586 1011 4625 su·
1064 4572 1154 4627 altum
1174 4570 1302 4638 extollit3
1318 4570 1387 4642 quia
1409 4571 1509 4625 laudes
1521 4568 1727 4640 jubilationum
1747 4567 1778 4623 in
1803 4559 1904 4635 simpli·

163 4663 268 4734 peratis
282 4662 414 4717 homines
427 4661 457 4715 in
471 4660 595 4732 peccetis
611 4659 748 4730 prolapsi,
766 4659 864 4714 divino
883 4664 955 4715 nutu
975 4660 1011 4715 ad
1064 4660 1148 4715 ritate
1171 4658 1371 4715 unanimitatis
1385 4664 1413 4713 et
1428 4658 1576 4714 charitatis
1600 4658 1730 4729 prolatae,
1752 4655 1850 4712 lideles
1870 4645 1903 4703 ad

162 4749 363 4822 paenitentiam
378 4754 571 4816 revertuntur,
586 4764 652 4805 cum
676 4747 849 4821 perquirunt
862 4752 891 4803 et
904 4747 1013 4805 delient
1065 4747 1286 4804 unanimitatem
1299 4746 1380 4802 illam
1407 4747 1459 4803 ubi
1483 4746 1565 4803 nulla
1587 4744 1730 4802 discordia
1749 4749 1794 4801 est
1807 4737 1904 4815 perdit

163 4838 307 4895 anteriora
327 4839 411 4907 lacta,
438 4843 555 4894 etcum
578 4837 759 4894 considerant
781 4841 810 4892 et
838 4843 939 4893 cavent
961 4854 1012 4910 po·
1064 4841 1142 4903 cunt,
1165 4852 1231 4891 cum
1252 4850 1301 4891 eos
1325 4834 1356 4890 in
1383 4835 1468 4891 terris
1482 4835 1604 4905 positos,
1631 4834 1719 4891 corde
1749 4837 1778 4889 et
1796 4847 1845 4887 ore
1871 4821 1904 4879 ed

162 4927 294 4985 steriora.
347 4938 355 4951 “
1063 4938 1217 4995 supernam
1255 4922 1521 4979 remunerationem
1551 4922 1697 4993 suspirare
1730 4920 1848 4976 faciunt.
1875 4910 1903 4967 Εἴ

198 5016 379 5087 Quapropter
394 5018 424 5071 et
445 5029 533 5069 sonus
548 5013 607 5079 itta,
633 5019 667 5070 ut
680 5030 735 5071 vox
762 5013 956 5071 multitudinis
980 5012 1011 5069 in
1064 5027 1150 5067 sonus
1173 5026 1274 5067 aarum
1286 5012 1326 5066 ita
1349 5011 1506 5084 pertransit
1518 5015 1557 5080 te,
1573 5010 1719 5084 quotieas
1734 4998 1903 5081 absquedil·

163 5104 298 5162 laudibus
311 5102 493 5175 desuperuis
508 5102 644 5174 gradibus
657 5102 687 5159 in
701 5104 856 5159 harmonia
870 5102 1011 5173 sympbo·
1061 5100 1187 5157 lirultate
1208 5099 1353 5157 tarditatis
1383 5100 1544 5172 intelligis;
1576 5098 1714 5171 quoniam
1740 5097 1792 5153 ubi
1814 5089 1903 5151 divina

164 5192 250 5261 uiuat,
263 5192 333 5265 quia
351 5191 522 5263 symphonia
536 5192 566 5247 in
586 5192 778 5247 unanimitate
799 5196 828 5247 et
841 5191 872 5245 in
896 5204 1012 5247 concor·
1064 5190 1157 5261 gratia
1177 5194 1295 5261 oparata
1309 5188 1396 5245 fuant
1409 5205 1526 5245 omnem
1550 5187 1785 5245 tenebrositatem
1808 5184 1902 5240 obum-

163 5282 212 5340 dia
226 5281 348 5354 gloriam
370 5286 399 5337 et
417 5280 559 5337 bonorem
577 5279 736 5337 celestium
750 5279 857 5335 civium
871 5280 1010 5349 ruminat,
1062 5276 1204 5333 brationis
1216 5276 1319 5344 autert,
1333 5276 1384 5331 ille
1403 5292 1475 5349 pura
1489 5281 1519 5331 et
1531 5276 1627 5333 lucida
1638 5274 1756 5342 taciens,
1772 5288 1836 5346 que
1849 5278 1903 5321 ott·

164 5370 205 5426 ita
219 5371 297 5442 quod
311 5370 411 5442 etipsa
429 5370 485 5426 hoc
500 5384 613 5425 sursum
628 5368 705 5424 tollit
724 5367 799 5439 quoi
824 5367 943 5423 verbum
956 5382 1010 5438 pa·
1063 5363 1177 5421 nalibns
1190 5365 1322 5421 sensibus
1347 5365 1380 5420 iu
1394 5364 1563 5421 inormitate
1578 5363 1673 5419 carme
1689 5364 1809 5419 obscura
1832 5354 1902 5412 sunl·

165 5458 222 5513 lam
237 5456 354 5529 proiert.
376 5456 422 5514 Sia
436 5463 464 5513 et
483 5458 603 5515 verbam
632 5470 736 5527 corpus
763 5455 904 5527 designat,
933 5469 1009 5527 sym·
1098 5454 1280 5525 Quapropter
1295 5452 1427 5526 quisquis
1450 5456 1542 5511 Deum
1554 5453 1678 5509 fideliter
1691 5449 1835 5519 intelligit,
1850 5444 1902 5497 lau·
