<?xml version="1.0" encoding="UTF-8"?>
<!DOCTYPE html PUBLIC "-//W3C//DTD XHTML 1.0 Transitional//EN"
    "http://www.w3.org/TR/xhtml1/DTD/xhtml1-transitional.dtd">
<html xmlns="http://www.w3.org/1999/xhtml" xml:lang="en" lang="en">
 <head>
  <title>
</title>
<meta http-equiv="Content-Type" content="text/html;charset=utf-8" />
  <meta name='ocr-system' content='tesseract 3.04.00' />
  <meta name='ocr-capabilities' content='ocr_page ocr_carea ocr_par ocr_line ocrx_word'/>
</head>
<body>
  <div class='ocr_page' id='page_1' title='image "./patrologiaecurs125unkngoog/patrologiaecurs125unkngoog_0101.png"; bbox 0 0 3984 6034; ppageno 0'>
   <div class='ocr_carea' id='block_1_1' title="bbox 70 167 1825 235">
    <p class='ocr_par' dir='ltr' id='par_1_1' title="bbox 70 167 1825 235">
     <span class='ocr_line' id='line_1_1' title="bbox 70 167 1825 235; baseline 0.002 -5"><span class='ocrx_word' id='word_1_1' title='bbox 70 173 120 232; x_wconf 81' lang='lat' dir='ltr'><strong>teu</strong></span> <span class='ocrx_word' id='word_1_2' title='bbox 725 168 913 232; x_wconf 73' lang='lat' dir='ltr'><strong>EPlSTOLAE.</strong></span> <span class='ocrx_word' id='word_1_3' title='bbox 927 167 1083 232; x_wconf 68' lang='lat' dir='ltr'><strong>-Ei’lS&#39;L</strong></span> <span class='ocrx_word' id='word_1_4' title='bbox 1103 169 1187 230; x_wconf 80' lang='lat' dir='ltr'><strong>llll.</strong></span> <span class='ocrx_word' id='word_1_5' title='bbox 1774 178 1825 235; x_wconf 86' lang='lat' dir='ltr'><strong>let</strong></span> 
     </span>
    </p>
   </div>
   <div class='ocr_carea' id='block_1_2' title="bbox 64 303 1894 1706">
    <p class='ocr_par' dir='ltr' id='par_1_2' title="bbox 64 303 1894 1706">
     <span class='ocr_line' id='line_1_2' title="bbox 65 303 1894 379; baseline 0.003 -17"><span class='ocrx_word' id='word_1_6' title='bbox 65 313 92 362; x_wconf 83' lang='lat' dir='ltr'><strong>te</strong></span> <span class='ocrx_word' id='word_1_7' title='bbox 125 306 225 374; x_wconf 83' lang='lat' dir='ltr'><strong>(Paul.</strong></span> <span class='ocrx_word' id='word_1_8' title='bbox 255 306 320 379; x_wconf 82' lang='lat' dir='ltr'><strong>cix).</strong></span> <span class='ocrx_word' id='word_1_9' title='bbox 351 308 386 363; x_wconf 81' lang='lat' dir='ltr'><strong>Et</strong></span> <span class='ocrx_word' id='word_1_10' title='bbox 410 306 506 363; x_wconf 81' lang='lat' dir='ltr'><strong>audivi</strong></span> <span class='ocrx_word' id='word_1_11' title='bbox 534 320 631 362; x_wconf 88' lang='lat' dir='ltr'><strong>rocem</strong></span> <span class='ocrx_word' id='word_1_12' title='bbox 659 305 729 362; x_wconf 89' lang='lat' dir='ltr'><strong>mihi</strong></span> <span class='ocrx_word' id='word_1_13' title='bbox 756 305 1191 376; x_wconf 72' lang='lat' dir='ltr'><strong>dicentemratnilateluit,et</strong></span> <span class='ocrx_word' id='word_1_14' title='bbox 1210 306 1241 362; x_wconf 95' lang='lat' dir='ltr'><strong>in</strong></span> <span class='ocrx_word' id='word_1_15' title='bbox 1262 306 1346 362; x_wconf 93' lang='lat' dir='ltr'><strong>initio</strong></span> <span class='ocrx_word' id='word_1_16' title='bbox 1363 303 1458 364; x_wconf 88' lang='lat' dir='ltr'><strong>omnis</strong></span> <span class='ocrx_word' id='word_1_17' title='bbox 1477 307 1612 366; x_wconf 86' lang='lat' dir='ltr'><strong>sanctitas</strong></span> <span class='ocrx_word' id='word_1_18' title='bbox 1630 323 1730 366; x_wconf 86' lang='lat' dir='ltr'><strong>omues</strong></span> <span class='ocrx_word' id='word_1_19' title='bbox 1748 327 1826 367; x_wconf 78' lang='lat' dir='ltr'><strong>crae·</strong></span> <span class='ocrx_word' id='word_1_20' title='bbox 1889 363 1894 376; x_wconf 88' lang='grc'><strong>,</strong></span> 
     </span>
     <span class='ocr_line' id='line_1_3' title="bbox 65 393 1824 468; baseline 0.003 -17"><span class='ocrx_word' id='word_1_21' title='bbox 65 395 170 451; x_wconf 79' lang='lat' dir='ltr'><strong>Puella</strong></span> <span class='ocrx_word' id='word_1_22' title='bbox 185 396 251 452; x_wconf 83' lang='lat' dir='ltr'><strong>haec</strong></span> <span class='ocrx_word' id='word_1_23' title='bbox 265 410 356 467; x_wconf 83' lang='lat' dir='ltr'><strong>quam</strong></span> <span class='ocrx_word' id='word_1_24' title='bbox 379 393 468 460; x_wconf 84' lang='lat' dir='ltr'><strong>rides,</strong></span> <span class='ocrx_word' id='word_1_25' title='bbox 486 395 609 451; x_wconf 89' lang='lat' dir='ltr'><strong>charitas</strong></span> <span class='ocrx_word' id='word_1_26' title='bbox 631 398 685 462; x_wconf 88' lang='lat' dir='ltr'><strong>est,</strong></span> <span class='ocrx_word' id='word_1_27' title='bbox 709 410 776 466; x_wconf 79' lang='lat' dir='ltr'><strong>qum</strong></span> <span class='ocrx_word' id='word_1_28' title='bbox 792 394 824 450; x_wconf 90' lang='lat' dir='ltr'><strong>in</strong></span> <span class='ocrx_word' id='word_1_29' title='bbox 838 399 921 450; x_wconf 84' lang='lat' dir='ltr'><strong>ceter·</strong></span> <span class='ocrx_word' id='word_1_30' title='bbox 975 400 1056 452; x_wconf 89' lang='lat' dir='ltr'><strong>tures</strong></span> <span class='ocrx_word' id='word_1_31' title='bbox 1075 395 1136 452; x_wconf 90' lang='lat' dir='ltr'><strong>sine</strong></span> <span class='ocrx_word' id='word_1_32' title='bbox 1161 395 1360 452; x_wconf 73' lang='lat' dir='ltr'><strong>commistione</strong></span> <span class='ocrx_word' id='word_1_33' title='bbox 1384 397 1453 452; x_wconf 87' lang='lat' dir='ltr'><strong>mali</strong></span> <span class='ocrx_word' id='word_1_34' title='bbox 1471 398 1616 468; x_wconf 90' lang='lat' dir='ltr'><strong>produxit,</strong></span> <span class='ocrx_word' id='word_1_35' title='bbox 1640 403 1669 454; x_wconf 89' lang='lat' dir='ltr'><strong>et</strong></span> <span class='ocrx_word' id='word_1_36' title='bbox 1684 399 1773 456; x_wconf 73' lang='lat' dir='ltr'><strong>Adam</strong></span> <span class='ocrx_word' id='word_1_37' title='bbox 1795 405 1824 457; x_wconf 91' lang='lat' dir='ltr'><strong>et</strong></span> 
     </span>
     <span class='ocr_line' id='line_1_4' title="bbox 64 482 1825 557; baseline 0.002 -18"><span class='ocrx_word' id='word_1_38' title='bbox 64 485 160 539; x_wconf 88' lang='lat' dir='ltr'><strong>nitate</strong></span> <span class='ocrx_word' id='word_1_39' title='bbox 191 483 414 540; x_wconf 88' lang='lat' dir='ltr'><strong>tabernaculum</strong></span> <span class='ocrx_word' id='word_1_40' title='bbox 448 483 545 540; x_wconf 86' lang='lat' dir='ltr'><strong>babet.</strong></span> <span class='ocrx_word' id='word_1_41' title='bbox 576 483 649 540; x_wconf 85' lang='lat' dir='ltr'><strong>Cum</strong></span> <span class='ocrx_word' id='word_1_42' title='bbox 678 484 754 538; x_wconf 86' lang='lat' dir='ltr'><strong>bena</strong></span> <span class='ocrx_word' id='word_1_43' title='bbox 780 483 923 539; x_wconf 90' lang='lat' dir='ltr'><strong>mondum</strong></span> <span class='ocrx_word' id='word_1_44' title='bbox 976 484 1063 540; x_wconf 85' lang='lat' dir='ltr'><strong>Eram</strong></span> <span class='ocrx_word' id='word_1_45' title='bbox 1087 483 1121 539; x_wconf 91' lang='lat' dir='ltr'><strong>de</strong></span> <span class='ocrx_word' id='word_1_46' title='bbox 1142 482 1251 540; x_wconf 88' lang='lat' dir='ltr'><strong>munda</strong></span> <span class='ocrx_word' id='word_1_47' title='bbox 1277 487 1408 538; x_wconf 89' lang='lat' dir='ltr'><strong>creatura</strong></span> <span class='ocrx_word' id='word_1_48' title='bbox 1430 487 1514 542; x_wconf 83' lang='lat' dir='ltr'><strong>terrae</strong></span> <span class='ocrx_word' id='word_1_49' title='bbox 1530 485 1698 557; x_wconf 79' lang='lat' dir='ltr'><strong>procrearit.</strong></span> <span class='ocrx_word' id='word_1_50' title='bbox 1719 487 1753 542; x_wconf 80' lang='lat' dir='ltr'><strong>nt</strong></span> <span class='ocrx_word' id='word_1_51' title='bbox 1773 486 1825 542; x_wconf 89' lang='lat' dir='ltr'><strong>sie·</strong></span> 
     </span>
     <span class='ocr_line' id='line_1_5' title="bbox 66 570 1820 645; baseline 0.003 -19"><span class='ocrx_word' id='word_1_52' title='bbox 66 587 166 626; x_wconf 83' lang='lat' dir='ltr'><strong>creare</strong></span> <span class='ocrx_word' id='word_1_53' title='bbox 188 570 295 637; x_wconf 81' lang='lat' dir='ltr'><strong>soluit,</strong></span> <span class='ocrx_word' id='word_1_54' title='bbox 316 570 470 628; x_wconf 70' lang='lat' dir='ltr'>declinavit</span> <span class='ocrx_word' id='word_1_55' title='bbox 487 587 518 626; x_wconf 89' lang='lat' dir='ltr'><strong>se</strong></span> <span class='ocrx_word' id='word_1_56' title='bbox 536 570 568 626; x_wconf 90' lang='lat' dir='ltr'><strong>iu</strong></span> <span class='ocrx_word' id='word_1_57' title='bbox 582 570 751 626; x_wconf 87' lang='lat' dir='ltr'><strong>suavissimo</strong></span> <span class='ocrx_word' id='word_1_58' title='bbox 765 587 874 638; x_wconf 82' lang='lat' dir='ltr'><strong>amora,</strong></span> <span class='ocrx_word' id='word_1_59' title='bbox 894 574 924 627; x_wconf 90' lang='lat' dir='ltr'><strong>et</strong></span> <span class='ocrx_word' id='word_1_60' title='bbox 975 570 1049 628; x_wconf 89' lang='lat' dir='ltr'><strong>uthi</strong></span> <span class='ocrx_word' id='word_1_61' title='bbox 1072 573 1130 629; x_wconf 91' lang='lat' dir='ltr'><strong>duo</strong></span> <span class='ocrx_word' id='word_1_62' title='bbox 1153 582 1255 628; x_wconf 88' lang='lat' dir='ltr'><strong>omnes</strong></span> <span class='ocrx_word' id='word_1_63' title='bbox 1279 571 1353 628; x_wconf 87' lang='lat' dir='ltr'><strong>filios</strong></span> <span class='ocrx_word' id='word_1_64' title='bbox 1372 571 1524 628; x_wconf 88' lang='lat' dir='ltr'><strong>hominum</strong></span> <span class='ocrx_word' id='word_1_65' title='bbox 1544 579 1763 645; x_wconf 63' lang='lat' dir='ltr'><strong>moraverunt,</strong></span> <span class='ocrx_word' id='word_1_66' title='bbox 1779 574 1820 632; x_wconf 91' lang='lat' dir='ltr'><strong>ite</strong></span> 
     </span>
     <span class='ocr_line' id='line_1_6' title="bbox 68 658 1822 734; baseline 0.003 -20"><span class='ocrx_word' id='word_1_67' title='bbox 68 659 169 717; x_wconf 81' lang='lat' dir='ltr'><strong>omnia</strong></span> <span class='ocrx_word' id='word_1_68' title='bbox 199 659 363 730; x_wconf 74' lang='lat' dir='ltr'><strong>necessaria</strong></span> <span class='ocrx_word' id='word_1_69' title='bbox 393 658 539 730; x_wconf 81' lang='lat' dir='ltr'><strong>praevidit,</strong></span> <span class='ocrx_word' id='word_1_70' title='bbox 564 659 807 730; x_wconf 83' lang='lat' dir='ltr'><strong>quamadmodum</strong></span> <span class='ocrx_word' id='word_1_71' title='bbox 839 660 924 715; x_wconf 86' lang='lat' dir='ltr'><strong>Pater</strong></span> <span class='ocrx_word' id='word_1_72' title='bbox 976 661 1064 716; x_wconf 75' lang='lat' dir='ltr'><strong>ethre</strong></span> <span class='ocrx_word' id='word_1_73' title='bbox 1080 660 1146 718; x_wconf 82' lang='lat' dir='ltr'><strong>duee</strong></span> <span class='ocrx_word' id='word_1_74' title='bbox 1166 660 1297 728; x_wconf 83' lang='lat' dir='ltr'><strong>virtutes,</strong></span> <span class='ocrx_word' id='word_1_75' title='bbox 1315 677 1414 718; x_wconf 86' lang='lat' dir='ltr'><strong>omues</strong></span> <span class='ocrx_word' id='word_1_76' title='bbox 1433 662 1559 734; x_wconf 82' lang='lat' dir='ltr'><strong>rehquas</strong></span> <span class='ocrx_word' id='word_1_77' title='bbox 1577 661 1697 720; x_wconf 80' lang='lat' dir='ltr'><strong>virtutes</strong></span> <span class='ocrx_word' id='word_1_78' title='bbox 1715 663 1822 734; x_wconf 88' lang='lat' dir='ltr'><strong>produ·</strong></span> 
     </span>
     <span class='ocr_line' id='line_1_7' title="bbox 69 747 1824 822; baseline 0.002 -18"><span class='ocrx_word' id='word_1_79' title='bbox 69 748 142 804; x_wconf 81' lang='lat' dir='ltr'><strong>lilio</strong></span> <span class='ocrx_word' id='word_1_80' title='bbox 165 763 223 804; x_wconf 90' lang='lat' dir='ltr'><strong>sno</strong></span> <span class='ocrx_word' id='word_1_81' title='bbox 243 748 445 806; x_wconf 79' lang='lat' dir='ltr'><strong>haereditatem</strong></span> <span class='ocrx_word' id='word_1_82' title='bbox 468 751 622 820; x_wconf 79' lang='lat' dir='ltr'><strong>praeparat,</strong></span> <span class='ocrx_word' id='word_1_83' title='bbox 646 753 677 803; x_wconf 89' lang='lat' dir='ltr'><strong>et</strong></span> <span class='ocrx_word' id='word_1_84' title='bbox 695 747 736 803; x_wconf 89' lang='lat' dir='ltr'><strong>aie</strong></span> <span class='ocrx_word' id='word_1_85' title='bbox 763 747 795 803; x_wconf 91' lang='lat' dir='ltr'><strong>in</strong></span> <span class='ocrx_word' id='word_1_86' title='bbox 817 763 923 820; x_wconf 87' lang='lat' dir='ltr'><strong>magno</strong></span> <span class='ocrx_word' id='word_1_87' title='bbox 974 751 1055 804; x_wconf 88' lang='lat' dir='ltr'><strong>cnut.</strong></span> <span class='ocrx_word' id='word_1_88' title='bbox 1075 749 1139 806; x_wconf 76' lang='lat' dir='ltr'><strong>late</strong></span> <span class='ocrx_word' id='word_1_89' title='bbox 1161 749 1291 818; x_wconf 78' lang='lat' dir='ltr'><strong>virtutae,</strong></span> <span class='ocrx_word' id='word_1_90' title='bbox 1307 749 1342 805; x_wconf 91' lang='lat' dir='ltr'><strong>ad</strong></span> <span class='ocrx_word' id='word_1_91' title='bbox 1363 750 1485 821; x_wconf 85' lang='lat' dir='ltr'><strong>jannem</strong></span> <span class='ocrx_word' id='word_1_92' title='bbox 1509 756 1601 819; x_wconf 89' lang='lat' dir='ltr'><strong>tuam,</strong></span> <span class='ocrx_word' id='word_1_93' title='bbox 1624 751 1757 822; x_wconf 85' lang='lat' dir='ltr'><strong>chamo,</strong></span> <span class='ocrx_word' id='word_1_94' title='bbox 1777 751 1824 808; x_wconf 92' lang='lat' dir='ltr'><strong>cui</strong></span> 
     </span>
     <span class='ocr_line' id='line_1_8' title="bbox 66 835 1823 910; baseline 0.002 -18"><span class='ocrx_word' id='word_1_95' title='bbox 66 837 176 892; x_wconf 74' lang='grc' dir='ltr'><strong>ιιᾱοιο</strong></span> <span class='ocrx_word' id='word_1_96' title='bbox 206 836 306 893; x_wconf 82' lang='grc' dir='ltr'><strong>οιιιιιιιι</strong></span> <span class='ocrx_word' id='word_1_97' title='bbox 334 853 422 908; x_wconf 90' lang='lat' dir='ltr'><strong>opera</strong></span> <span class='ocrx_word' id='word_1_98' title='bbox 450 852 502 892; x_wconf 90' lang='lat' dir='ltr'><strong>sua</strong></span> <span class='ocrx_word' id='word_1_99' title='bbox 528 835 671 907; x_wconf 76' lang='lat' dir='ltr'><strong>deposuit.</strong></span> <span class='ocrx_word' id='word_1_100' title='bbox 694 836 773 892; x_wconf 87' lang='lat' dir='ltr'><strong>Tunc</strong></span> <span class='ocrx_word' id='word_1_101' title='bbox 792 842 923 892; x_wconf 90' lang='lat' dir='ltr'><strong>creatura</strong></span> <span class='ocrx_word' id='word_1_102' title='bbox 975 838 1036 894; x_wconf 76' lang='lat' dir='ltr'><strong>heac</strong></span> <span class='ocrx_word' id='word_1_103' title='bbox 1062 839 1174 910; x_wconf 85' lang='lat' dir='ltr'><strong>loquor,</strong></span> <span class='ocrx_word' id='word_1_104' title='bbox 1200 839 1325 910; x_wconf 88' lang='lat' dir='ltr'><strong>pulsant,</strong></span> <span class='ocrx_word' id='word_1_105' title='bbox 1350 843 1378 894; x_wconf 94' lang='lat' dir='ltr'><strong>et</strong></span> <span class='ocrx_word' id='word_1_106' title='bbox 1399 837 1501 895; x_wconf 91' lang='lat' dir='ltr'><strong>dicunt</strong></span> <span class='ocrx_word' id='word_1_107' title='bbox 1526 855 1532 894; x_wconf 95' lang='lat'>:</span> <span class='ocrx_word' id='word_1_108' title='bbox 1564 839 1823 898; x_wconf 88' lang='lat' dir='ltr'><strong>Otabernaculum</strong></span> 
     </span>
     <span class='ocr_line' id='line_1_9' title="bbox 67 923 1825 1000; baseline 0.003 -21"><span class='ocrx_word' id='word_1_109' title='bbox 67 925 159 979; x_wconf 87' lang='lat' dir='ltr'><strong>iubis</strong></span> <span class='ocrx_word' id='word_1_110' title='bbox 179 924 342 997; x_wconf 85' lang='lat' dir='ltr'><strong>speciebus,</strong></span> <span class='ocrx_word' id='word_1_111' title='bbox 361 929 390 979; x_wconf 90' lang='lat' dir='ltr'><strong>ct</strong></span> <span class='ocrx_word' id='word_1_112' title='bbox 407 924 439 980; x_wconf 91' lang='lat' dir='ltr'><strong>in</strong></span> <span class='ocrx_word' id='word_1_113' title='bbox 462 924 563 980; x_wconf 82' lang='lat' dir='ltr'><strong>formis</strong></span> <span class='ocrx_word' id='word_1_114' title='bbox 584 923 644 978; x_wconf 91' lang='lat' dir='ltr'><strong>suis</strong></span> <span class='ocrx_word' id='word_1_115' title='bbox 658 925 823 980; x_wconf 86' lang='lat' dir='ltr'><strong>Creatorem</strong></span> <span class='ocrx_word' id='word_1_116' title='bbox 837 939 921 979; x_wconf 88' lang='lat' dir='ltr'><strong>snum</strong></span> <span class='ocrx_word' id='word_1_117' title='bbox 976 926 1030 982; x_wconf 83' lang='lat' dir='ltr'><strong>riri</strong></span> <span class='ocrx_word' id='word_1_118' title='bbox 1051 926 1148 999; x_wconf 74' lang='lat' dir='ltr'><strong>huius,</strong></span> <span class='ocrx_word' id='word_1_119' title='bbox 1170 926 1220 998; x_wconf 87' lang='lat' dir='ltr'><strong>qni</strong></span> <span class='ocrx_word' id='word_1_120' title='bbox 1243 925 1275 982; x_wconf 93' lang='lat' dir='ltr'><strong>in</strong></span> <span class='ocrx_word' id='word_1_121' title='bbox 1299 942 1383 984; x_wconf 89' lang='lat' dir='ltr'><strong>mane</strong></span> <span class='ocrx_word' id='word_1_122' title='bbox 1410 927 1561 984; x_wconf 87' lang='lat' dir='ltr'><strong>nobiscum</strong></span> <span class='ocrx_word' id='word_1_123' title='bbox 1583 933 1690 994; x_wconf 88' lang='lat' dir='ltr'><strong>manet,</strong></span> <span class='ocrx_word' id='word_1_124' title='bbox 1712 929 1773 1000; x_wconf 89' lang='lat' dir='ltr'><strong>jam</strong></span> <span class='ocrx_word' id='word_1_125' title='bbox 1794 929 1825 984; x_wconf 91' lang='lat' dir='ltr'><strong>iu</strong></span> 
     </span>
     <span class='ocr_line' id='line_1_10' title="bbox 68 1011 1823 1086; baseline 0.004 -19"><span class='ocrx_word' id='word_1_126' title='bbox 68 1013 201 1083; x_wconf 82' lang='lat' dir='ltr'><strong>agnovit,</strong></span> <span class='ocrx_word' id='word_1_127' title='bbox 216 1013 356 1085; x_wconf 89' lang='lat' dir='ltr'><strong>qnoniam</strong></span> <span class='ocrx_word' id='word_1_128' title='bbox 369 1013 493 1069; x_wconf 90' lang='lat' dir='ltr'><strong>ebaritas</strong></span> <span class='ocrx_word' id='word_1_129' title='bbox 506 1013 538 1070; x_wconf 91' lang='lat' dir='ltr'><strong>in</strong></span> <span class='ocrx_word' id='word_1_130' title='bbox 553 1011 695 1084; x_wconf 82' lang='lat' dir='ltr'><strong>principio</strong></span> <span class='ocrx_word' id='word_1_131' title='bbox 710 1011 922 1084; x_wconf 75' lang='lat' dir='ltr'><strong>mauriaajus-</strong></span> <span class='ocrx_word' id='word_1_132' title='bbox 975 1015 1145 1086; x_wconf 71' lang='lat' dir='ltr'><strong>fatigatione</strong></span> <span class='ocrx_word' id='word_1_133' title='bbox 1167 1019 1219 1072; x_wconf 89' lang='lat' dir='ltr'><strong>est.</strong></span> <span class='ocrx_word' id='word_1_134' title='bbox 1242 1017 1274 1072; x_wconf 83' lang='lat' dir='ltr'><strong>Et</strong></span> <span class='ocrx_word' id='word_1_135' title='bbox 1292 1015 1416 1072; x_wconf 87' lang='lat' dir='ltr'><strong>charitas</strong></span> <span class='ocrx_word' id='word_1_136' title='bbox 1432 1015 1468 1072; x_wconf 89' lang='lat' dir='ltr'><strong>ad</strong></span> <span class='ocrx_word' id='word_1_137' title='bbox 1484 1023 1512 1072; x_wconf 88' lang='lat' dir='ltr'><strong>te</strong></span> <span class='ocrx_word' id='word_1_138' title='bbox 1528 1015 1619 1072; x_wconf 89' lang='lat' dir='ltr'><strong>dicit:</strong></span> <span class='ocrx_word' id='word_1_139' title='bbox 1636 1017 1658 1072; x_wconf 93' lang='lat'>0</span> <span class='ocrx_word' id='word_1_140' title='bbox 1679 1016 1736 1076; x_wconf 89' lang='lat' dir='ltr'><strong>lide</strong></span> <span class='ocrx_word' id='word_1_141' title='bbox 1750 1018 1823 1074; x_wconf 91' lang='lat' dir='ltr'><strong>ami·</strong></span> 
     </span>
     <span class='ocr_line' id='line_1_11' title="bbox 68 1099 1822 1177; baseline 0.003 -20"><span class='ocrx_word' id='word_1_142' title='bbox 68 1103 135 1158; x_wconf 89' lang='lat' dir='ltr'><strong>dem</strong></span> <span class='ocrx_word' id='word_1_143' title='bbox 150 1106 296 1158; x_wconf 82' lang='lat' dir='ltr'><strong>creaturae</strong></span> <span class='ocrx_word' id='word_1_144' title='bbox 315 1102 355 1158; x_wconf 90' lang='lat' dir='ltr'><strong>sic</strong></span> <span class='ocrx_word' id='word_1_145' title='bbox 370 1101 435 1170; x_wconf 86' lang='lat' dir='ltr'><strong>luit,</strong></span> <span class='ocrx_word' id='word_1_146' title='bbox 454 1102 504 1157; x_wconf 90' lang='lat' dir='ltr'><strong>nbi</strong></span> <span class='ocrx_word' id='word_1_147' title='bbox 524 1100 709 1158; x_wconf 82' lang='lat' dir='ltr'><strong>benedixit:</strong></span> <span class='ocrx_word' id='word_1_148' title='bbox 727 1099 802 1169; x_wconf 76' lang='lat' dir='ltr'><strong>eset,</strong></span> <span class='ocrx_word' id='word_1_149' title='bbox 823 1103 852 1156; x_wconf 84' lang='lat' dir='ltr'><strong>et</strong></span> <span class='ocrx_word' id='word_1_150' title='bbox 864 1100 921 1170; x_wconf 86' lang='lat' dir='ltr'><strong>so·</strong></span> <span class='ocrx_word' id='word_1_151' title='bbox 975 1119 1019 1170; x_wconf 89' lang='lat' dir='ltr'><strong>ce,</strong></span> <span class='ocrx_word' id='word_1_152' title='bbox 1032 1103 1167 1160; x_wconf 88' lang='lat' dir='ltr'><strong>nolumus</strong></span> <span class='ocrx_word' id='word_1_153' title='bbox 1183 1108 1214 1160; x_wconf 91' lang='lat' dir='ltr'><strong>ut</strong></span> <span class='ocrx_word' id='word_1_154' title='bbox 1227 1109 1256 1160; x_wconf 92' lang='lat' dir='ltr'><strong>te</strong></span> <span class='ocrx_word' id='word_1_155' title='bbox 1272 1103 1420 1160; x_wconf 76' lang='lat' dir='ltr'><strong>abstrahas</strong></span> <span class='ocrx_word' id='word_1_156' title='bbox 1435 1103 1470 1160; x_wconf 91' lang='lat' dir='ltr'><strong>de</strong></span> <span class='ocrx_word' id='word_1_157' title='bbox 1493 1103 1609 1161; x_wconf 83' lang='lat' dir='ltr'><strong>officiali</strong></span> <span class='ocrx_word' id='word_1_158' title='bbox 1623 1105 1748 1177; x_wconf 88' lang='lat' dir='ltr'><strong>ligatura</strong></span> <span class='ocrx_word' id='word_1_159' title='bbox 1762 1110 1822 1162; x_wconf 90' lang='lat' dir='ltr'><strong>tue.</strong></span> 
     </span>
     <span class='ocr_line' id='line_1_12' title="bbox 66 1188 1822 1264; baseline 0.003 -20"><span class='ocrx_word' id='word_1_160' title='bbox 66 1194 116 1244; x_wconf 83' lang='lat' dir='ltr'><strong>rto</strong></span> <span class='ocrx_word' id='word_1_161' title='bbox 135 1193 183 1246; x_wconf 81' lang='lat' dir='ltr'><strong>eat</strong></span> <span class='ocrx_word' id='word_1_162' title='bbox 204 1192 290 1262; x_wconf 79' lang='lat' dir='ltr'><strong>(Gerr.</strong></span> <span class='ocrx_word' id='word_1_163' title='bbox 309 1190 342 1263; x_wconf 89' lang='grc' dir='ltr'><strong>ι),</strong></span> <span class='ocrx_word' id='word_1_164' title='bbox 358 1190 427 1262; x_wconf 86' lang='lat' dir='ltr'><strong>quie</strong></span> <span class='ocrx_word' id='word_1_165' title='bbox 446 1188 546 1246; x_wconf 91' lang='lat' dir='ltr'><strong>omnia</strong></span> <span class='ocrx_word' id='word_1_166' title='bbox 564 1194 696 1246; x_wconf 88' lang='lat' dir='ltr'><strong>ereatura</strong></span> <span class='ocrx_word' id='word_1_167' title='bbox 710 1189 792 1262; x_wconf 88' lang='lat' dir='ltr'><strong>quasi</strong></span> <span class='ocrx_word' id='word_1_168' title='bbox 817 1189 847 1246; x_wconf 94' lang='lat' dir='ltr'><strong>in</strong></span> <span class='ocrx_word' id='word_1_169' title='bbox 863 1189 924 1245; x_wconf 90' lang='lat' dir='ltr'><strong>ictu</strong></span> <span class='ocrx_word' id='word_1_170' title='bbox 976 1193 1049 1248; x_wconf 84' lang='lat' dir='ltr'><strong>liam</strong></span> <span class='ocrx_word' id='word_1_171' title='bbox 1065 1207 1132 1250; x_wconf 89' lang='lat' dir='ltr'><strong>cnm</strong></span> <span class='ocrx_word' id='word_1_172' title='bbox 1146 1193 1220 1249; x_wconf 86' lang='lat' dir='ltr'><strong>Deus</strong></span> <span class='ocrx_word' id='word_1_173' title='bbox 1233 1191 1264 1248; x_wconf 91' lang='lat' dir='ltr'><strong>in</strong></span> <span class='ocrx_word' id='word_1_174' title='bbox 1283 1208 1355 1264; x_wconf 76' lang='lat' dir='ltr'><strong>gyro</strong></span> <span class='ocrx_word' id='word_1_175' title='bbox 1369 1193 1433 1248; x_wconf 88' lang='lat' dir='ltr'><strong>eceli</strong></span> <span class='ocrx_word' id='word_1_176' title='bbox 1452 1209 1552 1250; x_wconf 87' lang='lat' dir='ltr'><strong>omnes</strong></span> <span class='ocrx_word' id='word_1_177' title='bbox 1572 1198 1717 1250; x_wconf 75' lang='lat' dir='ltr'><strong>ercamras</strong></span> <span class='ocrx_word' id='word_1_178' title='bbox 1733 1194 1822 1250; x_wconf 89' lang='lat' dir='ltr'><strong>disse·</strong></span> 
     </span>
     <span class='ocr_line' id='line_1_13' title="bbox 68 1277 1823 1354; baseline 0.003 -20"><span class='ocrx_word' id='word_1_179' title='bbox 68 1279 147 1334; x_wconf 87' lang='lat' dir='ltr'><strong>oculi</strong></span> <span class='ocrx_word' id='word_1_180' title='bbox 170 1295 226 1351; x_wconf 90' lang='lat' dir='ltr'><strong>per</strong></span> <span class='ocrx_word' id='word_1_181' title='bbox 244 1279 327 1335; x_wconf 89' lang='lat' dir='ltr'><strong>illam</strong></span> <span class='ocrx_word' id='word_1_182' title='bbox 348 1278 470 1334; x_wconf 79' lang='lat' dir='ltr'><strong>formata</strong></span> <span class='ocrx_word' id='word_1_183' title='bbox 488 1283 541 1335; x_wconf 84' lang='lat' dir='ltr'><strong>cst.</strong></span> <span class='ocrx_word' id='word_1_184' title='bbox 563 1278 632 1344; x_wconf 81' lang='lat' dir='ltr'><strong>oea</strong></span> <span class='ocrx_word' id='word_1_185' title='bbox 654 1277 685 1334; x_wconf 92' lang='lat' dir='ltr'><strong>in</strong></span> <span class='ocrx_word' id='word_1_186' title='bbox 709 1283 789 1334; x_wconf 91' lang='lat' dir='ltr'><strong>tauto</strong></span> <span class='ocrx_word' id='word_1_187' title='bbox 809 1277 923 1350; x_wconf 80' lang='lat' dir='ltr'><strong>fulgore</strong></span> <span class='ocrx_word' id='word_1_188' title='bbox 976 1280 1088 1337; x_wconf 87' lang='lat' dir='ltr'><strong>minare</strong></span> <span class='ocrx_word' id='word_1_189' title='bbox 1101 1281 1201 1349; x_wconf 81' lang='lat' dir='ltr'><strong>coluit,</strong></span> <span class='ocrx_word' id='word_1_190' title='bbox 1216 1282 1314 1337; x_wconf 88' lang='lat' dir='ltr'><strong>omnia</strong></span> <span class='ocrx_word' id='word_1_191' title='bbox 1329 1297 1417 1352; x_wconf 90' lang='lat' dir='ltr'><strong>opera</strong></span> <span class='ocrx_word' id='word_1_192' title='bbox 1440 1282 1504 1352; x_wconf 83' lang='lat' dir='ltr'><strong>ejus</strong></span> <span class='ocrx_word' id='word_1_193' title='bbox 1522 1282 1552 1338; x_wconf 90' lang='grc' dir='ltr'><strong>ιιι</strong></span> <span class='ocrx_word' id='word_1_194' title='bbox 1574 1282 1756 1354; x_wconf 86' lang='lat' dir='ltr'><strong>amplexione</strong></span> <span class='ocrx_word' id='word_1_195' title='bbox 1767 1283 1823 1339; x_wconf 88' lang='lat' dir='ltr'><strong>ha·</strong></span> 
     </span>
     <span class='ocr_line' id='line_1_14' title="bbox 67 1367 1821 1441; baseline 0 -17"><span class='ocrx_word' id='word_1_196' title='bbox 67 1369 233 1440; x_wconf 80' lang='lat' dir='ltr'><strong>splendidae</strong></span> <span class='ocrx_word' id='word_1_197' title='bbox 247 1368 331 1424; x_wconf 85' lang='lat' dir='ltr'><strong>lactei</strong></span> <span class='ocrx_word' id='word_1_198' title='bbox 345 1368 446 1440; x_wconf 77' lang='lat' dir='ltr'><strong>fulget,</strong></span> <span class='ocrx_word' id='word_1_199' title='bbox 467 1373 500 1423; x_wconf 91' lang='lat' dir='ltr'><strong>nt</strong></span> <span class='ocrx_word' id='word_1_200' title='bbox 520 1384 585 1424; x_wconf 89' lang='lat' dir='ltr'><strong>earn</strong></span> <span class='ocrx_word' id='word_1_201' title='bbox 601 1367 726 1441; x_wconf 79' lang='lat' dir='ltr'><strong>perlaeta</strong></span> <span class='ocrx_word' id='word_1_202' title='bbox 741 1367 848 1423; x_wconf 90' lang='lat' dir='ltr'><strong>intueri</strong></span> <span class='ocrx_word' id='word_1_203' title='bbox 863 1383 923 1424; x_wconf 92' lang='lat' dir='ltr'><strong>uon</strong></span> <span class='ocrx_word' id='word_1_204' title='bbox 976 1368 1103 1436; x_wconf 89' lang='lat' dir='ltr'><strong>buimue,</strong></span> <span class='ocrx_word' id='word_1_205' title='bbox 1118 1373 1146 1424; x_wconf 91' lang='lat' dir='ltr'><strong>et</strong></span> <span class='ocrx_word' id='word_1_206' title='bbox 1168 1385 1233 1424; x_wconf 89' lang='lat' dir='ltr'><strong>cum</strong></span> <span class='ocrx_word' id='word_1_207' title='bbox 1247 1385 1281 1426; x_wconf 90' lang='lat' dir='ltr'><strong>eo</strong></span> <span class='ocrx_word' id='word_1_208' title='bbox 1298 1369 1502 1426; x_wconf 80' lang='lat' dir='ltr'><strong>laboravimus.</strong></span> <span class='ocrx_word' id='word_1_209' title='bbox 1528 1370 1583 1426; x_wconf 90' lang='lat' dir='ltr'><strong>Sed</strong></span> <span class='ocrx_word' id='word_1_210' title='bbox 1607 1371 1694 1427; x_wconf 88' lang='lat' dir='ltr'><strong>home</strong></span> <span class='ocrx_word' id='word_1_211' title='bbox 1709 1370 1821 1438; x_wconf 88' lang='lat' dir='ltr'><strong>cecidit,</strong></span> 
     </span>
     <span class='ocr_line' id='line_1_15' title="bbox 67 1454 1824 1529; baseline 0.001 -18"><span class='ocrx_word' id='word_1_212' title='bbox 67 1457 173 1528; x_wconf 83' lang='lat' dir='ltr'><strong>possis,</strong></span> <span class='ocrx_word' id='word_1_213' title='bbox 191 1457 262 1529; x_wconf 84' lang='lat' dir='ltr'><strong>qnia</strong></span> <span class='ocrx_word' id='word_1_214' title='bbox 275 1458 339 1529; x_wconf 87' lang='lat' dir='ltr'><strong>ipsa</strong></span> <span class='ocrx_word' id='word_1_215' title='bbox 353 1457 487 1513; x_wconf 90' lang='lat' dir='ltr'><strong>timorem</strong></span> <span class='ocrx_word' id='word_1_216' title='bbox 501 1455 617 1513; x_wconf 81' lang='lat' dir='ltr'><strong>tietuini</strong></span> <span class='ocrx_word' id='word_1_217' title='bbox 627 1455 657 1511; x_wconf 95' lang='lat' dir='ltr'><strong>iu</strong></span> <span class='ocrx_word' id='word_1_218' title='bbox 668 1458 726 1511; x_wconf 92' lang='lat' dir='ltr'><strong>tam</strong></span> <span class='ocrx_word' id='word_1_219' title='bbox 742 1471 814 1527; x_wconf 87' lang='lat' dir='ltr'><strong>pura</strong></span> <span class='ocrx_word' id='word_1_220' title='bbox 829 1454 923 1510; x_wconf 85' lang='lat' dir='ltr'><strong>scieu-</strong></span> <span class='ocrx_word' id='word_1_221' title='bbox 976 1459 1007 1510; x_wconf 89' lang='lat' dir='ltr'><strong>et</strong></span> <span class='ocrx_word' id='word_1_222' title='bbox 1018 1471 1084 1512; x_wconf 91' lang='lat' dir='ltr'><strong>oum</strong></span> <span class='ocrx_word' id='word_1_223' title='bbox 1099 1454 1149 1512; x_wconf 90' lang='lat' dir='ltr'><strong>illo</strong></span> <span class='ocrx_word' id='word_1_224' title='bbox 1164 1454 1305 1524; x_wconf 86' lang='lat' dir='ltr'><strong>flevimus,</strong></span> <span class='ocrx_word' id='word_1_225' title='bbox 1326 1471 1379 1512; x_wconf 89' lang='lat' dir='ltr'><strong>nec</strong></span> <span class='ocrx_word' id='word_1_226' title='bbox 1402 1472 1466 1512; x_wconf 88' lang='lat' dir='ltr'><strong>eum</strong></span> <span class='ocrx_word' id='word_1_227' title='bbox 1488 1457 1669 1528; x_wconf 79' lang='lat' dir='ltr'><strong>reliquimus,</strong></span> <span class='ocrx_word' id='word_1_228' title='bbox 1692 1457 1824 1529; x_wconf 86' lang='lat' dir='ltr'><strong>quemvis</strong></span> 
     </span>
     <span class='ocr_line' id='line_1_16' title="bbox 68 1542 1824 1618; baseline 0 -18"><span class='ocrx_word' id='word_1_229' title='bbox 68 1548 109 1600; x_wconf 88' lang='lat' dir='ltr'><strong>tia</strong></span> <span class='ocrx_word' id='word_1_230' title='bbox 138 1545 279 1612; x_wconf 79' lang='lat' dir='ltr'><strong>ostendit,</strong></span> <span class='ocrx_word' id='word_1_231' title='bbox 308 1546 386 1618; x_wconf 82' lang='lat' dir='ltr'><strong>quod</strong></span> <span class='ocrx_word' id='word_1_232' title='bbox 411 1544 543 1601; x_wconf 86' lang='lat' dir='ltr'><strong>mortalis</strong></span> <span class='ocrx_word' id='word_1_233' title='bbox 571 1545 659 1600; x_wconf 91' lang='lat' dir='ltr'><strong>homo</strong></span> <span class='ocrx_word' id='word_1_234' title='bbox 684 1560 750 1600; x_wconf 89' lang='lat' dir='ltr'><strong>eam</strong></span> <span class='ocrx_word' id='word_1_235' title='bbox 776 1545 811 1600; x_wconf 90' lang='lat' dir='ltr'><strong>ad</strong></span> <span class='ocrx_word' id='word_1_236' title='bbox 832 1544 921 1600; x_wconf 88' lang='lat' dir='ltr'><strong>linaro</strong></span> <span class='ocrx_word' id='word_1_237' title='bbox 976 1542 1008 1598; x_wconf 91' lang='lat' dir='ltr'><strong>iu</strong></span> <span class='ocrx_word' id='word_1_238' title='bbox 1031 1543 1176 1600; x_wconf 89' lang='lat' dir='ltr'><strong>maxillam</strong></span> <span class='ocrx_word' id='word_1_239' title='bbox 1199 1549 1324 1600; x_wconf 89' lang='lat' dir='ltr'><strong>nostram</strong></span> <span class='ocrx_word' id='word_1_240' title='bbox 1344 1560 1395 1600; x_wconf 91' lang='lat' dir='ltr'><strong>nos</strong></span> <span class='ocrx_word' id='word_1_241' title='bbox 1416 1545 1547 1600; x_wconf 78' lang='lat' dir='ltr'><strong>caderet.</strong></span> <span class='ocrx_word' id='word_1_242' title='bbox 1572 1546 1606 1600; x_wconf 85' lang='lat' dir='ltr'><strong>Et</strong></span> <span class='ocrx_word' id='word_1_243' title='bbox 1627 1544 1774 1602; x_wconf 85' lang='lat' dir='ltr'><strong>humilitas</strong></span> <span class='ocrx_word' id='word_1_244' title='bbox 1788 1545 1824 1600; x_wconf 90' lang='lat' dir='ltr'><strong>ad</strong></span> 
     </span>
     <span class='ocr_line' id='line_1_17' title="bbox 68 1609 1823 1706; baseline 0 -17"><span class='ocrx_word' id='word_1_245' title='bbox 68 1635 232 1706; x_wconf 83' lang='lat' dir='ltr'><strong>perducere</strong></span> <span class='ocrx_word' id='word_1_246' title='bbox 247 1649 306 1690; x_wconf 93' lang='lat' dir='ltr'><strong>uon</strong></span> <span class='ocrx_word' id='word_1_247' title='bbox 320 1635 436 1706; x_wconf 86' lang='lat' dir='ltr'><strong>poterit.</strong></span> <span class='ocrx_word' id='word_1_248' title='bbox 453 1634 486 1690; x_wconf 80' lang='lat' dir='ltr'><strong>lit</strong></span> <span class='ocrx_word' id='word_1_249' title='bbox 505 1632 626 1705; x_wconf 87' lang='lat' dir='ltr'><strong>pallium</strong></span> <span class='ocrx_word' id='word_1_250' title='bbox 643 1632 791 1688; x_wconf 87' lang='lat' dir='ltr'><strong>candidius</strong></span> <span class='ocrx_word' id='word_1_251' title='bbox 804 1631 880 1701; x_wconf 82' lang='lat' dir='ltr'><strong>nire,</strong></span> <span class='ocrx_word' id='word_1_252' title='bbox 895 1635 924 1686; x_wconf 87' lang='lat' dir='ltr'><strong>at</strong></span> <span class='ocrx_word' id='word_1_253' title='bbox 942 1609 1005 1687; x_wconf 76' lang='lat' dir='ltr'><strong>Bte</strong></span> <span class='ocrx_word' id='word_1_254' title='bbox 1019 1631 1181 1704; x_wconf 88' lang='lat' dir='ltr'><strong>specialiter</strong></span> <span class='ocrx_word' id='word_1_255' title='bbox 1200 1631 1269 1688; x_wconf 92' lang='lat' dir='ltr'><strong>dieit</strong></span> <span class='ocrx_word' id='word_1_256' title='bbox 1281 1649 1288 1687; x_wconf 77' lang='grc' dir='ltr'>ε</span> <span class='ocrx_word' id='word_1_257' title='bbox 1302 1632 1364 1704; x_wconf 88' lang='lat' dir='ltr'><strong>llei,</strong></span> <span class='ocrx_word' id='word_1_258' title='bbox 1376 1632 1434 1699; x_wconf 88' lang='lat' dir='ltr'><strong>hei,</strong></span> <span class='ocrx_word' id='word_1_259' title='bbox 1447 1648 1533 1704; x_wconf 85' lang='lat' dir='ltr'><strong>qnam</strong></span> <span class='ocrx_word' id='word_1_260' title='bbox 1547 1633 1660 1704; x_wconf 89' lang='lat' dir='ltr'><strong>magnis</strong></span> <span class='ocrx_word' id='word_1_261' title='bbox 1674 1633 1823 1690; x_wconf 87' lang='lat' dir='ltr'><strong>doloribus</strong></span> 
     </span>
    </p>
   </div>
   <div class='ocr_carea' id='block_1_3' title="bbox 67 1718 1913 1794">
    <p class='ocr_par' dir='ltr' id='par_1_3' title="bbox 67 1718 1913 1794">
     <span class='ocr_line' id='line_1_18' title="bbox 67 1718 1913 1794; baseline 0 -16"><span class='ocrx_word' id='word_1_262' title='bbox 67 1724 177 1778; x_wconf 85' lang='lat' dir='ltr'><strong>clarius</strong></span> <span class='ocrx_word' id='word_1_263' title='bbox 204 1722 294 1778; x_wconf 87' lang='lat' dir='ltr'><strong>stellis</strong></span> <span class='ocrx_word' id='word_1_264' title='bbox 317 1723 416 1789; x_wconf 89' lang='lat' dir='ltr'><strong>habet,</strong></span> <span class='ocrx_word' id='word_1_265' title='bbox 442 1721 580 1794; x_wconf 86' lang='lat' dir='ltr'><strong>quoniam</strong></span> <span class='ocrx_word' id='word_1_266' title='bbox 604 1721 665 1776; x_wconf 88' lang='lat' dir='ltr'><strong>sine</strong></span> <span class='ocrx_word' id='word_1_267' title='bbox 685 1720 870 1776; x_wconf 77' lang='lat' dir='ltr'><strong>simulatione</strong></span> <span class='ocrx_word' id='word_1_268' title='bbox 892 1720 923 1778; x_wconf 91' lang='lat' dir='ltr'><strong>iu</strong></span> <span class='ocrx_word' id='word_1_269' title='bbox 975 1718 1127 1776; x_wconf 88' lang='lat' dir='ltr'><strong>homiuem</strong></span> <span class='ocrx_word' id='word_1_270' title='bbox 1147 1719 1284 1776; x_wconf 89' lang='lat' dir='ltr'><strong>sustinuit</strong></span> <span class='ocrx_word' id='word_1_271' title='bbox 1310 1723 1353 1777; x_wconf 88' lang='lat' dir='ltr'><strong>Tu</strong></span> <span class='ocrx_word' id='word_1_272' title='bbox 1375 1725 1472 1778; x_wconf 90' lang='lat' dir='ltr'><strong>eutem</strong></span> <span class='ocrx_word' id='word_1_273' title='bbox 1496 1719 1590 1776; x_wconf 88' lang='lat' dir='ltr'><strong>dicis:</strong></span> <span class='ocrx_word' id='word_1_274' title='bbox 1616 1722 1726 1792; x_wconf 85' lang='lat' dir='ltr'><strong>Fugere</strong></span> <span class='ocrx_word' id='word_1_275' title='bbox 1747 1721 1822 1778; x_wconf 78' lang='lat' dir='ltr'><strong>volo.</strong></span> <span class='ocrx_word' id='word_1_276' title='bbox 1905 1781 1913 1788; x_wconf 74' lang='grc'><strong>,</strong></span> 
     </span>
    </p>
   </div>
   <div class='ocr_carea' id='block_1_4' title="bbox 67 1806 1864 5338">
    <p class='ocr_par' dir='ltr' id='par_1_4' title="bbox 67 1806 1825 3829">
     <span class='ocr_line' id='line_1_19' title="bbox 67 1806 1825 1880; baseline 0.001 -15"><span class='ocrx_word' id='word_1_277' title='bbox 67 1807 490 1865; x_wconf 88' lang='lat' dir='ltr'><strong>eandidainnoeentiacuucta</strong></span> <span class='ocrx_word' id='word_1_278' title='bbox 501 1806 729 1879; x_wconf 81' lang='lat' dir='ltr'><strong>comprehendit,</strong></span> <span class='ocrx_word' id='word_1_279' title='bbox 744 1822 810 1862; x_wconf 91' lang='lat' dir='ltr'><strong>cnm</strong></span> <span class='ocrx_word' id='word_1_280' title='bbox 825 1806 923 1877; x_wconf 89' lang='lat' dir='ltr'><strong>splen·</strong></span> <span class='ocrx_word' id='word_1_281' title='bbox 977 1807 1032 1864; x_wconf 88' lang='lat' dir='ltr'><strong>Sed</strong></span> <span class='ocrx_word' id='word_1_282' title='bbox 1050 1807 1190 1863; x_wconf 85' lang='lat' dir='ltr'><strong>sarcinam</strong></span> <span class='ocrx_word' id='word_1_283' title='bbox 1218 1808 1253 1864; x_wconf 91' lang='lat' dir='ltr'><strong>ad</strong></span> <span class='ocrx_word' id='word_1_284' title='bbox 1277 1809 1452 1880; x_wconf 89' lang='lat' dir='ltr'><strong>portandum</strong></span> <span class='ocrx_word' id='word_1_285' title='bbox 1476 1809 1507 1864; x_wconf 90' lang='lat' dir='ltr'><strong>iu</strong></span> <span class='ocrx_word' id='word_1_286' title='bbox 1532 1808 1646 1864; x_wconf 76' lang='lat' dir='ltr'><strong>vineam</strong></span> <span class='ocrx_word' id='word_1_287' title='bbox 1673 1809 1772 1880; x_wconf 89' lang='lat' dir='ltr'><strong>habea,</strong></span> <span class='ocrx_word' id='word_1_288' title='bbox 1796 1814 1825 1866; x_wconf 87' lang='lat' dir='ltr'><strong>et</strong></span> 
     </span>
     <span class='ocr_line' id='line_1_20' title="bbox 67 1893 1825 1968; baseline 0.001 -15"><span class='ocrx_word' id='word_1_289' title='bbox 67 1897 231 1954; x_wconf 83' lang='lat' dir='ltr'><strong>didiscimis</strong></span> <span class='ocrx_word' id='word_1_290' title='bbox 256 1895 394 1968; x_wconf 89' lang='lat' dir='ltr'><strong>operibus</strong></span> <span class='ocrx_word' id='word_1_291' title='bbox 426 1895 541 1950; x_wconf 87' lang='lat' dir='ltr'><strong>sanctis.</strong></span> <span class='ocrx_word' id='word_1_292' title='bbox 573 1893 775 1950; x_wconf 84' lang='lat' dir='ltr'><strong>Calceamentis</strong></span> <span class='ocrx_word' id='word_1_293' title='bbox 807 1908 923 1966; x_wconf 86' lang='lat' dir='ltr'><strong>qnoque</strong></span> <span class='ocrx_word' id='word_1_294' title='bbox 976 1900 1123 1964; x_wconf 88' lang='lat' dir='ltr'><strong>stas;uec</strong></span> <span class='ocrx_word' id='word_1_295' title='bbox 1146 1897 1294 1952; x_wconf 89' lang='lat' dir='ltr'><strong>ambulare</strong></span> <span class='ocrx_word' id='word_1_296' title='bbox 1315 1896 1368 1964; x_wconf 81' lang='lat' dir='ltr'><strong>vis,</strong></span> <span class='ocrx_word' id='word_1_297' title='bbox 1387 1896 1487 1953; x_wconf 89' lang='lat' dir='ltr'><strong>sedin</strong></span> <span class='ocrx_word' id='word_1_298' title='bbox 1510 1897 1595 1953; x_wconf 79' lang='lat' dir='ltr'><strong>taedio</strong></span> <span class='ocrx_word' id='word_1_299' title='bbox 1616 1898 1825 1966; x_wconf 80' lang='lat' dir='ltr'><strong>involveris,et</strong></span> 
     </span>
     <span class='ocr_line' id='line_1_21' title="bbox 68 1981 1823 2058; baseline 0.001 -18"><span class='ocrx_word' id='word_1_300' title='bbox 68 1987 149 2042; x_wconf 85' lang='lat' dir='ltr'><strong>ralnt</strong></span> <span class='ocrx_word' id='word_1_301' title='bbox 163 1986 203 2045; x_wconf 86' lang='lat' dir='ltr'><strong>de</strong></span> <span class='ocrx_word' id='word_1_302' title='bbox 225 1983 383 2058; x_wconf 88' lang='lat' dir='ltr'><strong>purissimo</strong></span> <span class='ocrx_word' id='word_1_303' title='bbox 403 1999 474 2039; x_wconf 87' lang='lat' dir='ltr'><strong>auro</strong></span> <span class='ocrx_word' id='word_1_304' title='bbox 493 1982 633 2051; x_wconf 88' lang='lat' dir='ltr'><strong>induitur,</strong></span> <span class='ocrx_word' id='word_1_305' title='bbox 653 1981 723 2055; x_wconf 88' lang='lat' dir='ltr'><strong>quia</strong></span> <span class='ocrx_word' id='word_1_306' title='bbox 741 1982 803 2038; x_wconf 79' lang='lat' dir='ltr'><strong>liceo</strong></span> <span class='ocrx_word' id='word_1_307' title='bbox 818 1981 924 2038; x_wconf 89' lang='lat' dir='ltr'><strong>itinera</strong></span> <span class='ocrx_word' id='word_1_308' title='bbox 976 1985 1008 2040; x_wconf 92' lang='lat' dir='ltr'><strong>in</strong></span> <span class='ocrx_word' id='word_1_309' title='bbox 1025 1985 1109 2042; x_wconf 89' lang='lat' dir='ltr'><strong>aliam</strong></span> <span class='ocrx_word' id='word_1_310' title='bbox 1128 1985 1204 2041; x_wconf 83' lang='lat' dir='ltr'><strong>viam</strong></span> <span class='ocrx_word' id='word_1_311' title='bbox 1227 1985 1340 2058; x_wconf 85' lang='lat' dir='ltr'><strong>aspicis.</strong></span> <span class='ocrx_word' id='word_1_312' title='bbox 1366 1985 1448 2042; x_wconf 87' lang='lat' dir='ltr'><strong>Certe</strong></span> <span class='ocrx_word' id='word_1_313' title='bbox 1468 2001 1562 2042; x_wconf 90' lang='lat' dir='ltr'><strong>comes</strong></span> <span class='ocrx_word' id='word_1_314' title='bbox 1588 1991 1684 2042; x_wconf 89' lang='lat' dir='ltr'><strong>noster</strong></span> <span class='ocrx_word' id='word_1_315' title='bbox 1705 1987 1746 2042; x_wconf 87' lang='lat' dir='ltr'><strong>sic</strong></span> <span class='ocrx_word' id='word_1_316' title='bbox 1765 2001 1823 2042; x_wconf 91' lang='lat' dir='ltr'><strong>nou</strong></span> 
     </span>
     <span class='ocr_line' id='line_1_22' title="bbox 68 2069 1823 2153; baseline -0.001 -22"><span class='ocrx_word' id='word_1_317' title='bbox 68 2075 169 2142; x_wconf 88' lang='lat' dir='ltr'><strong>habet,</strong></span> <span class='ocrx_word' id='word_1_318' title='bbox 187 2089 256 2146; x_wconf 79' lang='lat' dir='ltr'><strong>quae</strong></span> <span class='ocrx_word' id='word_1_319' title='bbox 269 2074 299 2128; x_wconf 92' lang='lat' dir='ltr'><strong>in</strong></span> <span class='ocrx_word' id='word_1_320' title='bbox 313 2073 425 2144; x_wconf 91' lang='lat' dir='ltr'><strong>optima</strong></span> <span class='ocrx_word' id='word_1_321' title='bbox 437 2078 520 2144; x_wconf 87' lang='lat' dir='ltr'><strong>perte</strong></span> <span class='ocrx_word' id='word_1_322' title='bbox 539 2071 687 2128; x_wconf 82' lang='lat' dir='ltr'><strong>electionis</strong></span> <span class='ocrx_word' id='word_1_323' title='bbox 710 2069 761 2127; x_wconf 84' lang='lat' dir='ltr'><strong>Dei</strong></span> <span class='ocrx_word' id='word_1_324' title='bbox 775 2075 852 2126; x_wconf 87' lang='lat' dir='ltr'><strong>snut.</strong></span> <span class='ocrx_word' id='word_1_325' title='bbox 869 2070 922 2126; x_wconf 91' lang='lat' dir='ltr'><strong>So·</strong></span> <span class='ocrx_word' id='word_1_326' title='bbox 976 2071 1072 2129; x_wconf 85' lang='lat' dir='ltr'><strong>faciet.</strong></span> <span class='ocrx_word' id='word_1_327' title='bbox 1090 2074 1161 2130; x_wconf 85' lang='lat' dir='ltr'><strong>Cum</strong></span> <span class='ocrx_word' id='word_1_328' title='bbox 1173 2079 1271 2153; x_wconf 85' lang='lat' dir='ltr'><strong>autem</strong></span> <span class='ocrx_word' id='word_1_329' title='bbox 1287 2075 1411 2146; x_wconf 90' lang='lat' dir='ltr'><strong>populus</strong></span> <span class='ocrx_word' id='word_1_330' title='bbox 1425 2079 1452 2130; x_wconf 89' lang='lat' dir='ltr'><strong>ta</strong></span> <span class='ocrx_word' id='word_1_331' title='bbox 1469 2079 1555 2142; x_wconf 88' lang='lat' dir='ltr'><strong>amet,</strong></span> <span class='ocrx_word' id='word_1_332' title='bbox 1569 2090 1634 2130; x_wconf 91' lang='lat' dir='ltr'><strong>cnm</strong></span> <span class='ocrx_word' id='word_1_333' title='bbox 1649 2074 1698 2130; x_wconf 91' lang='lat' dir='ltr'><strong>illo</strong></span> <span class='ocrx_word' id='word_1_334' title='bbox 1712 2074 1823 2132; x_wconf 89' lang='lat' dir='ltr'><strong>labora.</strong></span> 
     </span>
     <span class='ocr_line' id='line_1_23' title="bbox 68 2160 1824 2234; baseline -0.001 -16"><span class='ocrx_word' id='word_1_335' title='bbox 68 2165 124 2219; x_wconf 93' lang='lat' dir='ltr'><strong>lem</strong></span> <span class='ocrx_word' id='word_1_336' title='bbox 139 2168 245 2220; x_wconf 62' lang='lat' dir='ltr'><strong>aarum</strong></span> <span class='ocrx_word' id='word_1_337' title='bbox 257 2165 287 2218; x_wconf 90' lang='lat' dir='ltr'><strong>et</strong></span> <span class='ocrx_word' id='word_1_338' title='bbox 302 2161 402 2217; x_wconf 88' lang='lat' dir='ltr'><strong>lunam</strong></span> <span class='ocrx_word' id='word_1_339' title='bbox 419 2160 450 2216; x_wconf 94' lang='lat' dir='ltr'><strong>iu</strong></span> <span class='ocrx_word' id='word_1_340' title='bbox 472 2176 563 2216; x_wconf 87' lang='lat' dir='ltr'><strong>manu</strong></span> <span class='ocrx_word' id='word_1_341' title='bbox 583 2160 702 2216; x_wconf 83' lang='lat' dir='ltr'><strong>dextera</strong></span> <span class='ocrx_word' id='word_1_342' title='bbox 720 2163 809 2228; x_wconf 90' lang='lat' dir='ltr'><strong>tenet,</strong></span> <span class='ocrx_word' id='word_1_343' title='bbox 824 2164 855 2214; x_wconf 93' lang='lat' dir='ltr'><strong>et</strong></span> <span class='ocrx_word' id='word_1_344' title='bbox 874 2175 923 2215; x_wconf 87' lang='lat' dir='ltr'><strong>eos</strong></span> <span class='ocrx_word' id='word_1_345' title='bbox 976 2161 1031 2217; x_wconf 87' lang='lat' dir='ltr'><strong>Sed</strong></span> <span class='ocrx_word' id='word_1_346' title='bbox 1045 2177 1110 2217; x_wconf 90' lang='lat' dir='ltr'><strong>cnm</strong></span> <span class='ocrx_word' id='word_1_347' title='bbox 1134 2162 1262 2234; x_wconf 85' lang='lat' dir='ltr'><strong>rugitum</strong></span> <span class='ocrx_word' id='word_1_348' title='bbox 1282 2163 1361 2218; x_wconf 84' lang='lat' dir='ltr'><strong>venti</strong></span> <span class='ocrx_word' id='word_1_349' title='bbox 1381 2179 1447 2218; x_wconf 91' lang='lat' dir='ltr'><strong>cnm</strong></span> <span class='ocrx_word' id='word_1_350' title='bbox 1471 2162 1673 2234; x_wconf 82' lang='lat' dir='ltr'><strong>inquietudine</strong></span> <span class='ocrx_word' id='word_1_351' title='bbox 1693 2161 1763 2218; x_wconf 88' lang='lat' dir='ltr'><strong>belli</strong></span> <span class='ocrx_word' id='word_1_352' title='bbox 1782 2161 1824 2217; x_wconf 79' lang='lat' dir='ltr'><strong>ri-</strong></span> 
     </span>
     <span class='ocr_line' id='line_1_24' title="bbox 69 2247 1825 2323; baseline 0 -17"><span class='ocrx_word' id='word_1_353' title='bbox 69 2252 200 2308; x_wconf 81' lang='lat' dir='ltr'><strong>suaviter</strong></span> <span class='ocrx_word' id='word_1_354' title='bbox 226 2249 419 2323; x_wconf 81' lang='lat' dir='ltr'><strong>amplectitur,</strong></span> <span class='ocrx_word' id='word_1_355' title='bbox 449 2249 587 2322; x_wconf 82' lang='lat' dir='ltr'><strong>quonium</strong></span> <span class='ocrx_word' id='word_1_356' title='bbox 611 2249 728 2304; x_wconf 86' lang='lat' dir='ltr'><strong>dextera</strong></span> <span class='ocrx_word' id='word_1_357' title='bbox 750 2248 800 2303; x_wconf 82' lang='lat' dir='ltr'><strong>liei</strong></span> <span class='ocrx_word' id='word_1_358' title='bbox 823 2263 922 2304; x_wconf 88' lang='lat' dir='ltr'><strong>omnes</strong></span> <span class='ocrx_word' id='word_1_359' title='bbox 976 2247 1150 2304; x_wconf 87' lang='lat' dir='ltr'><strong>cissitndiuis</strong></span> <span class='ocrx_word' id='word_1_360' title='bbox 1172 2265 1286 2306; x_wconf 89' lang='lat' dir='ltr'><strong>morum</strong></span> <span class='ocrx_word' id='word_1_361' title='bbox 1303 2251 1411 2315; x_wconf 87' lang='lat' dir='ltr'><strong>ellluat,</strong></span> <span class='ocrx_word' id='word_1_362' title='bbox 1435 2251 1499 2308; x_wconf 87' lang='lat' dir='ltr'><strong>vide</strong></span> <span class='ocrx_word' id='word_1_363' title='bbox 1522 2251 1559 2307; x_wconf 90' lang='lat' dir='ltr'><strong>ad</strong></span> <span class='ocrx_word' id='word_1_364' title='bbox 1582 2267 1639 2320; x_wconf 88' lang='lat' dir='ltr'><strong>me,</strong></span> <span class='ocrx_word' id='word_1_365' title='bbox 1663 2257 1691 2307; x_wconf 90' lang='lat' dir='ltr'><strong>et</strong></span> <span class='ocrx_word' id='word_1_366' title='bbox 1711 2252 1742 2307; x_wconf 91' lang='lat' dir='ltr'><strong>in</strong></span> <span class='ocrx_word' id='word_1_367' title='bbox 1764 2255 1825 2307; x_wconf 90' lang='lat' dir='ltr'><strong>tote</strong></span> 
     </span>
     <span class='ocr_line' id='line_1_25' title="bbox 69 2335 1822 2411; baseline -0.001 -15"><span class='ocrx_word' id='word_1_368' title='bbox 69 2347 218 2396; x_wconf 75' lang='lat' dir='ltr'><strong>uenturas</strong></span> <span class='ocrx_word' id='word_1_369' title='bbox 243 2337 453 2411; x_wconf 88' lang='lat' dir='ltr'><strong>complectitur,</strong></span> <span class='ocrx_word' id='word_1_370' title='bbox 478 2342 508 2393; x_wconf 91' lang='lat' dir='ltr'><strong>et</strong></span> <span class='ocrx_word' id='word_1_371' title='bbox 529 2336 599 2410; x_wconf 84' lang='lat' dir='ltr'><strong>quie</strong></span> <span class='ocrx_word' id='word_1_372' title='bbox 619 2337 707 2392; x_wconf 89' lang='lat' dir='ltr'><strong>etiam</strong></span> <span class='ocrx_word' id='word_1_373' title='bbox 733 2335 852 2392; x_wconf 87' lang='lat' dir='ltr'><strong>dilatata</strong></span> <span class='ocrx_word' id='word_1_374' title='bbox 879 2339 923 2392; x_wconf 89' lang='lat' dir='ltr'><strong>est</strong></span> <span class='ocrx_word' id='word_1_375' title='bbox 975 2336 1107 2408; x_wconf 88' lang='lat' dir='ltr'><strong>potentia</strong></span> <span class='ocrx_word' id='word_1_376' title='bbox 1122 2338 1234 2394; x_wconf 90' lang='lat' dir='ltr'><strong>alarum</strong></span> <span class='ocrx_word' id='word_1_377' title='bbox 1255 2354 1385 2396; x_wconf 87' lang='lat' dir='ltr'><strong>mearum</strong></span> <span class='ocrx_word' id='word_1_378' title='bbox 1406 2343 1433 2396; x_wconf 92' lang='lat' dir='ltr'><strong>te</strong></span> <span class='ocrx_word' id='word_1_379' title='bbox 1449 2340 1603 2411; x_wconf 74' lang='lat' dir='ltr'><strong>adjurabo.</strong></span> <span class='ocrx_word' id='word_1_380' title='bbox 1619 2340 1741 2398; x_wconf 88' lang='lat' dir='ltr'><strong>Samson</strong></span> <span class='ocrx_word' id='word_1_381' title='bbox 1763 2339 1822 2394; x_wconf 90' lang='lat' dir='ltr'><strong>ior-</strong></span> 
     </span>
     <span class='ocr_line' id='line_1_26' title="bbox 67 2423 1823 2501; baseline -0.001 -17"><span class='ocrx_word' id='word_1_382' title='bbox 67 2430 98 2484; x_wconf 92' lang='lat' dir='ltr'><strong>in</strong></span> <span class='ocrx_word' id='word_1_383' title='bbox 120 2428 271 2501; x_wconf 86' lang='lat' dir='ltr'><strong>gentibus,</strong></span> <span class='ocrx_word' id='word_1_384' title='bbox 293 2427 326 2482; x_wconf 91' lang='lat' dir='ltr'><strong>iu</strong></span> <span class='ocrx_word' id='word_1_385' title='bbox 348 2426 497 2498; x_wconf 88' lang='lat' dir='ltr'><strong>reguis‚et</strong></span> <span class='ocrx_word' id='word_1_386' title='bbox 520 2426 550 2483; x_wconf 93' lang='lat' dir='ltr'><strong>in</strong></span> <span class='ocrx_word' id='word_1_387' title='bbox 575 2426 711 2481; x_wconf 89' lang='lat' dir='ltr'><strong>omnihus</strong></span> <span class='ocrx_word' id='word_1_388' title='bbox 729 2425 822 2481; x_wconf 89' lang='lat' dir='ltr'><strong>bouis.</strong></span> <span class='ocrx_word' id='word_1_389' title='bbox 841 2425 921 2481; x_wconf 89' lang='lat' dir='ltr'><strong>Unde</strong></span> <span class='ocrx_word' id='word_1_390' title='bbox 975 2423 1113 2495; x_wconf 88' lang='lat' dir='ltr'><strong>tissimus,</strong></span> <span class='ocrx_word' id='word_1_391' title='bbox 1140 2440 1194 2497; x_wconf 89' lang='lat' dir='ltr'><strong>per</strong></span> <span class='ocrx_word' id='word_1_392' title='bbox 1214 2426 1365 2490; x_wconf 85' lang='lat' dir='ltr'><strong>stultitiam</strong></span> <span class='ocrx_word' id='word_1_393' title='bbox 1391 2427 1520 2483; x_wconf 84' lang='lat' dir='ltr'><strong>mulieris</strong></span> <span class='ocrx_word' id='word_1_394' title='bbox 1543 2428 1601 2485; x_wconf 88' lang='lat' dir='ltr'><strong>vim</strong></span> <span class='ocrx_word' id='word_1_395' title='bbox 1621 2443 1704 2484; x_wconf 89' lang='lat' dir='ltr'><strong>suam</strong></span> <span class='ocrx_word' id='word_1_396' title='bbox 1727 2427 1823 2500; x_wconf 91' lang='lat' dir='ltr'><strong>perdi·</strong></span> 
     </span>
     <span class='ocr_line' id='line_1_27' title="bbox 69 2512 1822 2589; baseline -0.002 -16"><span class='ocrx_word' id='word_1_397' title='bbox 69 2519 157 2573; x_wconf 89' lang='lat' dir='ltr'><strong>etiam</strong></span> <span class='ocrx_word' id='word_1_398' title='bbox 181 2517 323 2588; x_wconf 88' lang='lat' dir='ltr'><strong>scriptum</strong></span> <span class='ocrx_word' id='word_1_399' title='bbox 343 2520 404 2572; x_wconf 79' lang='lat' dir='ltr'><strong>est:</strong></span> <span class='ocrx_word' id='word_1_400' title='bbox 428 2513 512 2570; x_wconf 76' lang='lat' dir='ltr'><strong>Dixit</strong></span> <span class='ocrx_word' id='word_1_401' title='bbox 534 2514 676 2570; x_wconf 83' lang='lat' dir='ltr'><strong>Dominus</strong></span> <span class='ocrx_word' id='word_1_402' title='bbox 690 2512 814 2569; x_wconf 81' lang='lat' dir='ltr'><strong>Domino</strong></span> <span class='ocrx_word' id='word_1_403' title='bbox 834 2529 921 2570; x_wconf 85' lang='lat' dir='ltr'><strong>meo:</strong></span> <span class='ocrx_word' id='word_1_404' title='bbox 976 2513 1019 2569; x_wconf 91' lang='lat' dir='ltr'><strong>dit</strong></span> <span class='ocrx_word' id='word_1_405' title='bbox 1034 2512 1141 2586; x_wconf 51' lang='lat' dir='ltr'><strong>(eludia.</strong></span> <span class='ocrx_word' id='word_1_406' title='bbox 1158 2515 1224 2585; x_wconf 75' lang='lat' dir='ltr'><strong>xer).</strong></span> <span class='ocrx_word' id='word_1_407' title='bbox 1242 2515 1315 2570; x_wconf 84' lang='lat' dir='ltr'><strong>Cave</strong></span> <span class='ocrx_word' id='word_1_408' title='bbox 1330 2531 1410 2589; x_wconf 86' lang='lat' dir='ltr'><strong>ergo,</strong></span> <span class='ocrx_word' id='word_1_409' title='bbox 1427 2532 1463 2572; x_wconf 92' lang='lat' dir='ltr'><strong>ne</strong></span> <span class='ocrx_word' id='word_1_410' title='bbox 1482 2516 1535 2573; x_wconf 90' lang='lat' dir='ltr'><strong>tibi</strong></span> <span class='ocrx_word' id='word_1_411' title='bbox 1554 2517 1594 2572; x_wconf 89' lang='lat' dir='ltr'><strong>sic</strong></span> <span class='ocrx_word' id='word_1_412' title='bbox 1614 2517 1773 2589; x_wconf 83' lang='lat' dir='ltr'><strong>contingat,</strong></span> <span class='ocrx_word' id='word_1_413' title='bbox 1796 2515 1822 2570; x_wconf 91' lang='lat' dir='ltr'><strong>si</strong></span> 
     </span>
     <span class='ocr_line' id='line_1_28' title="bbox 67 2601 1823 2678; baseline -0.002 -16"><span class='ocrx_word' id='word_1_414' title='bbox 67 2607 141 2662; x_wconf 82' lang='lat' dir='ltr'><strong>Sede</strong></span> <span class='ocrx_word' id='word_1_415' title='bbox 156 2621 179 2660; x_wconf 88' lang='lat' dir='ltr'><strong>u</strong></span> <span class='ocrx_word' id='word_1_416' title='bbox 202 2603 317 2662; x_wconf 72' lang='lat' dir='ltr'><strong>reatris</strong></span> <span class='ocrx_word' id='word_1_417' title='bbox 338 2601 513 2676; x_wconf 77' lang='lat' dir='ltr'><strong>meischol.</strong></span> <span class='ocrx_word' id='word_1_418' title='bbox 539 2603 602 2672; x_wconf 80' lang='lat' dir='ltr'><strong>arx).</strong></span> <span class='ocrx_word' id='word_1_419' title='bbox 627 2603 657 2657; x_wconf 89' lang='lat' dir='ltr'><strong>ln</strong></span> <span class='ocrx_word' id='word_1_420' title='bbox 678 2606 922 2675; x_wconf 79' lang='lat' dir='ltr'><strong>pectoreqnoque</strong></span> <span class='ocrx_word' id='word_1_421' title='bbox 975 2602 1061 2658; x_wconf 77' lang='lat' dir='ltr'><strong>ladio</strong></span> <span class='ocrx_word' id='word_1_422' title='bbox 1095 2618 1148 2676; x_wconf 89' lang='lat' dir='ltr'><strong>per</strong></span> <span class='ocrx_word' id='word_1_423' title='bbox 1181 2619 1355 2660; x_wconf 89' lang='lat' dir='ltr'><strong>eonsensum</strong></span> <span class='ocrx_word' id='word_1_424' title='bbox 1385 2603 1490 2660; x_wconf 88' lang='lat' dir='ltr'><strong>deteris</strong></span> <span class='ocrx_word' id='word_1_425' title='bbox 1515 2619 1696 2678; x_wconf 85' lang='lat' dir='ltr'><strong>responsum.</strong></span> <span class='ocrx_word' id='word_1_426' title='bbox 1728 2602 1823 2662; x_wconf 86' lang='lat' dir='ltr'><strong>Gloria</strong></span> 
     </span>
     <span class='ocr_line' id='line_1_29' title="bbox 69 2689 1823 2776; baseline -0.002 -27"><span class='ocrx_word' id='word_1_427' title='bbox 69 2698 129 2766; x_wconf 77' lang='lat' dir='ltr'><strong>ejus</strong></span> <span class='ocrx_word' id='word_1_428' title='bbox 160 2694 262 2749; x_wconf 89' lang='lat' dir='ltr'><strong>tabula</strong></span> <span class='ocrx_word' id='word_1_429' title='bbox 288 2692 417 2748; x_wconf 89' lang='lat' dir='ltr'><strong>eburnea</strong></span> <span class='ocrx_word' id='word_1_430' title='bbox 437 2696 491 2758; x_wconf 92' lang='lat' dir='ltr'><strong>est,</strong></span> <span class='ocrx_word' id='word_1_431' title='bbox 511 2691 650 2764; x_wconf 82' lang='lat' dir='ltr'><strong>qnoniam</strong></span> <span class='ocrx_word' id='word_1_432' title='bbox 676 2690 846 2776; x_wconf 75' lang='lat' dir='ltr'><strong>inscientia</strong></span> <span class='ocrx_word' id='word_1_433' title='bbox 869 2689 920 2746; x_wconf 84' lang='lat' dir='ltr'><strong>Dei</strong></span> <span class='ocrx_word' id='word_1_434' title='bbox 975 2705 1091 2764; x_wconf 86' lang='lat' dir='ltr'><strong>quoque</strong></span> <span class='ocrx_word' id='word_1_435' title='bbox 1118 2689 1290 2758; x_wconf 90' lang='lat' dir='ltr'><strong>Salomonis,</strong></span> <span class='ocrx_word' id='word_1_436' title='bbox 1318 2708 1371 2763; x_wconf 91' lang='lat' dir='ltr'><strong>per</strong></span> <span class='ocrx_word' id='word_1_437' title='bbox 1396 2692 1546 2748; x_wconf 88' lang='lat' dir='ltr'><strong>stultitiam</strong></span> <span class='ocrx_word' id='word_1_438' title='bbox 1576 2692 1731 2748; x_wconf 89' lang='lat' dir='ltr'><strong>mulierum</strong></span> <span class='ocrx_word' id='word_1_439' title='bbox 1757 2708 1823 2748; x_wconf 86' lang='lat' dir='ltr'><strong>eva-</strong></span> 
     </span>
     <span class='ocr_line' id='line_1_30' title="bbox 68 2778 1823 2854; baseline -0.001 -16"><span class='ocrx_word' id='word_1_440' title='bbox 68 2782 223 2854; x_wconf 89' lang='lat' dir='ltr'><strong>integritas</strong></span> <span class='ocrx_word' id='word_1_441' title='bbox 248 2781 356 2837; x_wconf 88' lang='lat' dir='ltr'><strong>seilicet</strong></span> <span class='ocrx_word' id='word_1_442' title='bbox 373 2780 405 2835; x_wconf 92' lang='lat' dir='ltr'><strong>iu</strong></span> <span class='ocrx_word' id='word_1_443' title='bbox 426 2779 538 2852; x_wconf 78' lang='lat' dir='ltr'><strong>uirgine</strong></span> <span class='ocrx_word' id='word_1_444' title='bbox 561 2779 648 2835; x_wconf 75' lang='lat' dir='ltr'><strong>ituria</strong></span> <span class='ocrx_word' id='word_1_445' title='bbox 670 2795 785 2850; x_wconf 90' lang='lat' dir='ltr'><strong>semper</strong></span> <span class='ocrx_word' id='word_1_446' title='bbox 812 2778 920 2848; x_wconf 87' lang='lat' dir='ltr'><strong>floruit,</strong></span> <span class='ocrx_word' id='word_1_447' title='bbox 974 2785 1059 2836; x_wconf 83' lang='lat' dir='ltr'><strong>onata</strong></span> <span class='ocrx_word' id='word_1_448' title='bbox 1073 2784 1116 2836; x_wconf 91' lang='lat' dir='ltr'><strong>est</strong></span> <span class='ocrx_word' id='word_1_449' title='bbox 1130 2780 1180 2852; x_wconf 77' lang='lat'><strong>(11</strong></span> <span class='ocrx_word' id='word_1_450' title='bbox 1199 2781 1270 2853; x_wconf 73' lang='lat' dir='ltr'><strong>nep.</strong></span> <span class='ocrx_word' id='word_1_451' title='bbox 1284 2780 1333 2852; x_wconf 82' lang='lat' dir='ltr'><strong>xl).</strong></span> <span class='ocrx_word' id='word_1_452' title='bbox 1355 2781 1423 2838; x_wconf 88' lang='lat' dir='ltr'><strong>Vide</strong></span> <span class='ocrx_word' id='word_1_453' title='bbox 1442 2782 1529 2837; x_wconf 87' lang='lat' dir='ltr'><strong>etiam</strong></span> <span class='ocrx_word' id='word_1_454' title='bbox 1549 2796 1615 2838; x_wconf 89' lang='lat' dir='ltr'><strong>enm</strong></span> <span class='ocrx_word' id='word_1_455' title='bbox 1630 2780 1823 2838; x_wconf 87' lang='lat' dir='ltr'><strong>sollieitudine</strong></span> 
     </span>
     <span class='ocr_line' id='line_1_31' title="bbox 69 2867 1821 2957; baseline -0.003 -28"><span class='ocrx_word' id='word_1_456' title='bbox 69 2873 107 2928; x_wconf 81' lang='lat' dir='ltr'><strong>lta</strong></span> <span class='ocrx_word' id='word_1_457' title='bbox 128 2871 212 2943; x_wconf 83' lang='lat' dir='ltr'><strong>quod</strong></span> <span class='ocrx_word' id='word_1_458' title='bbox 236 2872 268 2925; x_wconf 92' lang='lat' dir='ltr'><strong>in</strong></span> <span class='ocrx_word' id='word_1_459' title='bbox 294 2886 329 2924; x_wconf 85' lang='lat' dir='ltr'><strong>aa</strong></span> <span class='ocrx_word' id='word_1_460' title='bbox 355 2867 605 2940; x_wconf 89' lang='lat' dir='ltr'><strong>speeieshomiuia</strong></span> <span class='ocrx_word' id='word_1_461' title='bbox 630 2867 793 2940; x_wconf 88' lang='lat' dir='ltr'><strong>sapphirini</strong></span> <span class='ocrx_word' id='word_1_462' title='bbox 818 2867 922 2924; x_wconf 88' lang='lat' dir='ltr'><strong>coloris</strong></span> <span class='ocrx_word' id='word_1_463' title='bbox 941 2883 1012 2957; x_wconf 72' lang='lat' dir='ltr'><strong>Gne</strong></span> <span class='ocrx_word' id='word_1_464' title='bbox 1040 2884 1092 2940; x_wconf 89' lang='lat' dir='ltr'><strong>per</strong></span> <span class='ocrx_word' id='word_1_465' title='bbox 1112 2867 1334 2926; x_wconf 80' lang='lat' dir='ltr'><strong>vicissitudinem</strong></span> <span class='ocrx_word' id='word_1_466' title='bbox 1357 2869 1462 2926; x_wconf 89' lang='lat' dir='ltr'><strong>harum</strong></span> <span class='ocrx_word' id='word_1_467' title='bbox 1477 2869 1673 2941; x_wconf 78' lang='lat' dir='ltr'><strong>cognitionum</strong></span> <span class='ocrx_word' id='word_1_468' title='bbox 1693 2874 1821 2936; x_wconf 89' lang='lat' dir='ltr'><strong>tuarum,</strong></span> 
     </span>
     <span class='ocr_line' id='line_1_32' title="bbox 69 2955 1820 3034; baseline -0.002 -18"><span class='ocrx_word' id='word_1_469' title='bbox 69 2965 202 3034; x_wconf 83' lang='lat' dir='ltr'><strong>apparet,</strong></span> <span class='ocrx_word' id='word_1_470' title='bbox 231 2959 300 3030; x_wconf 87' lang='lat' dir='ltr'><strong>quia</strong></span> <span class='ocrx_word' id='word_1_471' title='bbox 322 2957 410 3014; x_wconf 84' lang='lat' dir='ltr'><strong>Filius</strong></span> <span class='ocrx_word' id='word_1_472' title='bbox 437 2958 488 3014; x_wconf 83' lang='lat' dir='ltr'><strong>llei</strong></span> <span class='ocrx_word' id='word_1_473' title='bbox 514 2957 545 3013; x_wconf 91' lang='lat' dir='ltr'><strong>in</strong></span> <span class='ocrx_word' id='word_1_474' title='bbox 571 2955 713 3012; x_wconf 85' lang='lat' dir='ltr'><strong>charitate</strong></span> <span class='ocrx_word' id='word_1_475' title='bbox 736 2971 770 3011; x_wconf 88' lang='lat' dir='ltr'><strong>ex</strong></span> <span class='ocrx_word' id='word_1_476' title='bbox 794 2956 921 3028; x_wconf 80' lang='lat' dir='ltr'><strong>Aulique</strong></span> <span class='ocrx_word' id='word_1_477' title='bbox 975 2957 1115 3021; x_wconf 75' lang='lat' dir='ltr'><strong>viriditas,</strong></span> <span class='ocrx_word' id='word_1_478' title='bbox 1136 2973 1223 3029; x_wconf 85' lang='lat' dir='ltr'><strong>quam</strong></span> <span class='ocrx_word' id='word_1_479' title='bbox 1244 2974 1262 3013; x_wconf 90' lang='lat' dir='ltr'><strong>a</strong></span> <span class='ocrx_word' id='word_1_480' title='bbox 1281 2959 1339 3014; x_wconf 82' lang='lat' dir='ltr'><strong>lieo</strong></span> <span class='ocrx_word' id='word_1_481' title='bbox 1358 2958 1458 3026; x_wconf 88' lang='lat' dir='ltr'><strong>habes,</strong></span> <span class='ocrx_word' id='word_1_482' title='bbox 1479 2963 1636 3014; x_wconf 82' lang='lat' dir='ltr'><strong>accrescat:</strong></span> <span class='ocrx_word' id='word_1_483' title='bbox 1659 2958 1710 3015; x_wconf 91' lang='lat' dir='ltr'><strong>sed</strong></span> <span class='ocrx_word' id='word_1_484' title='bbox 1735 2973 1820 3014; x_wconf 89' lang='lat' dir='ltr'><strong>orna·</strong></span> 
     </span>
     <span class='ocr_line' id='line_1_33' title="bbox 69 3044 1821 3120; baseline -0.002 -15"><span class='ocrx_word' id='word_1_485' title='bbox 69 3051 183 3106; x_wconf 88' lang='lat' dir='ltr'><strong>dierum</strong></span> <span class='ocrx_word' id='word_1_486' title='bbox 215 3047 330 3103; x_wconf 76' lang='lat' dir='ltr'><strong>effulsit.</strong></span> <span class='ocrx_word' id='word_1_487' title='bbox 360 3047 395 3102; x_wconf 84' lang='lat' dir='ltr'><strong>Et</strong></span> <span class='ocrx_word' id='word_1_488' title='bbox 420 3046 514 3102; x_wconf 89' lang='lat' dir='ltr'><strong>omnis</strong></span> <span class='ocrx_word' id='word_1_489' title='bbox 542 3049 675 3102; x_wconf 88' lang='lat' dir='ltr'><strong>ereatura</strong></span> <span class='ocrx_word' id='word_1_490' title='bbox 696 3044 822 3116; x_wconf 75' lang='lat' dir='ltr'><strong>[uellam</strong></span> <span class='ocrx_word' id='word_1_491' title='bbox 848 3044 923 3101; x_wconf 89' lang='lat' dir='ltr'><strong>hanc</strong></span> <span class='ocrx_word' id='word_1_492' title='bbox 977 3053 1075 3104; x_wconf 88' lang='lat' dir='ltr'><strong>menta</strong></span> <span class='ocrx_word' id='word_1_493' title='bbox 1090 3049 1153 3104; x_wconf 89' lang='lat' dir='ltr'><strong>euri</strong></span> <span class='ocrx_word' id='word_1_494' title='bbox 1165 3052 1194 3103; x_wconf 91' lang='lat' dir='ltr'><strong>et</strong></span> <span class='ocrx_word' id='word_1_495' title='bbox 1210 3047 1331 3120; x_wconf 89' lang='lat' dir='ltr'><strong>pretiosi</strong></span> <span class='ocrx_word' id='word_1_496' title='bbox 1345 3047 1465 3120; x_wconf 87' lang='lat' dir='ltr'><strong>lepidis;</strong></span> <span class='ocrx_word' id='word_1_497' title='bbox 1488 3063 1553 3120; x_wconf 79' lang='lat' dir='ltr'><strong>qliae</strong></span> <span class='ocrx_word' id='word_1_498' title='bbox 1574 3047 1698 3104; x_wconf 87' lang='lat' dir='ltr'><strong>charitas</strong></span> <span class='ocrx_word' id='word_1_499' title='bbox 1716 3051 1744 3102; x_wconf 87' lang='lat' dir='ltr'><strong>et</strong></span> <span class='ocrx_word' id='word_1_500' title='bbox 1763 3047 1821 3102; x_wconf 91' lang='lat' dir='ltr'><strong>hu-</strong></span> 
     </span>
     <span class='ocr_line' id='line_1_34' title="bbox 70 3133 1822 3206; baseline -0.002 -12"><span class='ocrx_word' id='word_1_501' title='bbox 70 3140 221 3194; x_wconf 89' lang='lat' dir='ltr'><strong>dominam</strong></span> <span class='ocrx_word' id='word_1_502' title='bbox 245 3137 387 3203; x_wconf 89' lang='lat' dir='ltr'><strong>nominat,</strong></span> <span class='ocrx_word' id='word_1_503' title='bbox 416 3135 554 3206; x_wconf 86' lang='lat' dir='ltr'><strong>quoniam</strong></span> <span class='ocrx_word' id='word_1_504' title='bbox 579 3133 701 3205; x_wconf 90' lang='lat' dir='ltr'><strong>abipsa</strong></span> <span class='ocrx_word' id='word_1_505' title='bbox 725 3133 872 3204; x_wconf 87' lang='lat' dir='ltr'><strong>prooessit,</strong></span> <span class='ocrx_word' id='word_1_506' title='bbox 894 3138 923 3189; x_wconf 91' lang='lat' dir='ltr'><strong>et</strong></span> <span class='ocrx_word' id='word_1_507' title='bbox 977 3137 1084 3192; x_wconf 87' lang='lat' dir='ltr'><strong>militas</strong></span> <span class='ocrx_word' id='word_1_508' title='bbox 1099 3137 1128 3192; x_wconf 91' lang='grc' dir='ltr'><strong>ιιι</strong></span> <span class='ocrx_word' id='word_1_509' title='bbox 1144 3141 1172 3192; x_wconf 90' lang='lat' dir='ltr'><strong>te</strong></span> <span class='ocrx_word' id='word_1_510' title='bbox 1195 3136 1312 3205; x_wconf 86' lang='lat' dir='ltr'><strong>hebent,</strong></span> <span class='ocrx_word' id='word_1_511' title='bbox 1332 3135 1460 3192; x_wconf 84' lang='lat' dir='ltr'><strong>observa.</strong></span> <span class='ocrx_word' id='word_1_512' title='bbox 1480 3137 1523 3191; x_wconf 87' lang='lat' dir='ltr'><strong>Tu</strong></span> <span class='ocrx_word' id='word_1_513' title='bbox 1541 3135 1628 3192; x_wconf 87' lang='lat' dir='ltr'><strong>etiam</strong></span> <span class='ocrx_word' id='word_1_514' title='bbox 1645 3139 1762 3206; x_wconf 90' lang='lat' dir='ltr'><strong>propter</strong></span> <span class='ocrx_word' id='word_1_515' title='bbox 1775 3149 1822 3190; x_wconf 91' lang='lat' dir='ltr'><strong>ar·</strong></span> 
     </span>
     <span class='ocr_line' id='line_1_35' title="bbox 69 3222 1822 3300; baseline -0.002 -18"><span class='ocrx_word' id='word_1_516' title='bbox 69 3228 117 3283; x_wconf 89' lang='lat' dir='ltr'><strong>illo</strong></span> <span class='ocrx_word' id='word_1_517' title='bbox 142 3224 294 3300; x_wconf 77' lang='lat' dir='ltr'><strong>primitiva</strong></span> <span class='ocrx_word' id='word_1_518' title='bbox 319 3224 375 3280; x_wconf 85' lang='lat' dir='ltr'><strong>luit</strong></span> <span class='ocrx_word' id='word_1_519' title='bbox 403 3224 503 3280; x_wconf 91' lang='lat' dir='ltr'><strong>omnia</strong></span> <span class='ocrx_word' id='word_1_520' title='bbox 537 3237 647 3292; x_wconf 74' lang='lat' dir='ltr'><strong>manus,</strong></span> <span class='ocrx_word' id='word_1_521' title='bbox 674 3222 921 3294; x_wconf 82' lang='lat' dir='ltr'><strong>quemadmodum</strong></span> <span class='ocrx_word' id='word_1_522' title='bbox 975 3225 1080 3293; x_wconf 87' lang='lat' dir='ltr'><strong>millae,</strong></span> <span class='ocrx_word' id='word_1_523' title='bbox 1105 3241 1176 3297; x_wconf 86' lang='lat' dir='ltr'><strong>quas</strong></span> <span class='ocrx_word' id='word_1_524' title='bbox 1201 3223 1343 3296; x_wconf 88' lang='lat' dir='ltr'><strong>sapientia</strong></span> <span class='ocrx_word' id='word_1_525' title='bbox 1371 3223 1423 3280; x_wconf 91' lang='lat' dir='ltr'><strong>tihi</strong></span> <span class='ocrx_word' id='word_1_526' title='bbox 1443 3223 1532 3292; x_wconf 90' lang='lat' dir='ltr'><strong>dedit,</strong></span> <span class='ocrx_word' id='word_1_527' title='bbox 1554 3229 1584 3280; x_wconf 90' lang='lat' dir='ltr'><strong>et</strong></span> <span class='ocrx_word' id='word_1_528' title='bbox 1604 3229 1723 3296; x_wconf 87' lang='lat' dir='ltr'><strong>propter</strong></span> <span class='ocrx_word' id='word_1_529' title='bbox 1744 3223 1822 3296; x_wconf 76' lang='lat' dir='ltr'><strong>qarod</strong></span> 
     </span>
     <span class='ocr_line' id='line_1_36' title="bbox 69 3310 1825 3387; baseline -0.002 -17"><span class='ocrx_word' id='word_1_530' title='bbox 69 3317 179 3387; x_wconf 88' lang='lat' dir='ltr'><strong>speeies</strong></span> <span class='ocrx_word' id='word_1_531' title='bbox 204 3315 234 3370; x_wconf 89' lang='lat' dir='ltr'><strong>in</strong></span> <span class='ocrx_word' id='word_1_532' title='bbox 256 3319 370 3386; x_wconf 88' lang='lat' dir='ltr'><strong>pectore</strong></span> <span class='ocrx_word' id='word_1_533' title='bbox 390 3314 454 3385; x_wconf 78' lang='lat' dir='ltr'><strong>ejus</strong></span> <span class='ocrx_word' id='word_1_534' title='bbox 472 3311 608 3381; x_wconf 84' lang='lat' dir='ltr'><strong>ostendit,</strong></span> <span class='ocrx_word' id='word_1_535' title='bbox 633 3311 702 3383; x_wconf 86' lang='lat' dir='ltr'><strong>quia</strong></span> <span class='ocrx_word' id='word_1_536' title='bbox 721 3310 796 3366; x_wconf 86' lang='lat' dir='ltr'><strong>Deus</strong></span> <span class='ocrx_word' id='word_1_537' title='bbox 816 3311 922 3366; x_wconf 89' lang='lat' dir='ltr'><strong>huma·</strong></span> <span class='ocrx_word' id='word_1_538' title='bbox 975 3315 1102 3385; x_wconf 85' lang='lat' dir='ltr'><strong>populus</strong></span> <span class='ocrx_word' id='word_1_539' title='bbox 1121 3313 1174 3370; x_wconf 89' lang='lat' dir='ltr'><strong>tibi</strong></span> <span class='ocrx_word' id='word_1_540' title='bbox 1193 3313 1325 3382; x_wconf 87' lang='lat' dir='ltr'><strong>accurrit,</strong></span> <span class='ocrx_word' id='word_1_541' title='bbox 1346 3314 1382 3369; x_wconf 87' lang='lat' dir='ltr'><strong>de</strong></span> <span class='ocrx_word' id='word_1_542' title='bbox 1402 3312 1523 3385; x_wconf 75' lang='lat' dir='ltr'><strong>gloriam</strong></span> <span class='ocrx_word' id='word_1_543' title='bbox 1542 3314 1611 3382; x_wconf 85' lang='lat' dir='ltr'><strong>Deo,</strong></span> <span class='ocrx_word' id='word_1_544' title='bbox 1635 3318 1664 3368; x_wconf 85' lang='lat' dir='ltr'><strong>et</strong></span> <span class='ocrx_word' id='word_1_545' title='bbox 1687 3329 1752 3368; x_wconf 90' lang='lat' dir='ltr'><strong>oum</strong></span> <span class='ocrx_word' id='word_1_546' title='bbox 1773 3327 1825 3383; x_wconf 89' lang='lat' dir='ltr'><strong>po-</strong></span> 
     </span>
     <span class='ocr_line' id='line_1_37' title="bbox 69 3399 1823 3475; baseline -0.002 -15"><span class='ocrx_word' id='word_1_547' title='bbox 69 3407 190 3460; x_wconf 88' lang='lat' dir='ltr'><strong>nitatem</strong></span> <span class='ocrx_word' id='word_1_548' title='bbox 208 3408 327 3475; x_wconf 83' lang='lat' dir='ltr'><strong>propter</strong></span> <span class='ocrx_word' id='word_1_549' title='bbox 346 3401 496 3458; x_wconf 91' lang='lat' dir='ltr'><strong>hominem</strong></span> <span class='ocrx_word' id='word_1_550' title='bbox 515 3399 621 3456; x_wconf 89' lang='lat' dir='ltr'><strong>induit.</strong></span> <span class='ocrx_word' id='word_1_551' title='bbox 640 3400 712 3455; x_wconf 86' lang='lat' dir='ltr'><strong>Nam</strong></span> <span class='ocrx_word' id='word_1_552' title='bbox 731 3399 826 3454; x_wconf 86' lang='lat' dir='ltr'><strong>omnia</strong></span> <span class='ocrx_word' id='word_1_553' title='bbox 839 3415 922 3455; x_wconf 90' lang='lat' dir='ltr'><strong>crea·</strong></span> <span class='ocrx_word' id='word_1_554' title='bbox 976 3403 1046 3475; x_wconf 90' lang='lat' dir='ltr'><strong>pulo</strong></span> <span class='ocrx_word' id='word_1_555' title='bbox 1065 3401 1180 3470; x_wconf 87' lang='lat' dir='ltr'><strong>lahora;</strong></span> <span class='ocrx_word' id='word_1_556' title='bbox 1197 3406 1225 3457; x_wconf 90' lang='lat' dir='ltr'><strong>et</strong></span> <span class='ocrx_word' id='word_1_557' title='bbox 1240 3402 1281 3456; x_wconf 87' lang='lat' dir='ltr'><strong>ita</strong></span> <span class='ocrx_word' id='word_1_558' title='bbox 1292 3417 1358 3456; x_wconf 89' lang='lat' dir='ltr'><strong>cum</strong></span> <span class='ocrx_word' id='word_1_559' title='bbox 1379 3402 1437 3456; x_wconf 89' lang='lat' dir='ltr'><strong>sole</strong></span> <span class='ocrx_word' id='word_1_560' title='bbox 1456 3400 1647 3473; x_wconf 86' lang='lat' dir='ltr'><strong>permanebis.</strong></span> <span class='ocrx_word' id='word_1_561' title='bbox 1664 3401 1699 3456; x_wconf 85' lang='lat' dir='ltr'><strong>Et</strong></span> <span class='ocrx_word' id='word_1_562' title='bbox 1711 3405 1753 3469; x_wconf 94' lang='lat' dir='ltr'><strong>tu,</strong></span> <span class='ocrx_word' id='word_1_563' title='bbox 1769 3401 1823 3456; x_wconf 85' lang='lat' dir='ltr'><strong>Pe·</strong></span> 
     </span>
     <span class='ocr_line' id='line_1_38' title="bbox 69 3486 1823 3562; baseline -0.003 -13"><span class='ocrx_word' id='word_1_564' title='bbox 69 3500 132 3549; x_wconf 89' lang='lat' dir='ltr'><strong>tura</strong></span> <span class='ocrx_word' id='word_1_565' title='bbox 146 3493 180 3548; x_wconf 94' lang='lat' dir='ltr'><strong>iu</strong></span> <span class='ocrx_word' id='word_1_566' title='bbox 199 3491 329 3562; x_wconf 86' lang='lat' dir='ltr'><strong>jussione</strong></span> <span class='ocrx_word' id='word_1_567' title='bbox 355 3490 405 3546; x_wconf 89' lang='lat' dir='ltr'><strong>ltei</strong></span> <span class='ocrx_word' id='word_1_568' title='bbox 419 3489 537 3560; x_wconf 89' lang='lat' dir='ltr'><strong>impleta</strong></span> <span class='ocrx_word' id='word_1_569' title='bbox 560 3488 626 3556; x_wconf 84' lang='lat' dir='ltr'><strong>fuit,</strong></span> <span class='ocrx_word' id='word_1_570' title='bbox 649 3488 723 3544; x_wconf 87' lang='lat' dir='ltr'><strong>sicut</strong></span> <span class='ocrx_word' id='word_1_571' title='bbox 741 3488 803 3560; x_wconf 88' lang='lat' dir='ltr'><strong>ipse</strong></span> <span class='ocrx_word' id='word_1_572' title='bbox 823 3486 920 3545; x_wconf 86' lang='lat' dir='ltr'><strong>dixit:</strong></span> <span class='ocrx_word' id='word_1_573' title='bbox 975 3497 1030 3559; x_wconf 91' lang='lat' dir='ltr'><strong>ter,</strong></span> <span class='ocrx_word' id='word_1_574' title='bbox 1053 3491 1120 3548; x_wconf 88' lang='lat' dir='ltr'><strong>audi</strong></span> <span class='ocrx_word' id='word_1_575' title='bbox 1136 3507 1143 3546; x_wconf 75' lang='grc' dir='ltr'>ε</span> <span class='ocrx_word' id='word_1_576' title='bbox 1161 3489 1240 3548; x_wconf 91' lang='lat' dir='ltr'><strong>Sicut</strong></span> <span class='ocrx_word' id='word_1_577' title='bbox 1255 3489 1338 3546; x_wconf 84' lang='lat' dir='ltr'><strong>stella</strong></span> <span class='ocrx_word' id='word_1_578' title='bbox 1355 3490 1498 3546; x_wconf 88' lang='lat' dir='ltr'><strong>matutina</strong></span> <span class='ocrx_word' id='word_1_579' title='bbox 1519 3505 1652 3546; x_wconf 87' lang='lat' dir='ltr'><strong>auroram</strong></span> <span class='ocrx_word' id='word_1_580' title='bbox 1667 3489 1698 3546; x_wconf 90' lang='lat' dir='ltr'><strong>iu</strong></span> <span class='ocrx_word' id='word_1_581' title='bbox 1713 3489 1823 3544; x_wconf 91' lang='lat' dir='ltr'><strong>lumine</strong></span> 
     </span>
     <span class='ocr_line' id='line_1_39' title="bbox 67 3576 1822 3652; baseline -0.001 -14"><span class='ocrx_word' id='word_1_582' title='bbox 67 3577 493 3652; x_wconf 77' lang='lat' dir='ltr'><strong>Cresciteetmuttiplicomini,</strong></span> <span class='ocrx_word' id='word_1_583' title='bbox 503 3580 531 3633; x_wconf 84' lang='lat' dir='ltr'><strong>et</strong></span> <span class='ocrx_word' id='word_1_584' title='bbox 544 3577 655 3650; x_wconf 80' lang='lat' dir='ltr'><strong>replete</strong></span> <span class='ocrx_word' id='word_1_585' title='bbox 668 3578 778 3634; x_wconf 66' lang='lat' dir='ltr'><strong>terrum</strong></span> <span class='ocrx_word' id='word_1_586' title='bbox 790 3576 875 3648; x_wconf 82' lang='lat' dir='ltr'><strong>(Gen.</strong></span> <span class='ocrx_word' id='word_1_587' title='bbox 887 3577 922 3646; x_wconf 86' lang='lat'><strong>1).</strong></span> <span class='ocrx_word' id='word_1_588' title='bbox 976 3596 1029 3634; x_wconf 88' lang='lat' dir='ltr'><strong>auo</strong></span> <span class='ocrx_word' id='word_1_589' title='bbox 1044 3579 1196 3650; x_wconf 78' lang='lat' dir='ltr'><strong>praeemit</strong></span> <span class='ocrx_word' id='word_1_590' title='bbox 1211 3579 1250 3632; x_wconf 89' lang='lat' dir='ltr'><strong>sic</strong></span> <span class='ocrx_word' id='word_1_591' title='bbox 1265 3578 1401 3634; x_wconf 90' lang='lat' dir='ltr'><strong>omnibus</strong></span> <span class='ocrx_word' id='word_1_592' title='bbox 1421 3579 1518 3650; x_wconf 81' lang='lat' dir='ltr'><strong>praebe</strong></span> <span class='ocrx_word' id='word_1_593' title='bbox 1532 3579 1671 3634; x_wconf 86' lang='lat' dir='ltr'><strong>auxilium</strong></span> <span class='ocrx_word' id='word_1_594' title='bbox 1688 3577 1723 3634; x_wconf 87' lang='lat' dir='ltr'><strong>ab</strong></span> <span class='ocrx_word' id='word_1_595' title='bbox 1738 3593 1822 3638; x_wconf 84' lang='lat' dir='ltr'><strong>oscu-</strong></span> 
     </span>
     <span class='ocr_line' id='line_1_40' title="bbox 69 3665 1824 3738; baseline -0.003 -11"><span class='ocrx_word' id='word_1_596' title='bbox 69 3672 152 3727; x_wconf 83' lang='lat' dir='ltr'><strong>Calor</strong></span> <span class='ocrx_word' id='word_1_597' title='bbox 175 3670 238 3724; x_wconf 84' lang='lat' dir='ltr'><strong>veri</strong></span> <span class='ocrx_word' id='word_1_598' title='bbox 258 3667 328 3724; x_wconf 89' lang='lat' dir='ltr'><strong>solis</strong></span> <span class='ocrx_word' id='word_1_599' title='bbox 349 3667 424 3724; x_wconf 89' lang='lat' dir='ltr'><strong>sicut</strong></span> <span class='ocrx_word' id='word_1_600' title='bbox 444 3683 493 3722; x_wconf 90' lang='lat' dir='ltr'><strong>ros</strong></span> <span class='ocrx_word' id='word_1_601' title='bbox 521 3667 551 3721; x_wconf 92' lang='lat' dir='ltr'><strong>in</strong></span> <span class='ocrx_word' id='word_1_602' title='bbox 577 3670 692 3722; x_wconf 89' lang='lat' dir='ltr'><strong>uterum</strong></span> <span class='ocrx_word' id='word_1_603' title='bbox 723 3665 843 3737; x_wconf 83' lang='lat' dir='ltr'><strong>virginis</strong></span> <span class='ocrx_word' id='word_1_604' title='bbox 870 3665 922 3722; x_wconf 91' lang='lat' dir='ltr'><strong>de·</strong></span> <span class='ocrx_word' id='word_1_605' title='bbox 978 3669 1005 3724; x_wconf 92' lang='lat' dir='ltr'><strong>lo</strong></span> <span class='ocrx_word' id='word_1_606' title='bbox 1028 3667 1197 3736; x_wconf 88' lang='lat' dir='ltr'><strong>dilectionis,</strong></span> <span class='ocrx_word' id='word_1_607' title='bbox 1220 3682 1305 3738; x_wconf 88' lang='lat' dir='ltr'><strong>quam</strong></span> <span class='ocrx_word' id='word_1_608' title='bbox 1329 3666 1382 3722; x_wconf 91' lang='lat' dir='ltr'><strong>tibi</strong></span> <span class='ocrx_word' id='word_1_609' title='bbox 1402 3668 1477 3722; x_wconf 79' lang='lat' dir='ltr'><strong>lietu</strong></span> <span class='ocrx_word' id='word_1_610' title='bbox 1499 3667 1595 3734; x_wconf 88' lang='lat' dir='ltr'><strong>dedit,·</strong></span> <span class='ocrx_word' id='word_1_611' title='bbox 1613 3671 1641 3722; x_wconf 92' lang='lat' dir='ltr'><strong>et</strong></span> <span class='ocrx_word' id='word_1_612' title='bbox 1664 3667 1752 3724; x_wconf 84' lang='lat' dir='ltr'><strong>vitam</strong></span> <span class='ocrx_word' id='word_1_613' title='bbox 1772 3665 1824 3722; x_wconf 93' lang='lat' dir='ltr'><strong>tibi</strong></span> 
     </span>
     <span class='ocr_line' id='line_1_41' title="bbox 69 3754 1535 3829; baseline -0.003 -14"><span class='ocrx_word' id='word_1_614' title='bbox 69 3760 194 3827; x_wconf 82' lang='lat' dir='ltr'><strong>scandit,</strong></span> <span class='ocrx_word' id='word_1_615' title='bbox 214 3762 244 3813; x_wconf 89' lang='lat' dir='ltr'><strong>et</strong></span> <span class='ocrx_word' id='word_1_616' title='bbox 264 3758 301 3814; x_wconf 91' lang='lat' dir='ltr'><strong>de</strong></span> <span class='ocrx_word' id='word_1_617' title='bbox 321 3757 384 3828; x_wconf 87' lang='lat' dir='ltr'><strong>ejus</strong></span> <span class='ocrx_word' id='word_1_618' title='bbox 404 3771 491 3812; x_wconf 88' lang='lat' dir='ltr'><strong>carue</strong></span> <span class='ocrx_word' id='word_1_619' title='bbox 512 3755 661 3812; x_wconf 90' lang='lat' dir='ltr'><strong>bominem</strong></span> <span class='ocrx_word' id='word_1_620' title='bbox 684 3754 760 3823; x_wconf 86' lang='lat' dir='ltr'><strong>lecit,</strong></span> <span class='ocrx_word' id='word_1_621' title='bbox 781 3760 813 3809; x_wconf 92' lang='lat' dir='ltr'><strong>ut</strong></span> <span class='ocrx_word' id='word_1_622' title='bbox 834 3755 923 3811; x_wconf 85' lang='lat' dir='ltr'><strong>ctiam</strong></span> <span class='ocrx_word' id='word_1_623' title='bbox 976 3755 1067 3826; x_wconf 89' lang='lat' dir='ltr'><strong>dabit,</strong></span> <span class='ocrx_word' id='word_1_624' title='bbox 1083 3769 1170 3829; x_wconf 87' lang='lat' dir='ltr'><strong>quam</strong></span> <span class='ocrx_word' id='word_1_625' title='bbox 1186 3756 1217 3812; x_wconf 93' lang='lat' dir='ltr'><strong>in</strong></span> <span class='ocrx_word' id='word_1_626' title='bbox 1231 3754 1327 3827; x_wconf 90' lang='lat' dir='ltr'><strong>prima</strong></span> <span class='ocrx_word' id='word_1_627' title='bbox 1341 3754 1388 3810; x_wconf 89' lang='lat' dir='ltr'><strong>die</strong></span> <span class='ocrx_word' id='word_1_628' title='bbox 1402 3755 1535 3826; x_wconf 86' lang='lat' dir='ltr'><strong>inspexit.</strong></span> 
     </span>
    </p>

    <p class='ocr_par' dir='ltr' id='par_1_5' title="bbox 71 3842 1535 3937">
     <span class='ocr_line' id='line_1_42' title="bbox 71 3842 1535 3937; baseline -0.003 -33"><span class='ocrx_word' id='word_1_629' title='bbox 71 3850 169 3921; x_wconf 90' lang='lat' dir='ltr'><strong>ipsum</strong></span> <span class='ocrx_word' id='word_1_630' title='bbox 190 3847 284 3904; x_wconf 83' lang='lat' dir='ltr'><strong>Adam</strong></span> <span class='ocrx_word' id='word_1_631' title='bbox 305 3846 341 3903; x_wconf 92' lang='lat' dir='ltr'><strong>de</strong></span> <span class='ocrx_word' id='word_1_632' title='bbox 363 3844 434 3902; x_wconf 89' lang='lat' dir='ltr'><strong>limo</strong></span> <span class='ocrx_word' id='word_1_633' title='bbox 454 3849 540 3900; x_wconf 70' lang='lat' dir='ltr'><strong>marce</strong></span> <span class='ocrx_word' id='word_1_634' title='bbox 563 3859 679 3900; x_wconf 75' lang='lat' dir='ltr'><strong>manem</strong></span> <span class='ocrx_word' id='word_1_635' title='bbox 699 3847 729 3900; x_wconf 93' lang='lat' dir='ltr'><strong>et</strong></span> <span class='ocrx_word' id='word_1_636' title='bbox 750 3842 922 3915; x_wconf 92' lang='lat' dir='ltr'><strong>sangninem</strong></span> <span class='ocrx_word' id='word_1_637' title='bbox 1266 3879 1430 3937; x_wconf 56' lang='lat' dir='ltr'><strong>EPISTOLA</strong></span> <span class='ocrx_word' id='word_1_638' title='bbox 1449 3879 1535 3935; x_wconf 66' lang='lat' dir='ltr'><strong>xm</strong></span> 
     </span>
    </p>

    <p class='ocr_par' dir='ltr' id='par_1_6' title="bbox 70 3931 923 4007">
     <span class='ocr_line' id='line_1_43' title="bbox 70 3931 923 4007; baseline -0.005 -15"><span class='ocrx_word' id='word_1_639' title='bbox 70 3936 218 3994; x_wconf 78' lang='lat' dir='ltr'><strong>formavit.</strong></span> <span class='ocrx_word' id='word_1_640' title='bbox 241 3936 275 3991; x_wconf 81' lang='lat' dir='ltr'><strong>lit</strong></span> <span class='ocrx_word' id='word_1_641' title='bbox 293 3935 375 4007; x_wconf 82' lang='lat' dir='ltr'><strong>virgo</strong></span> <span class='ocrx_word' id='word_1_642' title='bbox 389 3935 474 3990; x_wconf 90' lang='lat' dir='ltr'><strong>illum</strong></span> <span class='ocrx_word' id='word_1_643' title='bbox 496 3933 526 3989; x_wconf 91' lang='lat' dir='ltr'><strong>in</strong></span> <span class='ocrx_word' id='word_1_644' title='bbox 548 3932 712 4004; x_wconf 84' lang='lat' dir='ltr'><strong>integritate</strong></span> <span class='ocrx_word' id='word_1_645' title='bbox 734 3932 844 4004; x_wconf 87' lang='lat' dir='ltr'><strong>genuit.</strong></span> <span class='ocrx_word' id='word_1_646' title='bbox 866 3931 923 3988; x_wconf 87' lang='lat' dir='ltr'><strong>Sed</strong></span> 
     </span>
    </p>

    <p class='ocr_par' dir='ltr' id='par_1_7' title="bbox 71 3997 1864 5338">
     <span class='ocr_line' id='line_1_44' title="bbox 71 3997 1699 4095; baseline -0.002 -53"><span class='ocrx_word' id='word_1_647' title='bbox 71 4043 131 4083; x_wconf 68' lang='lat' dir='ltr'>m</span> <span class='ocrx_word' id='word_1_648' title='bbox 145 4024 247 4082; x_wconf 50' lang='lat' dir='ltr'><strong>dewi,</strong></span> <span class='ocrx_word' id='word_1_649' title='bbox 269 4029 304 4080; x_wconf 52' lang='lat' dir='ltr'><strong>u,</strong></span> <span class='ocrx_word' id='word_1_650' title='bbox 315 4022 440 4079; x_wconf 57' lang='lat' dir='ltr'><strong>emim</strong></span> <span class='ocrx_word' id='word_1_651' title='bbox 460 4022 563 4095; x_wconf 53' lang='lat' dir='ltr'><strong>pem</strong></span> <span class='ocrx_word' id='word_1_652' title='bbox 585 4025 704 4078; x_wconf 43' lang='lat' dir='ltr'><strong>meret·</strong></span> <span class='ocrx_word' id='word_1_653' title='bbox 720 4021 793 4077; x_wconf 60' lang='lat' dir='ltr'><strong>Nam</strong></span> <span class='ocrx_word' id='word_1_654' title='bbox 806 4019 923 4093; x_wconf 66' lang='lat' dir='ltr'><strong>manco</strong></span> <span class='ocrx_word' id='word_1_655' title='bbox 1100 3999 1213 4042; x_wconf 81' lang='lat' dir='ltr'><strong>aaaarrs</strong></span> <span class='ocrx_word' id='word_1_656' title='bbox 1235 3999 1271 4040; x_wconf 82' lang='lat' dir='ltr'><strong>na</strong></span> <span class='ocrx_word' id='word_1_657' title='bbox 1289 3999 1425 4040; x_wconf 83' lang='lat' dir='ltr'><strong>manasen</strong></span> <span class='ocrx_word' id='word_1_658' title='bbox 1444 4000 1479 4038; x_wconf 83' lang='lat' dir='ltr'><strong>an</strong></span> <span class='ocrx_word' id='word_1_659' title='bbox 1498 3997 1699 4068; x_wconf 74' lang='lat' dir='ltr'><strong>araeaaaunaa.</strong></span> 
     </span>
     <span class='ocr_line' id='line_1_45' title="bbox 72 4074 1823 4184; baseline -0.006 -12"><span class='ocrx_word' id='word_1_660' title='bbox 72 4120 206 4172; x_wconf 85' lang='lat' dir='ltr'><strong>creatura</strong></span> <span class='ocrx_word' id='word_1_661' title='bbox 232 4112 265 4168; x_wconf 95' lang='lat' dir='ltr'><strong>in</strong></span> <span class='ocrx_word' id='word_1_662' title='bbox 288 4111 383 4184; x_wconf 83' lang='lat' dir='ltr'><strong>prium</strong></span> <span class='ocrx_word' id='word_1_663' title='bbox 403 4110 542 4178; x_wconf 73' lang='lat' dir='ltr'><strong>circuivit,</strong></span> <span class='ocrx_word' id='word_1_664' title='bbox 568 4110 610 4166; x_wconf 91' lang='lat' dir='ltr'><strong>ita</strong></span> <span class='ocrx_word' id='word_1_665' title='bbox 635 4109 712 4182; x_wconf 81' lang='lat' dir='ltr'><strong>qnod</strong></span> <span class='ocrx_word' id='word_1_666' title='bbox 735 4109 766 4164; x_wconf 90' lang='lat' dir='ltr'><strong>iu</strong></span> <span class='ocrx_word' id='word_1_667' title='bbox 789 4124 924 4181; x_wconf 88' lang='lat' dir='ltr'><strong>pressura</strong></span> <span class='ocrx_word' id='word_1_668' title='bbox 978 4091 1083 4148; x_wconf 57' lang='lat' dir='ltr'><strong>prem</strong></span> <span class='ocrx_word' id='word_1_669' title='bbox 1104 4089 1347 4165; x_wconf 61' lang='lat' dir='ltr'><strong>smlfffllfflssi</strong></span> <span class='ocrx_word' id='word_1_670' title='bbox 1365 4095 1394 4146; x_wconf 60' lang='lat'><strong>²⁸</strong></span> <span class='ocrx_word' id='word_1_671' title='bbox 1409 4106 1466 4149; x_wconf 62' lang='grc' dir='ltr'><em>Μ</em></span> <span class='ocrx_word' id='word_1_672' title='bbox 1481 4074 1573 4148; x_wconf 47' lang='lat' dir='ltr'><strong>‘fideii</strong></span> <span class='ocrx_word' id='word_1_673' title='bbox 1595 4088 1713 4146; x_wconf 56' lang='lat' dir='ltr'><strong>imma</strong></span> <span class='ocrx_word' id='word_1_674' title='bbox 1729 4089 1801 4161; x_wconf 65' lang='lat'><em>⁰170?</em></span> <span class='ocrx_word' id='word_1_675' title='bbox 1802 4092 1823 4146; x_wconf 63' lang='grc' dir='ltr'><strong>ἴ·</strong></span> 
     </span>
     <span class='ocr_line' id='line_1_46' title="bbox 73 4193 1864 4272; baseline -0.004 -14"><span class='ocrx_word' id='word_1_676' title='bbox 73 4205 170 4260; x_wconf 80' lang='lat' dir='ltr'><strong>colare</strong></span> <span class='ocrx_word' id='word_1_677' title='bbox 202 4200 307 4272; x_wconf 78' lang='lat' dir='ltr'><strong>soluit,</strong></span> <span class='ocrx_word' id='word_1_678' title='bbox 339 4207 371 4256; x_wconf 90' lang='lat' dir='ltr'><strong>et</strong></span> <span class='ocrx_word' id='word_1_679' title='bbox 396 4199 510 4269; x_wconf 86' lang='lat' dir='ltr'><strong>eccidit,</strong></span> <span class='ocrx_word' id='word_1_680' title='bbox 541 4214 646 4272; x_wconf 76' lang='lat' dir='ltr'><strong>penna</strong></span> <span class='ocrx_word' id='word_1_681' title='bbox 671 4197 818 4254; x_wconf 89' lang='lat' dir='ltr'><strong>eharitatis</strong></span> <span class='ocrx_word' id='word_1_682' title='bbox 842 4195 964 4254; x_wconf 85' lang='lat' dir='ltr'><strong>illamll</strong></span> <span class='ocrx_word' id='word_1_683' title='bbox 1016 4197 1132 4254; x_wconf 80' lang='lat' dir='ltr'><strong>bileete</strong></span> <span class='ocrx_word' id='word_1_684' title='bbox 1154 4198 1211 4254; x_wconf 81' lang='lat' dir='ltr'><strong>beo</strong></span> <span class='ocrx_word' id='word_1_685' title='bbox 1230 4200 1259 4252; x_wconf 89' lang='lat' dir='ltr'><strong>et</strong></span> <span class='ocrx_word' id='word_1_686' title='bbox 1276 4195 1444 4252; x_wconf 90' lang='lat' dir='ltr'><strong>hominibus</strong></span> <span class='ocrx_word' id='word_1_687' title='bbox 1460 4193 1630 4252; x_wconf 73' lang='lat' dir='ltr'><strong>reuerendos</strong></span> <span class='ocrx_word' id='word_1_688' title='bbox 1652 4195 1778 4252; x_wconf 82' lang='lat' dir='ltr'><strong>dominae</strong></span> <span class='ocrx_word' id='word_1_689' title='bbox 1797 4199 1825 4251; x_wconf 93' lang='lat' dir='ltr'><strong>et</strong></span> <span class='ocrx_word' id='word_1_690' title='bbox 1858 4204 1864 4216; x_wconf 90' lang='grc'><em>·</em></span> 
     </span>
     <span class='ocr_line' id='line_1_47' title="bbox 74 4273 1823 4370; baseline -0.005 -21"><span class='ocrx_word' id='word_1_691' title='bbox 74 4293 236 4350; x_wconf 78' lang='lat' dir='ltr'><strong>elevabant.</strong></span> <span class='ocrx_word' id='word_1_692' title='bbox 261 4291 321 4346; x_wconf 88' lang='lat' dir='ltr'><strong>lloc</strong></span> <span class='ocrx_word' id='word_1_693' title='bbox 353 4294 452 4346; x_wconf 85' lang='lat' dir='ltr'><strong>saneta</strong></span> <span class='ocrx_word' id='word_1_694' title='bbox 479 4288 626 4347; x_wconf 87' lang='lat' dir='ltr'><strong>humilitas</strong></span> <span class='ocrx_word' id='word_1_695' title='bbox 652 4287 718 4344; x_wconf 84' lang='lat' dir='ltr'><strong>fuit.</strong></span> <span class='ocrx_word' id='word_1_696' title='bbox 747 4287 820 4342; x_wconf 85' lang='lat' dir='ltr'><strong>Cum</strong></span> <span class='ocrx_word' id='word_1_697' title='bbox 845 4286 923 4342; x_wconf 90' lang='lat' dir='ltr'><strong>enim</strong></span> <span class='ocrx_word' id='word_1_698' title='bbox 975 4286 1122 4358; x_wconf 80' lang='lat' dir='ltr'><strong>magistras</strong></span> <span class='ocrx_word' id='word_1_699' title='bbox 1149 4287 1317 4343; x_wconf 79' lang='lat' dir='ltr'><strong>llrnuaoaanr</strong></span> <span class='ocrx_word' id='word_1_700' title='bbox 1330 4284 1361 4340; x_wconf 90' lang='lat' dir='ltr'><strong>in</strong></span> <span class='ocrx_word' id='word_1_701' title='bbox 1381 4285 1482 4370; x_wconf 75' lang='lat' dir='ltr'><strong>Binga,</strong></span> <span class='ocrx_word' id='word_1_702' title='bbox 1502 4273 1592 4340; x_wconf 84' lang='lat' dir='ltr'><strong>irater</strong></span> <span class='ocrx_word' id='word_1_703' title='bbox 1609 4285 1638 4340; x_wconf 80' lang='lat' dir='ltr'><strong>E.</strong></span> <span class='ocrx_word' id='word_1_704' title='bbox 1653 4283 1711 4356; x_wconf 80' lang='lat' dir='ltr'><strong>(lt)</strong></span> <span class='ocrx_word' id='word_1_705' title='bbox 1725 4283 1823 4354; x_wconf 89' lang='lat' dir='ltr'><strong>abbas,</strong></span> 
     </span>
     <span class='ocr_line' id='line_1_48' title="bbox 74 4372 1823 4449; baseline -0.005 -13"><span class='ocrx_word' id='word_1_706' title='bbox 74 4377 222 4436; x_wconf 87' lang='lat' dir='ltr'><strong>horribilis</strong></span> <span class='ocrx_word' id='word_1_707' title='bbox 250 4393 352 4436; x_wconf 81' lang='lat' dir='ltr'><strong>aenam</strong></span> <span class='ocrx_word' id='word_1_708' title='bbox 378 4377 470 4434; x_wconf 80' lang='lat' dir='ltr'><strong>auam</strong></span> <span class='ocrx_word' id='word_1_709' title='bbox 493 4376 662 4449; x_wconf 83' lang='lat' dir='ltr'><strong>prostravit,</strong></span> <span class='ocrx_word' id='word_1_710' title='bbox 685 4375 820 4432; x_wconf 81' lang='lat' dir='ltr'><strong>diviuitas</strong></span> <span class='ocrx_word' id='word_1_711' title='bbox 840 4379 923 4433; x_wconf 85' lang='lat' dir='ltr'><strong>acute</strong></span> <span class='ocrx_word' id='word_1_712' title='bbox 976 4375 1043 4432; x_wconf 88' lang='lat' dir='ltr'><strong>licat</strong></span> <span class='ocrx_word' id='word_1_713' title='bbox 1057 4373 1203 4446; x_wconf 87' lang='lat' dir='ltr'><strong>indignus,</strong></span> <span class='ocrx_word' id='word_1_714' title='bbox 1227 4375 1262 4431; x_wconf 92' lang='lat' dir='ltr'><strong>de</strong></span> <span class='ocrx_word' id='word_1_715' title='bbox 1278 4373 1444 4442; x_wconf 66' lang='lat' dir='ltr'><strong>biberbach,</strong></span> <span class='ocrx_word' id='word_1_716' title='bbox 1462 4373 1607 4429; x_wconf 89' lang='lat' dir='ltr'><strong>modicum</strong></span> <span class='ocrx_word' id='word_1_717' title='bbox 1625 4373 1653 4428; x_wconf 91' lang='lat' dir='ltr'><strong>id</strong></span> <span class='ocrx_word' id='word_1_718' title='bbox 1669 4372 1747 4444; x_wconf 89' lang='lat' dir='ltr'><strong>qnod</strong></span> <span class='ocrx_word' id='word_1_719' title='bbox 1770 4377 1823 4428; x_wconf 89' lang='lat' dir='ltr'><strong>est.</strong></span> 
     </span>
     <span class='ocr_line' id='line_1_49' title="bbox 73 4461 1824 4540; baseline -0.003 -18"><span class='ocrx_word' id='word_1_720' title='bbox 73 4468 211 4540; x_wconf 81' lang='lat' dir='ltr'><strong>inspexit,</strong></span> <span class='ocrx_word' id='word_1_721' title='bbox 236 4483 274 4524; x_wconf 88' lang='lat' dir='ltr'><strong>ne</strong></span> <span class='ocrx_word' id='word_1_722' title='bbox 300 4467 350 4523; x_wconf 89' lang='lat' dir='ltr'><strong>ille</strong></span> <span class='ocrx_word' id='word_1_723' title='bbox 376 4468 407 4522; x_wconf 92' lang='lat' dir='ltr'><strong>iu</strong></span> <span class='ocrx_word' id='word_1_724' title='bbox 432 4482 498 4522; x_wconf 90' lang='lat' dir='ltr'><strong>casu</strong></span> <span class='ocrx_word' id='word_1_725' title='bbox 526 4466 644 4524; x_wconf 87' lang='lat' dir='ltr'><strong>omnino</strong></span> <span class='ocrx_word' id='word_1_726' title='bbox 673 4464 790 4536; x_wconf 88' lang='lat' dir='ltr'><strong>periret,</strong></span> <span class='ocrx_word' id='word_1_727' title='bbox 815 4464 864 4520; x_wconf 89' lang='lat' dir='ltr'><strong>sad</strong></span> <span class='ocrx_word' id='word_1_728' title='bbox 891 4467 924 4520; x_wconf 91' lang='lat' dir='ltr'><strong>ut</strong></span> <span class='ocrx_word' id='word_1_729' title='bbox 1013 4461 1230 4536; x_wconf 86' lang='lat' dir='ltr'><strong>llagnifleamns</strong></span> <span class='ocrx_word' id='word_1_730' title='bbox 1247 4466 1275 4518; x_wconf 91' lang='lat' dir='ltr'><strong>et</strong></span> <span class='ocrx_word' id='word_1_731' title='bbox 1292 4461 1486 4533; x_wconf 86' lang='lat' dir='ltr'><strong>glorificemus</strong></span> <span class='ocrx_word' id='word_1_732' title='bbox 1507 4477 1560 4533; x_wconf 87' lang='lat' dir='ltr'><strong>pro</strong></span> <span class='ocrx_word' id='word_1_733' title='bbox 1579 4462 1659 4517; x_wconf 82' lang='lat' dir='ltr'><strong>vobis</strong></span> <span class='ocrx_word' id='word_1_734' title='bbox 1680 4461 1824 4518; x_wconf 78' lang='lat' dir='ltr'><strong>Christum</strong></span> 
     </span>
     <span class='ocr_line' id='line_1_50' title="bbox 73 4549 1823 4622; baseline -0.006 -8"><span class='ocrx_word' id='word_1_735' title='bbox 73 4573 140 4614; x_wconf 91' lang='lat' dir='ltr'><strong>aum</strong></span> <span class='ocrx_word' id='word_1_736' title='bbox 157 4557 191 4612; x_wconf 90' lang='lat' dir='ltr'><strong>in</strong></span> <span class='ocrx_word' id='word_1_737' title='bbox 209 4560 309 4612; x_wconf 70' lang='lat' dir='ltr'><strong>sanem</strong></span> <span class='ocrx_word' id='word_1_738' title='bbox 328 4555 508 4612; x_wconf 88' lang='lat' dir='ltr'><strong>humanitate</strong></span> <span class='ocrx_word' id='word_1_739' title='bbox 527 4555 691 4612; x_wconf 87' lang='lat' dir='ltr'><strong>redimeret.</strong></span> <span class='ocrx_word' id='word_1_740' title='bbox 716 4555 773 4612; x_wconf 85' lang='lat' dir='ltr'><strong>Nec</strong></span> <span class='ocrx_word' id='word_1_741' title='bbox 794 4554 847 4610; x_wconf 80' lang='lat' dir='ltr'><strong>aloe</strong></span> <span class='ocrx_word' id='word_1_742' title='bbox 865 4567 925 4610; x_wconf 92' lang='lat' dir='ltr'><strong>ma·</strong></span> <span class='ocrx_word' id='word_1_743' title='bbox 977 4552 1152 4610; x_wconf 82' lang='lat' dir='ltr'><strong>Salvatorem</strong></span> <span class='ocrx_word' id='word_1_744' title='bbox 1173 4555 1313 4620; x_wconf 90' lang='lat' dir='ltr'><strong>nostrum,</strong></span> <span class='ocrx_word' id='word_1_745' title='bbox 1335 4550 1385 4622; x_wconf 87' lang='lat' dir='ltr'><strong>qni</strong></span> <span class='ocrx_word' id='word_1_746' title='bbox 1410 4549 1526 4622; x_wconf 91' lang='lat' dir='ltr'><strong>respicit</strong></span> <span class='ocrx_word' id='word_1_747' title='bbox 1544 4552 1755 4619; x_wconf 77' lang='lat' dir='ltr'><strong>uehementes,</strong></span> <span class='ocrx_word' id='word_1_748' title='bbox 1771 4566 1823 4622; x_wconf 91' lang='lat' dir='ltr'><strong>po-</strong></span> 
     </span>
     <span class='ocr_line' id='line_1_51' title="bbox 72 4637 1824 4718; baseline -0.005 -18"><span class='ocrx_word' id='word_1_749' title='bbox 72 4663 136 4718; x_wconf 69' lang='lat' dir='ltr'><strong>gna</strong></span> <span class='ocrx_word' id='word_1_750' title='bbox 150 4645 292 4718; x_wconf 81' lang='lat' dir='ltr'><strong>potentiae</strong></span> <span class='ocrx_word' id='word_1_751' title='bbox 311 4645 439 4713; x_wconf 85' lang='lat' dir='ltr'><strong>luerunt,</strong></span> <span class='ocrx_word' id='word_1_752' title='bbox 454 4643 534 4716; x_wconf 87' lang='lat' dir='ltr'><strong>quod</strong></span> <span class='ocrx_word' id='word_1_753' title='bbox 548 4643 710 4711; x_wconf 88' lang='lat' dir='ltr'><strong>hominem,</strong></span> <span class='ocrx_word' id='word_1_754' title='bbox 723 4643 775 4714; x_wconf 86' lang='lat' dir='ltr'><strong>qui</strong></span> <span class='ocrx_word' id='word_1_755' title='bbox 795 4641 924 4714; x_wconf 86' lang='lat' dir='ltr'><strong>perditus</strong></span> <span class='ocrx_word' id='word_1_756' title='bbox 976 4645 1040 4697; x_wconf 88' lang='lat' dir='ltr'><strong>tens</strong></span> <span class='ocrx_word' id='word_1_757' title='bbox 1056 4640 1160 4696; x_wconf 91' lang='lat' dir='ltr'><strong>exaltet</strong></span> <span class='ocrx_word' id='word_1_758' title='bbox 1173 4639 1307 4708; x_wconf 91' lang='lat' dir='ltr'><strong>humiles,</strong></span> <span class='ocrx_word' id='word_1_759' title='bbox 1321 4637 1373 4712; x_wconf 85' lang='lat' dir='ltr'><strong>qui</strong></span> <span class='ocrx_word' id='word_1_760' title='bbox 1391 4643 1419 4694; x_wconf 88' lang='lat' dir='ltr'><strong>et</strong></span> <span class='ocrx_word' id='word_1_761' title='bbox 1438 4653 1543 4708; x_wconf 86' lang='lat' dir='ltr'><strong>magua</strong></span> <span class='ocrx_word' id='word_1_762' title='bbox 1563 4638 1643 4694; x_wconf 82' lang='lat' dir='ltr'><strong>vobis</strong></span> <span class='ocrx_word' id='word_1_763' title='bbox 1661 4637 1739 4706; x_wconf 88' lang='lat' dir='ltr'><strong>lecit,</strong></span> <span class='ocrx_word' id='word_1_764' title='bbox 1755 4637 1824 4710; x_wconf 89' lang='lat' dir='ltr'><strong>qula</strong></span> 
     </span>
     <span class='ocr_line' id='line_1_52' title="bbox 72 4725 1824 4802; baseline -0.006 -12"><span class='ocrx_word' id='word_1_765' title='bbox 72 4735 135 4802; x_wconf 86' lang='lat' dir='ltr'><strong>luit,</strong></span> <span class='ocrx_word' id='word_1_766' title='bbox 164 4733 317 4790; x_wconf 85' lang='lat' dir='ltr'><strong>humilitas</strong></span> <span class='ocrx_word' id='word_1_767' title='bbox 344 4732 375 4788; x_wconf 93' lang='lat' dir='ltr'><strong>in</strong></span> <span class='ocrx_word' id='word_1_768' title='bbox 408 4731 590 4790; x_wconf 82' lang='lat' dir='ltr'><strong>humanitate</strong></span> <span class='ocrx_word' id='word_1_769' title='bbox 613 4731 766 4788; x_wconf 84' lang='lat' dir='ltr'><strong>Salvatoria</strong></span> <span class='ocrx_word' id='word_1_770' title='bbox 792 4728 922 4797; x_wconf 83' lang='lat' dir='ltr'><strong>elevavit,</strong></span> <span class='ocrx_word' id='word_1_771' title='bbox 976 4733 1137 4802; x_wconf 88' lang='lat' dir='ltr'><strong>potensest</strong></span> <span class='ocrx_word' id='word_1_772' title='bbox 1157 4728 1237 4798; x_wconf 76' lang='lat' dir='ltr'><strong>(Luc.</strong></span> <span class='ocrx_word' id='word_1_773' title='bbox 1263 4730 1294 4795; x_wconf 88' lang='grc' dir='ltr'><strong>ι).</strong></span> <span class='ocrx_word' id='word_1_774' title='bbox 1312 4726 1417 4799; x_wconf 82' lang='lat' dir='ltr'><strong>Elegit,</strong></span> <span class='ocrx_word' id='word_1_775' title='bbox 1437 4727 1509 4783; x_wconf 88' lang='lat' dir='ltr'><strong>siout</strong></span> <span class='ocrx_word' id='word_1_776' title='bbox 1531 4726 1586 4798; x_wconf 91' lang='lat' dir='ltr'><strong>ipsi</strong></span> <span class='ocrx_word' id='word_1_777' title='bbox 1611 4725 1774 4783; x_wconf 83' lang='lat' dir='ltr'><strong>andivimus</strong></span> <span class='ocrx_word' id='word_1_778' title='bbox 1795 4729 1824 4781; x_wconf 88' lang='lat' dir='ltr'><strong>et</strong></span> 
     </span>
     <span class='ocr_line' id='line_1_53' title="bbox 72 4813 1822 4895; baseline -0.005 -16"><span class='ocrx_word' id='word_1_779' title='bbox 72 4822 212 4895; x_wconf 85' lang='lat' dir='ltr'><strong>quoniam</strong></span> <span class='ocrx_word' id='word_1_780' title='bbox 235 4820 360 4876; x_wconf 87' lang='lat' dir='ltr'><strong>charites</strong></span> <span class='ocrx_word' id='word_1_781' title='bbox 386 4820 538 4877; x_wconf 89' lang='lat' dir='ltr'><strong>hominem</strong></span> <span class='ocrx_word' id='word_1_782' title='bbox 560 4818 675 4886; x_wconf 73' lang='lat' dir='ltr'><strong>amavit,</strong></span> <span class='ocrx_word' id='word_1_783' title='bbox 696 4817 846 4874; x_wconf 87' lang='lat' dir='ltr'><strong>humilitas</strong></span> <span class='ocrx_word' id='word_1_784' title='bbox 869 4832 924 4874; x_wconf 92' lang='lat' dir='ltr'><strong>an·</strong></span> <span class='ocrx_word' id='word_1_785' title='bbox 976 4818 1110 4886; x_wconf 86' lang='lat' dir='ltr'><strong>vidimus,</strong></span> <span class='ocrx_word' id='word_1_786' title='bbox 1136 4815 1293 4874; x_wconf 86' lang='lat' dir='ltr'><strong>sacrarium</strong></span> <span class='ocrx_word' id='word_1_787' title='bbox 1312 4815 1435 4888; x_wconf 88' lang='lat' dir='ltr'><strong>pectoris</strong></span> <span class='ocrx_word' id='word_1_788' title='bbox 1464 4815 1549 4872; x_wconf 82' lang='lat' dir='ltr'><strong>vestri</strong></span> <span class='ocrx_word' id='word_1_789' title='bbox 1572 4813 1822 4875; x_wconf 82' lang='lat' dir='ltr'><strong>inhabitaculum</strong></span> 
     </span>
     <span class='ocr_line' id='line_1_54' title="bbox 71 4904 1822 4982; baseline -0.004 -17"><span class='ocrx_word' id='word_1_790' title='bbox 71 4915 129 4966; x_wconf 88' lang='lat' dir='ltr'><strong>tem</strong></span> <span class='ocrx_word' id='word_1_791' title='bbox 147 4923 219 4966; x_wconf 89' lang='lat' dir='ltr'><strong>eum</strong></span> <span class='ocrx_word' id='word_1_792' title='bbox 240 4908 373 4964; x_wconf 86' lang='lat' dir='ltr'><strong>redemit.</strong></span> <span class='ocrx_word' id='word_1_793' title='bbox 395 4908 465 4982; x_wconf 90' lang='lat' dir='ltr'><strong>Spes</strong></span> <span class='ocrx_word' id='word_1_794' title='bbox 486 4923 555 4965; x_wconf 78' lang='lat' dir='ltr'><strong>aero</strong></span> <span class='ocrx_word' id='word_1_795' title='bbox 572 4913 616 4965; x_wconf 87' lang='lat' dir='ltr'><strong>ast</strong></span> <span class='ocrx_word' id='word_1_796' title='bbox 636 4907 719 4980; x_wconf 89' lang='lat' dir='ltr'><strong>quasi</strong></span> <span class='ocrx_word' id='word_1_797' title='bbox 740 4907 841 4963; x_wconf 88' lang='lat' dir='ltr'><strong>oculus</strong></span> <span class='ocrx_word' id='word_1_798' title='bbox 856 4905 923 4962; x_wconf 85' lang='lat' dir='ltr'><strong>oha-</strong></span> <span class='ocrx_word' id='word_1_799' title='bbox 976 4906 1042 4976; x_wconf 89' lang='lat' dir='ltr'><strong>sibi,</strong></span> <span class='ocrx_word' id='word_1_800' title='bbox 1065 4906 1271 4978; x_wconf 86' lang='lat' dir='ltr'><strong>scientiamque</strong></span> <span class='ocrx_word' id='word_1_801' title='bbox 1294 4905 1432 4974; x_wconf 86' lang='lat' dir='ltr'><strong>divinam,</strong></span> <span class='ocrx_word' id='word_1_802' title='bbox 1454 4905 1564 4962; x_wconf 85' lang='lat' dir='ltr'><strong>incerta</strong></span> <span class='ocrx_word' id='word_1_803' title='bbox 1592 4908 1621 4960; x_wconf 91' lang='lat' dir='ltr'><strong>et</strong></span> <span class='ocrx_word' id='word_1_804' title='bbox 1642 4904 1754 4960; x_wconf 89' lang='lat' dir='ltr'><strong>occulta</strong></span> <span class='ocrx_word' id='word_1_805' title='bbox 1777 4919 1822 4958; x_wconf 89' lang='lat' dir='ltr'><strong>sa·</strong></span> 
     </span>
     <span class='ocr_line' id='line_1_55' title="bbox 71 4990 1826 5070; baseline -0.005 -16"><span class='ocrx_word' id='word_1_806' title='bbox 71 4999 173 5064; x_wconf 74' lang='lat' dir='ltr'><strong>utatis,</strong></span> <span class='ocrx_word' id='word_1_807' title='bbox 189 5013 275 5054; x_wconf 92' lang='lat' dir='ltr'><strong>amor</strong></span> <span class='ocrx_word' id='word_1_808' title='bbox 293 5001 393 5054; x_wconf 78' lang='grc' dir='ltr'><strong>οιιῑοιιι</strong></span> <span class='ocrx_word' id='word_1_809' title='bbox 416 4997 539 5055; x_wconf 72' lang='lat' dir='ltr'><strong>caelestia</strong></span> <span class='ocrx_word' id='word_1_810' title='bbox 556 4998 699 5054; x_wconf 82' lang='lat' dir='ltr'><strong>velutcor</strong></span> <span class='ocrx_word' id='word_1_811' title='bbox 718 4996 808 5059; x_wconf 90' lang='lat' dir='ltr'><strong>illius,</strong></span> <span class='ocrx_word' id='word_1_812' title='bbox 825 5001 856 5053; x_wconf 90' lang='lat' dir='ltr'><strong>et</strong></span> <span class='ocrx_word' id='word_1_813' title='bbox 870 4995 923 5052; x_wconf 90' lang='lat' dir='ltr'><strong>ab·</strong></span> <span class='ocrx_word' id='word_1_814' title='bbox 976 4995 1103 5070; x_wconf 83' lang='lat' dir='ltr'><strong>pientiae,</strong></span> <span class='ocrx_word' id='word_1_815' title='bbox 1128 5011 1187 5052; x_wconf 82' lang='lat' dir='ltr'><strong>suoe</strong></span> <span class='ocrx_word' id='word_1_816' title='bbox 1211 4993 1290 5051; x_wconf 83' lang='lat' dir='ltr'><strong>vobis</strong></span> <span class='ocrx_word' id='word_1_817' title='bbox 1312 4993 1506 5052; x_wconf 80' lang='lat' dir='ltr'><strong>manifestavit</strong></span> <span class='ocrx_word' id='word_1_818' title='bbox 1526 4992 1615 5064; x_wconf 75' lang='lat' dir='ltr'><strong>(Paul.</strong></span> <span class='ocrx_word' id='word_1_819' title='bbox 1635 4993 1673 5063; x_wconf 81' lang='lat' dir='ltr'><strong>a),</strong></span> <span class='ocrx_word' id='word_1_820' title='bbox 1694 4990 1826 5047; x_wconf 89' lang='lat' dir='ltr'><strong>introdu-</strong></span> 
     </span>
     <span class='ocr_line' id='line_1_56' title="bbox 72 5077 1824 5159; baseline -0.003 -19"><span class='ocrx_word' id='word_1_821' title='bbox 72 5087 210 5144; x_wconf 86' lang='lat' dir='ltr'><strong>stiuentia</strong></span> <span class='ocrx_word' id='word_1_822' title='bbox 230 5101 373 5158; x_wconf 87' lang='lat' dir='ltr'><strong>compago</strong></span> <span class='ocrx_word' id='word_1_823' title='bbox 404 5086 507 5159; x_wconf 87' lang='lat' dir='ltr'><strong>ipsius.</strong></span> <span class='ocrx_word' id='word_1_824' title='bbox 539 5086 621 5143; x_wconf 79' lang='lat' dir='ltr'><strong>Fides</strong></span> <span class='ocrx_word' id='word_1_825' title='bbox 652 5090 696 5142; x_wconf 93' lang='lat' dir='ltr'><strong>est</strong></span> <span class='ocrx_word' id='word_1_826' title='bbox 718 5085 797 5142; x_wconf 86' lang='lat' dir='ltr'><strong>velut</strong></span> <span class='ocrx_word' id='word_1_827' title='bbox 823 5085 924 5142; x_wconf 86' lang='lat' dir='ltr'><strong>oculus</strong></span> <span class='ocrx_word' id='word_1_828' title='bbox 975 5100 1044 5140; x_wconf 90' lang='lat' dir='ltr'><strong>cens</strong></span> <span class='ocrx_word' id='word_1_829' title='bbox 1057 5085 1089 5140; x_wconf 91' lang='lat' dir='ltr'><strong>in</strong></span> <span class='ocrx_word' id='word_1_830' title='bbox 1113 5083 1279 5140; x_wconf 89' lang='lat' dir='ltr'><strong>cubiculum</strong></span> <span class='ocrx_word' id='word_1_831' title='bbox 1299 5099 1384 5140; x_wconf 88' lang='lat' dir='ltr'><strong>snum</strong></span> <span class='ocrx_word' id='word_1_832' title='bbox 1404 5084 1440 5140; x_wconf 91' lang='lat' dir='ltr'><strong>ad</strong></span> <span class='ocrx_word' id='word_1_833' title='bbox 1460 5081 1546 5138; x_wconf 87' lang='lat' dir='ltr'><strong>flores</strong></span> <span class='ocrx_word' id='word_1_834' title='bbox 1566 5095 1697 5137; x_wconf 89' lang='lat' dir='ltr'><strong>rosarum</strong></span> <span class='ocrx_word' id='word_1_835' title='bbox 1717 5083 1746 5136; x_wconf 91' lang='lat' dir='ltr'><strong>et</strong></span> <span class='ocrx_word' id='word_1_836' title='bbox 1763 5077 1824 5136; x_wconf 89' lang='lat' dir='ltr'><strong>lilia</strong></span> 
     </span>
     <span class='ocr_line' id='line_1_57' title="bbox 72 5169 1822 5246; baseline -0.004 -14"><span class='ocrx_word' id='word_1_837' title='bbox 72 5175 260 5244; x_wconf 87' lang='lat' dir='ltr'><strong>humilitatis,</strong></span> <span class='ocrx_word' id='word_1_838' title='bbox 275 5175 525 5233; x_wconf 80' lang='lat' dir='ltr'><strong>obedientiarum</strong></span> <span class='ocrx_word' id='word_1_839' title='bbox 546 5174 629 5246; x_wconf 85' lang='lat' dir='ltr'><strong>quasi</strong></span> <span class='ocrx_word' id='word_1_840' title='bbox 651 5190 701 5232; x_wconf 90' lang='lat' dir='ltr'><strong>cor</strong></span> <span class='ocrx_word' id='word_1_841' title='bbox 717 5174 790 5245; x_wconf 74' lang='lat' dir='ltr'><strong>eJua,</strong></span> <span class='ocrx_word' id='word_1_842' title='bbox 808 5178 838 5230; x_wconf 91' lang='lat' dir='ltr'><strong>et</strong></span> <span class='ocrx_word' id='word_1_843' title='bbox 852 5189 923 5230; x_wconf 91' lang='lat' dir='ltr'><strong>eou-</strong></span> <span class='ocrx_word' id='word_1_844' title='bbox 975 5173 1161 5243; x_wconf 85' lang='lat' dir='ltr'><strong>eonrcllium,</strong></span> <span class='ocrx_word' id='word_1_845' title='bbox 1183 5172 1220 5228; x_wconf 91' lang='lat' dir='ltr'><strong>ad</strong></span> <span class='ocrx_word' id='word_1_846' title='bbox 1241 5171 1346 5230; x_wconf 91' lang='lat' dir='ltr'><strong>llorida</strong></span> <span class='ocrx_word' id='word_1_847' title='bbox 1371 5185 1440 5228; x_wconf 85' lang='lat' dir='ltr'><strong>rura</strong></span> <span class='ocrx_word' id='word_1_848' title='bbox 1464 5169 1609 5228; x_wconf 91' lang='lat' dir='ltr'><strong>montium</strong></span> <span class='ocrx_word' id='word_1_849' title='bbox 1634 5173 1822 5226; x_wconf 74' lang='lat' dir='ltr'><strong>aemorum.</strong></span> 
     </span>
     <span class='ocr_line' id='line_1_58' title="bbox 72 5257 1824 5338; baseline -0.006 -15"><span class='ocrx_word' id='word_1_850' title='bbox 72 5270 199 5338; x_wconf 83' lang='lat' dir='ltr'><strong>temptns</strong></span> <span class='ocrx_word' id='word_1_851' title='bbox 216 5265 289 5321; x_wconf 91' lang='lat' dir='ltr'><strong>mali</strong></span> <span class='ocrx_word' id='word_1_852' title='bbox 307 5265 390 5338; x_wconf 65' lang='lat' dir='ltr'><strong>quaa</strong></span> <span class='ocrx_word' id='word_1_853' title='bbox 403 5280 543 5338; x_wconf 88' lang='lat' dir='ltr'><strong>compago</strong></span> <span class='ocrx_word' id='word_1_854' title='bbox 556 5264 644 5321; x_wconf 86' lang='lat' dir='ltr'><strong>illins.</strong></span> <span class='ocrx_word' id='word_1_855' title='bbox 654 5263 785 5322; x_wconf 79' lang='lat' dir='ltr'><strong>Charites</strong></span> <span class='ocrx_word' id='word_1_856' title='bbox 797 5262 830 5320; x_wconf 92' lang='lat' dir='ltr'><strong>in</strong></span> <span class='ocrx_word' id='word_1_857' title='bbox 842 5266 924 5320; x_wconf 77' lang='lat' dir='ltr'><strong>ater·</strong></span> <span class='ocrx_word' id='word_1_858' title='bbox 976 5263 1058 5320; x_wconf 77' lang='lat' dir='ltr'><strong>heva</strong></span> <span class='ocrx_word' id='word_1_859' title='bbox 1077 5261 1139 5335; x_wconf 76' lang='lat' dir='ltr'><strong>eiua</strong></span> <span class='ocrx_word' id='word_1_860' title='bbox 1158 5261 1211 5318; x_wconf 87' lang='lat' dir='ltr'><strong>sub</strong></span> <span class='ocrx_word' id='word_1_861' title='bbox 1230 5260 1327 5333; x_wconf 86' lang='lat' dir='ltr'><strong>capite</strong></span> <span class='ocrx_word' id='word_1_862' title='bbox 1341 5263 1444 5328; x_wconf 82' lang='lat' dir='ltr'><strong>aestro,</strong></span> <span class='ocrx_word' id='word_1_863' title='bbox 1462 5263 1491 5315; x_wconf 90' lang='lat' dir='ltr'><strong>el</strong></span> <span class='ocrx_word' id='word_1_864' title='bbox 1509 5257 1609 5315; x_wconf 86' lang='lat' dir='ltr'><strong>dextra</strong></span> <span class='ocrx_word' id='word_1_865' title='bbox 1627 5257 1690 5329; x_wconf 77' lang='lat' dir='ltr'><strong>eins</strong></span> <span class='ocrx_word' id='word_1_866' title='bbox 1716 5257 1824 5330; x_wconf 86' lang='lat' dir='ltr'><strong>ample·</strong></span> 
     </span>
    </p>
   </div>
   <div class='ocr_carea' id='block_1_5' title="bbox 103 5439 922 5519">
    <p class='ocr_par' dir='ltr' id='par_1_8' title="bbox 103 5439 922 5519">
     <span class='ocr_line' id='line_1_59' title="bbox 103 5439 922 5519; baseline -0.007 -19"><span class='ocrx_word' id='word_1_867' title='bbox 103 5445 161 5519; x_wconf 81' lang='grc' dir='ltr'><strong>(Π)</strong></span> <span class='ocrx_word' id='word_1_868' title='bbox 174 5442 249 5500; x_wconf 83' lang='lat' dir='ltr'><strong>Vide</strong></span> <span class='ocrx_word' id='word_1_869' title='bbox 269 5442 512 5501; x_wconf 86' lang='lat' dir='ltr'><strong>commentarium</strong></span> <span class='ocrx_word' id='word_1_870' title='bbox 530 5441 764 5513; x_wconf 89' lang='lat' dir='ltr'><strong>Bollandieunm,</strong></span> <span class='ocrx_word' id='word_1_871' title='bbox 781 5455 862 5498; x_wconf 92' lang='lat' dir='ltr'><strong>uum.</strong></span> <span class='ocrx_word' id='word_1_872' title='bbox 874 5439 922 5495; x_wconf 79' lang='lat'><strong>47.</strong></span> 
     </span>
    </p>
   </div>
   <div class='ocr_carea' id='block_1_6' title="bbox 0 0 2003 6034">
    <p class='ocr_par' dir='ltr' id='par_1_9' title="bbox 0 0 2003 6034">
     <span class='ocr_line' id='line_1_60' title="bbox 0 0 2003 6034; baseline 0 0"><span class='ocrx_word' id='word_1_873' title='bbox 0 0 2003 6034; x_wconf 95' lang='lat' dir='ltr'><strong> </strong></span> 
     </span>
    </p>
   </div>
  </div>
 </body>
</html>
