3984 6034
127 216 177 268 58¹
752 209 894 267 atlttaS.
909 211 1010 266 -ΙΙΙΙ,
1033 209 1081 273 ΙΙΙ,
1103 209 1192 264 visto
1215 209 1246 264 ΙΙ.
1830 214 1880 268 tte-2

129 347 242 403 lucidus
270 351 303 402 nt
327 347 374 402 lux
405 345 463 402 diei
490 350 519 400 ct
543 345 634 402 altera
660 345 742 417 quasi
764 345 977 419 compaginatio
996 349 1109 402 Arent.
1129 345 1162 402 Si
1180 346 1465 419 mtenyrattmam
1475 363 1577 406 conec
1591 349 1737 422 operibus:
1751 349 1881 422 alloquio

128 435 259 508 lapidum
280 434 440 491 adinvicem
449 433 604 506 coniuncta
621 431 652 489 in
674 434 781 507 ungulo
796 434 929 490 orientali
948 439 978 490 et
1031 433 1130 508 prolia
1148 435 1213 505 y'um
1231 451 1287 492 noa
1311 437 1354 492 est
1370 433 1470 509 gretia
1491 436 1586 508 (Rom.
1606 439 1656 506 xi).
1680 439 1738 494 lloc
1755 438 1811 494 tale
1826 440 1878 494 ast.

128 524 161 580 in
184 524 293 595 angulo
319 522 548 594 septentrionali,
571 523 626 578 boc
646 524 688 577 est
702 523 778 594 quod
792 538 846 594 par
865 522 976 578 bonita-
1034 524 1172 595 lleliqnia
1202 539 1274 596 quas
1294 524 1415 596 laquens
1439 527 1538 580 mortis
1567 542 1625 582 nou
1649 525 1880 598 comprehendit,

128 611 473 668 unestrishominibns
496 609 631 665 exomni
654 615 736 682 parte
759 610 978 688 dataestquasi
1032 615 1065 664 ut
1099 611 1274 668 declinarent
1304 611 1340 667 ad
1364 611 1528 682 exemplum
1558 612 1677 681 diaboli,
1702 613 1760 668 illae
1793 614 1878 670 salvae

129 698 267 756 securitas
290 714 358 766 nna,
381 698 411 754 id
431 702 474 754 est
492 697 616 753 munitio
635 702 664 753 et
686 697 816 754 defensio
838 699 868 753 in
892 699 992 754 bonis·
1032 697 1113 754 tacta
1127 703 1194 754 sunt
1206 701 1307 770 aperta
1321 698 1476 754 adiabene
1504 699 1573 754 dum
1590 700 1664 756 Deus
1684 699 1764 756 misit
1777 701 1879 756 Filium

128 788 265 861 operibus
283 793 317 844 nt
339 787 409 860 ipsis
430 786 603 842 circumdati
620 789 650 840 et
671 785 826 842 confortati
848 787 976 842 cernuos
1032 800 1117 842 suum
1135 785 1279 842 incarnari
1301 785 1379 859 quod
1402 791 1445 841 ast
1466 787 1568 842 electio
1589 787 1689 858 gratiae
1717 803 1770 859 pro
1785 789 1877 844 saluta
1903 817 1905 822 ·

128 875 374 948 concupiscentias
401 876 544 940 deserant,
577 879 607 930 et
633 875 670 930 ad
700 891 771 930 unm
803 876 894 930 benna
926 876 977 946 qui
1032 873 1212 930 manilastata
1237 874 1398 930 bominum.
1425 874 1602 939 Quomodo?
1627 876 1723 930 Gratia
1747 877 1796 932 [tei
1812 892 1881 930 con-

126 965 343 1020 munimentum
358 979 459 1019 eornm
484 969 528 1018 est
546 963 723 1035 confugiant.
750 963 807 1029 Qui
826 979 927 1018 murus
946 962 978 1017 in
1033 961 1124 1017 stituit
1141 963 1300 1028 bominem,
1323 961 1372 1018 sad
1402 962 1449 1016 ille
1471 963 1568 1034 lapsus
1587 967 1629 1018 est
1650 962 1680 1017 in
1696 964 1790 1034 pravis
1809 979 1880 1036 cpe·

128 1053 241 1110 duabus
261 1058 306 1108 est
325 1051 426 1108 turmis·
445 1051 514 1124 quia
535 1067 593 1106 una
616 1051 709 1107 forma
730 1052 807 1107 muri
829 1056 873 1106 eat
891 1050 978 1106 veluti
1032 1051 1121 1106 ribus.
1147 1051 1225 1106 Tunc
1253 1055 1369 1106 ostensa
1400 1057 1443 1108 est
1464 1050 1565 1106 electio
1591 1052 1691 1122 gratim
1723 1051 1754 1106 in
1786 1053 1877 1106 electo

128 1142 305 1212 speculativa
328 1141 448 1196 scientia
461 1140 585 1196 duarum
605 1139 728 1209 riarum,
744 1141 883 1212 quoniam
897 1141 976 1198 illam
1031 1155 1107 1206 vase,
1127 1153 1193 1194 cum
1217 1155 1250 1193 cx
1271 1137 1386 1209 Virgine
1414 1137 1501 1194 Filius
1525 1139 1574 1194 llei
1589 1144 1673 1193 natus
1695 1145 1749 1208 est,
1766 1139 1797 1194 in
1820 1155 1878 1211 quo

128 1229 279 1284 scientiam
312 1228 343 1284 in
371 1228 535 1284 acutissima
556 1233 586 1283 et
601 1228 762 1284 certissima
784 1229 977 1301 exquisitione
1031 1225 1168 1298 possibile
1188 1241 1244 1281 non
1264 1228 1324 1280 erat
1339 1225 1402 1280 lieri
1426 1225 1517 1280 ullum
1534 1227 1656 1296 lapsum.
1676 1227 1746 1280 Nam
1761 1225 1787 1282 ai
1801 1227 1880 1298 quis-

128 1316 332 1390 speculationis
352 1316 444 1373 animi
462 1316 507 1372 sai
532 1316 617 1373 babet
630 1317 726 1386 bomo,
743 1323 775 1372 ut
794 1318 831 1372 sit
854 1317 976 1373 circum-
1031 1315 1280 1389 qnambominum
1308 1329 1369 1369 rem
1385 1313 1511 1385 aliquam
1539 1313 1638 1370 utilem
1666 1313 1734 1369 lacit
1747 1330 1813 1386 qnae
1825 1315 1882 1386 ipsi

127 1410 242 1477 spectus
282 1403 313 1459 in
346 1403 481 1460 omnibus
513 1404 565 1458 riis
595 1405 655 1460 auis
679 1404 766 1460 ctiam
796 1405 854 1460 alia
883 1405 977 1462 torma
1031 1402 1067 1459 ab
1083 1402 1140 1458 alio
1156 1402 1341 1470 abstrahitur,
1356 1407 1425 1456 tuac
1439 1402 1520 1474 eligit
1543 1403 1596 1457 sibi
1615 1403 1702 1458 aliam
1721 1404 1879 1471 utiliorem,

127 1495 205 1549 mari
233 1500 276 1548 est
300 1493 391 1548 veluti
414 1495 531 1547 cinerea
555 1507 622 1547 caro
646 1492 782 1561 hominis,
798 1493 867 1565 quia
885 1494 976 1549 clleo
1032 1505 1118 1561 quam
1134 1489 1160 1544 ai
1176 1489 1274 1546 nullus
1295 1489 1408 1546 auterre
1427 1492 1527 1561 possit,
1548 1497 1577 1545 at
1593 1492 1623 1547 in
1637 1507 1695 1563 qna
1718 1491 1779 1563 ipse
1794 1492 1880 1562 plane

126 1583 239 1633 creatus
263 1577 414 1632 esthemo
437 1592 570 1648 operans,
594 1575 701 1632 lactum
723 1593 796 1649 opus
819 1578 849 1632 in
873 1593 974 1649 opera-
1031 1577 1167 1633 abundet.
1195 1577 1240 1633 Sic
1263 1579 1330 1632 lecit
1345 1579 1439 1649 gratia
1466 1579 1527 1634 liei.
1553 1580 1616 1652 lpsa
1646 1581 1724 1636 anim
1748 1580 1880 1636 formavit

128 1668 218 1722 tione.
1035 1667 1123 1722 ddum
1150 1667 1278 1737 primum
1299 1667 1457 1735 hominem,
1476 1683 1561 1740 quem
1588 1669 1718 1726 diabolus
1743 1670 1881 1727 abstraxit

165 1757 198 1810 Et
222 1755 284 1810 hac
315 1754 489 1826 speculativa
508 1753 627 1810 scientie
655 1755 732 1811 lucet
763 1754 794 1810 in
822 1755 975 1828 splendore
1031 1751 1067 1806 ab
1079 1751 1244 1808 innocentia
1265 1753 1369 1824 operis,
1394 1754 1442 1808 sed
1467 1753 1567 1810 eedem
1592 1755 1684 1826 gratia
1700 1756 1766 1812 lecit
1779 1762 1880 1829 postea

129 1844 201 1898 lucis
215 1843 291 1910 diei,
307 1843 379 1914 quin
400 1858 529 1914 peream
545 1843 676 1898 homines
700 1852 779 1898 actus
794 1859 862 1899 suos
879 1843 977 1899 rident
1030 1839 1241 1911 plenitudinem
1269 1841 1411 1897 bonorum
1436 1857 1556 1914 operum
1578 1859 1631 1913 par
1653 1845 1754 1900 Filium
1779 1846 1829 1901 liei
1849 1847 1879 1900 in

128 1932 366 1996 otconsidarant,
389 1930 458 2001 quia
481 1929 647 2000 splendidos
666 1930 764 1985 radius
787 1931 976 1986 esthamame
1030 1928 1186 1983 salvatione
1217 1929 1392 1985 animarum.
1430 1931 1458 1986 Si
1484 1936 1580 1987 aulem
1608 1933 1700 2002 gratia
1732 1933 1782 1988 liei
1814 1934 1881 1990 lecit

128 2021 246 2086 mantis,
262 2037 292 2075 se
315 2023 398 2075 caute
412 2019 678 2096 circumspicientis,
700 2019 731 2074 in
755 2019 871 2074 bomine
886 2019 975 2090 siqui·
1030 2017 1228 2086 salvationem,
1253 2024 1322 2073 tunc
1342 2019 1461 2074 salvatio
1485 2035 1544 2074 non
1571 2027 1615 2075 est
1637 2021 1709 2077 lacta
1724 2037 1757 2076 ex
1777 2023 1879 2078 merito

128 2113 195 2165 dem
216 2108 409 2180 apparethrec
423 2109 562 2178 preclara
582 2107 701 2163 scientia
722 2111 755 2162 ut
777 2105 897 2163 candida
920 2124 975 2163 uu·
1031 2105 1193 2162 bominum.
1231 2107 1402 2172 Quomodo?
1443 2107 1556 2164 lustitia
1591 2109 1686 2180 operis
1713 2109 1815 2167 defecit
1848 2111 1879 2166 in

127 2199 178 2254 bes
190 2211 343 2269 permeans
363 2203 476 2252 mentes
490 2197 666 2268 populorum
684 2197 714 2251 in
735 2196 881 2252 celeritate
903 2196 978 2252 sicut
1030 2195 1134 2250 Adam:
1161 2202 1201 2251 ita
1223 2195 1301 2267 quod
1325 2197 1412 2252 homo
1435 2213 1584 2270 nunqnam
1607 2198 1764 2252 radicalia
1788 2200 1878 2255 salva·

127 2294 157 2341 et
173 2286 266 2342 nubes
290 2284 347 2340 cito
370 2283 499 2340 difflatur
528 2285 559 2340 in
590 2301 666 2354 aare,
695 2285 851 2356 lucensque
874 2290 907 2340 nt
929 2284 975 2340 lux
1029 2282 1139 2338 tionem
1158 2299 1210 2356 par
1224 2283 1330 2339 merita
1344 2299 1466 2356 operum
1494 2299 1625 2354 sucrum,
1654 2285 1711 2341 nisi
1730 2301 1879 2358 recupara-

125 2374 184 2430 diei
205 2373 345 2446 quoniam
357 2373 421 2444 ipsa
434 2373 556 2429 candida
570 2373 734 2430 declaratur
746 2377 865 2445 propter
879 2374 976 2445 splen·
1030 2376 1110 2426 retur
1132 2385 1185 2442 per
1207 2371 1338 2428 eamdam
1358 2373 1480 2445 gratiam
1504 2373 1710 2445 injustissimo
1731 2375 1802 2432 Filio
1826 2376 1878 2432 liei

126 2463 311 2520 didissimum
335 2479 409 2534 opus
432 2461 511 2534 quod
535 2463 611 2518 Deus
638 2462 762 2534 benigna
785 2461 976 2533 operatoria
1030 2475 1081 2531 per
1113 2475 1202 2531 opera
1231 2460 1333 2531 ipsius,
1359 2461 1428 2533 quia
1451 2463 1588 2518 obediens
1611 2464 1702 2519 lactus
1723 2469 1768 2519 est
1800 2465 1877 2520 Patri

125 2550 306 2620 bominibus,
331 2550 440 2605 scilicet
467 2553 499 2605 ut
528 2566 594 2604 cum
612 2550 669 2621 ipsi
699 2550 827 2605 devitant
855 2551 973 2618 malam,
1030 2562 1092 2616 suc,
1108 2552 1136 2604 at
1150 2547 1304 2604 nisibomo
1324 2551 1410 2606 aliam
1426 2551 1613 2607 mundaretur
1636 2567 1688 2624 per
1701 2553 1877 2624 baptismum

126 2641 278 2712 perliciant
299 2639 409 2694 bonum
423 2638 502 2710 quod
524 2639 555 2694 in
578 2640 621 2693 eis
634 2639 718 2710 quasi
741 2638 791 2694 lux
812 2639 870 2694 diei
890 2640 974 2695 lucet.
1030 2635 1207 2707 quodfilius
1222 2637 1274 2692 liei
1290 2637 1408 2694 tradidit
1430 2639 1597 2695 bominibus
1612 2656 1678 2696 cum
1693 2640 1877 2713 bonoopere‚

128 2728 161 2782 ln
198 2729 262 2800 ipsa
296 2742 413 2799 quoque
442 2727 564 2782 scientia
590 2725 722 2798 procedit
747 2726 976 2799 unumquodque
1031 2727 1107 2796 quod
1137 2741 1210 2796 epus
1244 2726 1338 2796 gratia
1357 2726 1406 2781 llei
1440 2732 1576 2798 operatur
1608 2744 1674 2784 com
1693 2730 1826 2784 homino:
1850 2735 1879 2784 et

129 2816 248 2888 opnsin
262 2815 391 2871 bomine.
415 2813 587 2878 Quomodo?
610 2814 702 2868 llorno
718 2813 889 2869 babetduas
902 2814 973 2869 vias.
1030 2813 1118 2868 bomo
1141 2829 1214 2886 opus
1237 2813 1309 2870 illud
1331 2831 1398 2870 cnm
1419 2814 1479 2870 illa.
1502 2816 1626 2888 ideoque
1654 2822 1699 2872 ast
1715 2817 1809 2888 gratia
1826 2817 1877 2872 liei

127 2901 302 2968 Quomodo?
316 2903 380 2973 lpse
393 2907 438 2957 ast
451 2900 543 2957 sciens
559 2901 669 2957 bonum
682 2905 767 2973 atque
786 2901 895 2958 malum
909 2917 975 2958 cum
994 2917 1096 2978 ccum
1111 2903 1168 2958 hoc
1188 2917 1293 2974 opera;
1308 2909 1337 2958 et
1361 2905 1415 2958 boc
1440 2919 1512 2976 opus
1534 2911 1628 2961 ortum
1650 2910 1693 2960 est
1712 2906 1748 2961 dc
1772 2906 1874 2977 gratia.

128 2991 328 3058 sensibilitate,
352 2991 414 3063 qni,
437 2990 508 3045 dum
537 2989 642 3046 transit
662 2990 698 3044 de
721 2990 806 3058 mmo,
829 2988 974 3062 operando
1030 2989 1113 3056 Quod
1134 2991 1158 3044 si
1172 2991 1291 3054 salvatio
1312 2995 1385 3047 esset
1400 3008 1435 3048 ex
1460 2995 1562 3050 merito
1585 2994 1738 3050 hominum
1764 2999 1793 3050 et
1809 3009 1874 3050 rec·
1956 3059 1965 3074 ,

128 3081 251 3149 bonnm,
265 3081 395 3136 imitatur
408 3081 500 3136 lleom
521 3079 629 3135 faciens
650 3079 758 3135 bonurn
781 3079 812 3134 in
832 3079 909 3151 ipso,
923 3078 975 3151 qui
1031 3080 1093 3133 tum
1121 3094 1192 3149 opus
1218 3079 1351 3136 homines
1367 3086 1442 3136 esset
1462 3082 1613 3153 proprium
1635 3082 1662 3139 ei
1676 3097 1694 3138 a
1707 3083 1811 3153 seipso,
1837 3083 1878 3138 ita

125 3171 222 3240 justus
250 3176 293 3225 ast
314 3171 417 3224 nolens
447 3167 629 3238 injustitiam.
662 3167 718 3224 Sed
740 3167 810 3222 dum
838 3172 976 3239 operatur
1029 3167 1104 3238 quod
1124 3165 1217 3237 gratia
1246 3165 1297 3222 liei
1324 3183 1398 3238 opus
1419 3168 1491 3224 illud
1518 3183 1577 3224 non
1602 3169 1780 3226 accenderet.
1809 3173 1877 3230 tunc

128 3259 250 3325 malum,
263 3258 430 3330 implicatur
440 3271 493 3328 per
504 3257 686 3312 seductorem
698 3255 844 3311 diabolum
858 3255 889 3311 in
906 3269 975 3327 pcc-
1029 3254 1122 3324 gratia
1163 3269 1223 3310 non
1252 3264 1326 3312 assat
1357 3257 1459 3328 gratia.
1495 3257 1667 3322 Quomodo?
1695 3259 1774 3314 Tunc
1803 3262 1877 3313 esset

128 3348 210 3415 catis,
234 3347 285 3420 qni
306 3362 367 3402 non
387 3346 449 3401 vult
471 3346 609 3401 desistere
638 3344 692 3400 nisi
717 3345 821 3400 sentiat
839 3345 921 3400 illum
942 3345 974 3400 in
1028 3344 1117 3399 homo
1147 3360 1164 3398 a
1190 3344 1285 3415 seipso
1308 3350 1337 3400 ct
1358 3362 1416 3402 non
1444 3348 1558 3402 allec:
1584 3351 1614 3402 at
1643 3347 1722 3402 nulla
1745 3351 1877 3403 creatura

128 3435 243 3490 vinculo
266 3437 408 3490 malornm
438 3450 571 3505 opernm,
591 3433 730 3505 quoniam
750 3433 974 3505 diabolusquae-
1029 3433 1161 3489 redderet
1195 3435 1303 3506 gratias
1327 3436 1397 3505 Deo,
1436 3441 1465 3492 et
1486 3435 1580 3507 gratia
1613 3436 1663 3491 liei
1685 3436 1758 3493 nihil
1791 3439 1873 3492 osset.

127 3523 167 3578 rit
179 3523 374 3595 iniquitatem,
388 3521 503 3594 lugiens
525 3521 715 3578 sanctitatem.
731 3521 763 3578 Si
778 3527 873 3577 autem
887 3523 975 3578 bomo
1030 3522 1111 3578 Nunc
1138 3527 1233 3578 autam
1256 3523 1350 3594 gratia
1376 3524 1428 3581 liei
1451 3525 1600 3581 constituit
1622 3525 1770 3580 bominem
1791 3524 1876 3581 ratio-

127 3612 266 3668 abstrabit
279 3629 311 3668 se
337 3613 448 3667 amalo
463 3615 493 3667 at
514 3617 652 3684 operatur
675 3611 803 3667 bonum:
822 3616 890 3666 tunc
910 3626 973 3666 sus·
1027 3609 1145 3667 ualitate
1166 3612 1320 3668 subnixum
1341 3618 1375 3668 ut
1392 3613 1533 3684 justitian
1558 3618 1694 3684 operetur
1712 3613 1743 3669 in
1756 3612 1876 3669 scientia

127 3703 199 3774 cipit
225 3718 291 3758 eum
324 3716 439 3756 summa
462 3699 586 3770 bouitas,
611 3701 681 3772 qnia
705 3700 833 3771 scipsum
857 3705 975 3771 propter
1028 3699 1095 3755 boui
1110 3705 1139 3756 et
1161 3701 1240 3769 mali,
1262 3705 1404 3773 quatenus
1426 3702 1479 3757 bac
1494 3703 1612 3758 scientia
1627 3707 1744 3773 appetat
1765 3702 1874 3758 bonum

128 3805 256 3845 amorem
275 3789 327 3846 llei
348 3789 514 3860 superavit:
538 3789 589 3861 qui
620 3788 724 3844 Filium
749 3803 833 3842 suum
855 3788 975 3844 tradidit
1007 3788 1166 3859 ‘abjiciens
1184 3790 1293 3845 malum
1320 3796 1349 3845 ct
1363 3794 1394 3844 ul
1408 3789 1448 3845 sic
1469 3797 1620 3863 cognoscat
1641 3791 1728 3846 vitam
1748 3795 1777 3846 at
1796 3805 1875 3846 mor·

127 3895 180 3950 pro
201 3895 236 3933 eo
256 3879 288 3934 in
309 3883 433 3933 mortem
455 3878 558 3934 crucis.
582 3878 662 3933 llnda
675 3877 762 3933 aliam
780 3876 899 3932 scientia
913 3879 974 3932 brec
1027 3881 1151 3948 tempor
1164 3879 1219 3934 boc
1241 3877 1351 3948 eligens
1371 3878 1403 3933 in
1424 3893 1483 3950 qua
1502 3883 1582 3949 parte
1597 3894 1747 3934 remanare
1761 3878 1876 3936 doside-

126 3973 170 4022 est
191 3966 379 4038 speculativa:
405 3966 474 4037 quia
496 3966 559 4038 ipsa
584 3972 627 4022 ast
648 3966 731 4037 quasi
753 3966 901 4038 speculum
920 3967 975 4022 boc
1028 3970 1082 4033 rat,
1112 3972 1145 4022 ut
1164 3965 1300 4022 Salomon
1336 3966 1366 4020 ia
1391 3966 1538 4022 intellectu
1576 3967 1725 4038 sapientie
1761 3967 1872 4040 inquit:

126 4055 225 4124 modo,
239 4055 377 4127 quoniam
387 4059 419 4110 nt
434 4056 522 4111 bomo
537 4053 639 4126 aspicit
650 4055 752 4110 inciam
767 4071 849 4110 suam
864 4057 895 4110 in
913 4071 975 4126 ape-
1027 4054 1170 4125 Apposuit
1199 4054 1384 4127 littoream
1412 4059 1440 4110 et
1460 4055 1573 4128 iprtem:
1596 4056 1635 4112 ud
1654 4056 1730 4128 quod
1751 4055 1876 4112 uolueris

126 4146 191 4200 culo
215 4148 314 4200 utrum
337 4143 374 4199 sit
393 4143 426 4197 in
448 4159 484 4198 aa
506 4143 692 4215 pulchritudo
714 4159 751 4198 an
774 4141 972 4212 maculositas;
1030 4141 1148 4216 porrige
1161 4145 1370 4199 mecumtecum
1388 4144 1492 4213 (diecti.
1508 4147 1574 4215 xv).
1587 4145 1646 4200 lloc
1661 4145 1716 4200 tale
1731 4149 1784 4201 ast.
1800 4146 1876 4202 Dens

126 4233 167 4288 sic
195 4232 310 4303 inspicit
332 4231 443 4303 ipsein
472 4232 591 4288 scientia
622 4233 731 4287 bonum
753 4237 783 4287 at
803 4232 914 4286 malum
942 4231 975 4287 in
993 4222 1165 4303 Dapposuit
1186 4231 1299 4288 bomini
1325 4232 1357 4288 iu
1378 4232 1471 4304 prima
1490 4234 1675 4304 suscitatione
1695 4234 1802 4290 animae
1817 4235 1875 4290 vim

126 4321 202 4378 iacto
226 4337 326 4392 opere,
359 4321 435 4394 quod
461 4321 625 4376 considerat
653 4320 731 4376 intra
753 4336 794 4387 se,
821 4319 890 4391 qnia
911 4320 974 4374 brec
1031 4335 1165 4390 magnam
1189 4328 1219 4377 ot
1244 4325 1356 4376 acreum
1383 4321 1513 4378 videlicet
1535 4323 1667 4378 notitiam
1688 4323 1833 4379 malorum
1847 4326 1876 4378 et

126 4410 317 4467 consideratio
336 4416 379 4466 ast
398 4410 431 4464 in
451 4410 586 4465 rationali
609 4423 695 4464 sensu
710 4424 775 4480 qnae
792 4410 865 4463 bens
882 4407 972 4479 inspi·
1027 4409 1182 4471 banorum,
1199 4412 1346 4480 quaesunt
1368 4423 1445 4480 aqua
1465 4414 1494 4465 et
1513 4410 1598 4481 iguis.
1617 4413 1686 4466 Nam
1713 4412 1787 4468 sicut
1800 4427 1876 4483 aqua

126 4499 200 4554 ravit
212 4499 244 4554 in
265 4499 392 4566 bomine,
410 4513 476 4554 cnm
490 4498 635 4553 infaciem
660 4497 722 4567 ejus
740 4496 892 4568 inspirarit
911 4495 971 4568 api·
1027 4511 1142 4566 semper
1158 4496 1280 4552 inundat
1293 4501 1321 4551 et
1333 4498 1407 4552 celat
1425 4496 1455 4552 in
1470 4513 1499 4553 se
1522 4498 1612 4554 multa
1638 4497 1786 4555 mortifera
1808 4499 1874 4554 ani-

126 4588 256 4644 racnlum
271 4587 336 4642 vitre
356 4587 387 4643 in
407 4586 514 4642 anima.
540 4585 612 4640 Nam
636 4584 730 4638 viuere
745 4599 881 4656 pecorum
905 4584 974 4640 dell-
1027 4582 1114 4638 malie
1128 4583 1311 4654 plurimaque
1333 4583 1456 4651 inutilia,
1469 4585 1509 4640 ita
1523 4589 1565 4640 est
1579 4586 1667 4640 etiam
1682 4585 1769 4640 bomo
1787 4585 1872 4641 innn-

124 4677 177 4743 cit3
200 4676 269 4747 quia
288 4674 428 4732 rationale
451 4691 510 4730 non
530 4680 582 4740 est,
606 4673 704 4729 anima
725 4680 823 4729 autem
845 4673 973 4730 bominis
1027 4671 1141 4725 dausin
1156 4671 1239 4724 malis
1260 4670 1343 4726 tactis
1369 4672 1438 4739 suis,
1467 4672 1563 4727 celena
1591 4688 1625 4728 aa
1648 4689 1685 4728 ue
1699 4673 1872 4744 divulgatur.

125 4779 273 4836 nunqnam
298 4764 411 4833 dellcit3
426 4763 496 4836 quia
518 4763 548 4818 in
573 4766 714 4818 aeternnm
729 4763 814 4817 rivet.
834 4761 972 4835 quoniam
1029 4761 1061 4814 Et
1076 4763 1107 4812 ut
1121 4759 1207 4812 etiam
1224 4758 1299 4829 ignis
1314 4761 1372 4815 urit
1396 4776 1456 4816 non
1477 4760 1624 4832 perferens
1648 4762 1769 4817 intrusa
1785 4761 1873 4816 ullam

124 4851 274 4908 rationalis
297 4857 350 4906 est.
370 4853 449 4906 Unde
473 4851 561 4906 etiam
584 4851 671 4906 bomo
684 4850 773 4904 sentit
792 4853 822 4904 io
844 4850 973 4906 consida-
1026 4847 1225 4918 imparitatem
1257 4847 1479 4916 incombustam,
1504 4854 1533 4904 et
1548 4853 1580 4905 ut
1602 4850 1683 4905 labar
1708 4849 1871 4923 perignem

124 4942 238 4998 ratione
259 4941 327 4997 boni
355 4945 385 4995 et
404 4941 474 4996 mali
492 4941 568 5012 quod
589 4941 652 5011 ipse
667 4955 741 5010 opus
760 4937 797 4992 sit
815 4940 971 5008 reprobum
1026 4935 1144 5008 puriora
1159 4935 1228 4990 lacit
1242 4935 1363 4990 monilia
1379 4952 1431 4990 sna
1453 4939 1548 4994 ablata
1568 4937 1714 5009 rubigine,
1731 4938 1771 4992 sic
1786 4939 1872 4994 etiam

123 5031 167 5085 rel
182 5031 316 5098 electum,
332 5045 385 5100 par
407 5029 530 5101 gratiam
551 5029 603 5083 Dei
617 5027 757 5082 formatus
771 5033 800 5082 et
813 5025 972 5098 inspiratas
1026 5025 1134 5080 bonum
1155 5023 1224 5080 lacit
1239 5023 1385 5078 homiuem
1400 5039 1518 5094 purum,
1546 5027 1670 5082 evellens
1684 5026 1721 5082 ab
1735 5041 1769 5086 eo
1792 5027 1873 5082 rabi·

122 5120 259 5175 rationali
279 5135 364 5174 sensu
390 5119 422 5172 in
446 5122 512 5173 ortu
527 5115 681 5172 creationis
706 5130 776 5179 sure,
802 5114 854 5169 illa
876 5113 971 5186 gratia
1025 5113 1122 5185 giuem
1145 5111 1291 5184 nequitiae.
1328 5112 1400 5167 Nam
1434 5129 1510 5184 aqua
1533 5119 1563 5170 et
1580 5115 1656 5186 ignis
1687 5115 1871 5184 dissentiunt,

121 5223 190 5266 eum
210 5208 316 5263 iterum
347 5210 525 5262 resuorantc
547 5205 578 5260 in
601 5203 740 5260 electione
770 5202 917 5273 baptismi.
941 5207 971 5259 at
1025 5202 1197 5258 suffocantes
1212 5205 1241 5257 et
1260 5204 1395 5257 necantes
1422 5217 1452 5256 se
1482 5201 1614 5260 invicem.
1637 5205 1682 5260 Slc
1705 5203 1792 5260 etiam
1806 5203 1874 5260 lacit

42 5305 46 5313 '
122 5296 153 5350 in
167 5293 326 5350 mvauone
346 5293 451 5348 anime
474 5291 541 5347 nori
568 5289 736 5357 testimonii,
752 5297 784 5346 ut
810 5288 881 5344 dicit
896 5289 970 5344 Pau·
1024 5287 1173 5346 homo.1n
1186 5291 1262 5346 malo
1278 5289 1356 5345 anim
1376 5294 1460 5345 uacat
1474 5289 1594 5356 bonum,
1611 5293 1685 5348 etin
1699 5293 1775 5348 bono
1790 5299 1873 5350 necat

123 5382 169 5437 ins
198 5379 412 5437 amantissimus
441 5394 523 5435 mens
551 5377 587 5433 de
609 5376 659 5432 illa
686 5375 826 5432 electione
853 5374 968 5447 gratiae:
1025 5376 1134 5433 malurn
1154 5383 1240 5450 atqua
1262 5378 1292 5432 in
1314 5383 1435 5450 utroque
1463 5392 1578 5449 semper
1595 5382 1720 5436 occultet
1736 5381 1813 5436 intra
1842 5395 1872 5438 se

123 5467 265 5541 Reliqrcia
289 5467 445 5527 mcurrdm
471 5466 639 5524 electionem
662 5465 764 5538 prolia
778 5465 970 5533 arcessere
1025 5465 1142 5522 silenter
1166 5481 1217 5522 sua
1244 5465 1397 5534 desideria,
1427 5466 1481 5522 bac
1499 5471 1549 5522 aut
1577 5465 1642 5522 illac
1667 5483 1783 5528 versam
1811 5469 1871 5530 illa.
