3984 6034
83 223 138 282 sos
433 291 436 294 Α
712 223 858 282 servias.
873 253 907 266 -
921 223 987 280 ua.
1010 225 1032 291 r,
1051 221 1143 282 usin
1162 224 1214 282 ur.
1789 227 1842 284 soe

78 360 120 417 ad
144 361 343 431 cognitionem
373 364 403 416 et
424 360 564 416 bonorem
595 359 721 416 nominis
746 359 790 415 sui
817 359 933 425 crearit,
952 359 1214 417 misericorditer
1238 359 1402 430 inclinatus,
1426 362 1559 435 plurimis
1576 363 1699 419 miseriis
1717 362 1773 435 ipsi
1794 381 1840 421 oc-

79 464 142 504 nou
166 449 260 504 solrrm
288 453 386 504 autem
410 464 445 503 ea
467 463 531 520 quse
554 447 680 502 visibilia
712 452 741 502 et
764 448 937 517 temporalia
988 451 1169 506 currentibus
1193 451 1300 505 multas
1324 453 1489 521 corporales
1508 453 1658 524 angustias
1681 453 1836 518 sustinens,

79 542 151 592 snnt
170 539 201 593 in
211 537 281 609 ipsis
301 537 470 605 ostendens,
487 537 537 591 sed
558 537 644 591 etiam
658 537 709 592 illa
722 552 787 608 quse
803 535 937 590 inuisibi-
989 555 1055 594 cum
1087 555 1116 594 se
1141 539 1248 594 mundo
1269 539 1457 610 corporaliter
1480 539 1654 606 ostenderat,
1676 540 1711 595 de
1730 539 1841 594 mundo

81 625 125 680 lia
155 631 186 680 et
214 630 321 680 aeterna
355 629 426 680 sunt
452 624 484 680 iu
515 625 557 680 eis
588 625 783 680 manifestans.
807 624 887 690 Quod
908 628 938 678 et
989 627 1131 682 transiens
1157 628 1194 681 ad
1215 631 1326 697 patrem
1352 625 1438 682 rediit
1462 626 1609 697 discipulis
1635 634 1722 682 elsam
1748 627 1839 698 ipsius

83 713 159 768 risio
177 713 240 770 hac
262 729 351 785 quam
369 712 462 768 cernis
482 713 670 769 demonstrat.
692 714 763 770 llam
779 714 833 768 hoc
848 712 936 768 maxi·
990 713 1159 780 astantibus,
1186 712 1431 783 quemadmodum
1462 713 1598 784 scriptum
1625 719 1679 768 est:
1710 713 1840 769 Videnti·

83 817 169 858 mum
197 802 425 859 instrumentum
446 802 525 875 quod
541 802 619 857 uides
641 803 796 858 rotundum
815 806 846 856 et
870 815 936 855 nm·
989 799 1042 856 bus
1055 797 1126 867 illis,
1143 800 1335 867 elennlusect,
1348 801 1474 855 claudes
1493 800 1690 869 suscepturum
1705 802 1842 858 morulis

83 890 206 946 hrosnm
230 890 390 946 monadum
413 889 634 945 similitudinem
660 889 707 944 oui
731 889 865 960 superius
890 903 937 943 ar·
988 903 1086 944 eonem
1105 889 1115 960 (
1131 891 1219 944 Acir
1235 889 1256 958 l.
1275 889 1355 954 Quod
1372 888 1491 944 dicitur:
1508 889 1586 945 Filiis
1603 890 1733 945 Ecclesia
1749 891 1778 944 in
1794 891 1838 945 iu·

84 985 176 1042 ctum,
196 985 227 1033 et
239 977 271 1032 iu
294 977 391 1034 medio
407 978 537 1049 emplum
554 993 587 1032 ac
600 977 720 1033 interius
737 978 936 1044 constrictum,
990 976 1090 1032 teriori
1104 976 1223 1032 scientia
1243 975 1336 1031 cordis
1351 976 1396 1031 sui
1419 975 1521 1031 Filium
1539 975 1587 1030 liei
1603 975 1839 1046 suscipientibus:

83 1067 213 1124 declarat
233 1065 358 1122 fideliter
375 1065 605 1136 omnipotentem
623 1066 713 1121 ileum
736 1063 766 1119 in
788 1064 937 1137 majestate
990 1065 1125 1120 sanctitas
1147 1063 1278 1136 corporis
1296 1063 1359 1136 ejus
1381 1064 1488 1118 eleuata
1514 1069 1557 1120 ost
1574 1065 1604 1119 in
1627 1065 1755 1136 potentia
1769 1065 1841 1120 diui·

83 1171 139 1212 sua
164 1153 496 1227 incomprehensibilem,
516 1154 590 1208 etin
613 1153 758 1225 mysteriis
782 1153 844 1208 suis
866 1154 937 1208 inas·
990 1152 1091 1207 nitatis
1109 1152 1200 1222 ipsius
1223 1156 1251 1206 et
1272 1153 1303 1206 in
1327 1151 1446 1222 mystico
1470 1151 1608 1206 miraculo
1631 1152 1723 1207 nrsbes
1741 1152 1842 1207 secreti

82 1243 273 1311 elimaidem,
293 1251 322 1298 et
344 1258 426 1313 spem
444 1241 576 1297 omnium
602 1241 733 1297 fidelium
756 1241 936 1309 existentem,
990 1241 1119 1312 mysterii
1138 1240 1262 1312 suscepit
1280 1255 1346 1295 cum
1372 1257 1388 1294 a
1414 1239 1581 1294 mortalibus
1606 1241 1697 1295 ocsrlis
1722 1241 1841 1295 abscon-

83 1349 152 1389 cum
169 1331 306 1403 primitus
320 1331 453 1386 homines
469 1330 555 1385 rodes
579 1336 609 1386 et
621 1329 766 1402 simplices
781 1330 812 1385 in
829 1329 939 1384 actibus
991 1329 1062 1385 dens
1089 1329 1184 1401 ipsum
1216 1328 1372 1400 flabrisque
1407 1333 1555 1384 uentorum
1584 1329 1639 1400 ipsi
1678 1329 1842 1384 tamulanti-

84 1421 379 1491 suisementpostea
395 1418 529 1473 inrctari
549 1421 745 1488 acnovalege
768 1417 937 1473 instructio·
989 1419 1054 1474 bns.
1088 1417 1142 1474 Sed
1167 1423 1200 1472 ut
1228 1417 1307 1472 uides
1332 1417 1367 1472 de
1393 1417 1459 1488 igne
1484 1417 1533 1472 illo
1565 1417 1615 1488 qui
1638 1418 1713 1473 idem
1733 1417 1841 1473 instru-

84 1526 132 1564 rcs
146 1525 178 1564 se
194 1515 297 1564 mntno
311 1508 464 1564 molestant
478 1512 509 1562 et
527 1507 670 1578 uitligunt,
683 1511 713 1561 et
730 1507 848 1562 tandem
863 1507 938 1560 circa
991 1509 1121 1560 mentum
1145 1506 1374 1561 circumdederat
1395 1507 1479 1560 tlutus
1500 1505 1617 1576 quidam
1632 1522 1696 1562 cnm
1713 1507 1771 1562 suis
1784 1513 1843 1562 tur·

83 1597 175 1653 linem
190 1596 411 1652 mandimultas
433 1610 578 1650 aerumnas
591 1597 620 1650 in
635 1594 778 1666 angustiis
799 1594 937 1667 sniapes·
991 1593 1108 1650 binihus
1133 1595 1262 1650 exiebat:
1282 1595 1333 1666 qui
1355 1593 1481 1650 ostendit
1494 1594 1633 1667 quoniam
1655 1597 1690 1651 ab
1712 1597 1843 1668 omnipo-

84 1684 146 1738 snri
159 1689 236 1739 sunt.
956 1659 1069 1740 Btonte
1091 1684 1147 1738 neo
1167 1689 1259 1739 totum
1284 1683 1424 1738 mundum
1446 1699 1498 1738 sua
1514 1689 1654 1754 potestate
1668 1685 1840 1756 complente,

122 1773 156 1827 ln
178 1773 262 1844 cujus
288 1771 425 1827 exteriori
457 1775 539 1842 parte
568 1787 622 1842 per
647 1771 798 1827 circuitum
826 1769 938 1827 lucidus
991 1787 1059 1827 vera
1073 1772 1270 1828 disseminatio
1282 1771 1366 1843 justis
1380 1773 1559 1827 sermonibus
1574 1773 1712 1844 processit
1726 1773 1841 1845 quando

84 1859 235 1932 igniscat,
257 1860 340 1930 qnasi
362 1860 469 1929 pellem
498 1860 662 1914 umbrosam
688 1860 741 1914 sub
762 1877 792 1914 se
812 1859 936 1914 babens:
979 1860 1053 1934 ‘ipsa
1078 1859 1157 1916 uivus
1178 1867 1207 1916 et
1225 1877 1309 1916 verns
1330 1861 1404 1916 Deras
1427 1861 1593 1916 homiuibus
1612 1861 1642 1917 in
1664 1863 1781 1917 veritate
1796 1863 1841 1918 de·

83 1948 311 2019 designatqnod
327 1949 484 2003 llensillos
501 1946 939 2020 quiextreveramfidemsunt
992 1953 1166 2004 monstratus
1189 1953 1240 2004 est.
1276 1950 1308 2004 Et
1341 1949 1376 2004 de
1402 1949 1477 2019 pelle
1504 1950 1553 2004 illu
1579 1965 1643 2020 quse
1666 1951 1775 2006 subeo
1798 1957 1842 2006 est

86 2038 196 2109 ubique
210 2039 373 2110 perignem
387 2038 504 2092 ultionis
518 2053 579 2093 suoe
600 2037 711 2104 exurit;
739 2053 788 2090 eos
800 2051 869 2090 uero
887 2033 939 2107 qui
992 2037 1065 2092 alius
1085 2039 1170 2092 llatus
1195 2053 1261 2092 curn
1285 2036 1448 2092 turbinibus
1466 2035 1525 2092 suis
1539 2037 1648 2102 ebullit,
1668 2037 1840 2109 quinetiam

84 2127 164 2182 intra
186 2127 273 2182 iidem
298 2126 467 2182 catholicam
492 2132 620 2191 manent,
636 2125 745 2195 ubique
767 2139 820 2194 per
840 2123 938 2194 ignem
992 2125 1028 2182 de
1044 2125 1185 2181 diabolica
1206 2124 1286 2181 rabie
1315 2141 1380 2196 quas
1399 2127 1489 2180 Deum
1512 2126 1650 2196 ignorans
1668 2142 1727 2182 uon
1750 2127 1840 2192 timet,

83 2215 290 2271 consolationis
321 2231 382 2270 suaa
410 2214 558 2286 purificat:
590 2214 631 2268 ita
651 2211 801 2268 diabolice
820 2227 938 2283 persor·
991 2215 1117 2285 pessima
1139 2214 1215 2269 lama
1244 2229 1309 2268 cum
1339 2213 1523 2284 nequissimis
1549 2214 1744 2271 locutionibus
1766 2215 1841 2283 eril;

84 2303 178 2360 sitatis
205 2302 440 2358 tenebrositatem
468 2307 664 2372 prosternens,
679 2305 711 2354 nt
725 2304 754 2355 et
768 2301 874 2355 lactum
895 2304 940 2354 est
992 2304 1043 2377 qui
1058 2320 1087 2358 se
1104 2304 1134 2357 in
1156 2304 1217 2374 ipso
1238 2303 1432 2358 instrumento
1456 2300 1510 2356 hac
1531 2307 1560 2357 et
1574 2303 1639 2357 illac
1663 2303 1840 2370 diffundunt,

82 2407 152 2447 cum
162 2390 321 2445 diabolusa
337 2391 394 2445 ileo
406 2394 518 2444 creatus
531 2405 561 2444 se
576 2388 633 2443 ileo
643 2403 789 2461 opponere
802 2386 939 2442 uolensin
992 2391 1129 2463 quoniam
1145 2391 1174 2446 iu
1195 2391 1298 2446 soecsrlo
1321 2391 1441 2446 diversis
1457 2390 1550 2445 modis
1572 2391 1656 2446 utiles
1675 2397 1704 2446 et
1722 2391 1841 2449 inutiles

82 2479 281 2552 perditionem
291 2479 418 2533 devictus
430 2478 547 2533 corruit.
557 2477 706 2549 Etinigne
716 2477 825 2531 istocst
836 2475 939 2547 globus
991 2496 1124 2537 rumores
1159 2481 1235 2534 inter
1272 2479 1393 2550 populos
1426 2495 1455 2534 ³0
1494 2479 1689 2534 commiscent,
1728 2480 1760 2534 111
1793 2495 1840 2534 ορ.

82 2567 232 2623 rutilautis
247 2567 324 2638 ignis
337 2572 424 2622 teuta
436 2565 654 2637 magnitudinis,
671 2573 703 2620 ut
712 2564 939 2620 instrumentum
992 2571 1059 2624 dum
1086 2583 1202 2640 qnoque
1231 2568 1304 2637 pelle
1328 2567 1445 2638 quidam
1480 2568 1648 2622 tenebrosus
1670 2567 1746 2638 ignis
1769 2567 1840 2622 tanti

82 2661 180 2711 totum
195 2656 231 2710 ab
245 2671 281 2710 eo
296 2655 476 2721 illustratum
493 2654 544 2726 qui
560 2654 712 2726 splendore
724 2652 864 2708 claritatis
877 2667 938 2707 sura
991 2658 1119 2713 horroris
1141 2665 1193 2724 oss,
1219 2656 1296 2728 quod
1321 2671 1388 2712 uum
1411 2656 1518 2711 intueri
1538 2660 1705 2728 1101,me
1722 2655 1772 2726 qui
1786 2654 1840 2709 dp.

83 2745 213 2800 ostendit
226 2743 303 2816 quod
318 2744 349 2800 in
369 2743 427 2798 Deo
444 2744 527 2798 Putre
548 2748 591 2797 eet
605 2741 758 2798 ineffabilis
772 2741 938 2812 unigenitus
991 2748 1081 2802 olurat
1101 2745 1178 2818 qnod
1202 2745 1231 2799 in
1258 2744 1389 2815 pessimis
1411 2748 1440 2798 et
1462 2747 1492 2798 in
1524 2743 1706 2813 nequissimis
1731 2743 1840 2798 insidiis

83 2834 147 2904 ejus
180 2832 225 2888 sol
252 2831 373 2903 iustitia
400 2831 542 2903 fulgorem
567 2830 694 2886 ardentis
717 2830 865 2886 charitatis
885 2829 938 2882 ha·
992 2835 1106 2906 antiqui
1139 2833 1303 2906 proditoris,
1333 2832 1512 2887 teterrimum
1543 2831 1732 2887 homicidium
1765 2831 1838 2886 tanti

83 2923 167 2988 bens,
190 2926 336 2992 tantaque
362 2919 463 2990 glorie
486 2919 621 2987 existens,
638 2923 670 2973 nt
692 2919 788 2974 nmnie
807 2922 938 2973 ereutnte
956 2924 1111 2994 ciervoris
1128 2921 1254 2995 erumpit
1275 2921 1351 2993 quod
1365 2921 1506 2976 insaniam
1532 2921 1610 2975 illius
1631 2921 1774 2974 humanus
1794 2919 1839 2974 iu-

83 3009 250 3065 aclaritatc
274 3008 344 3064 lueis
367 3008 430 3080 eine
451 3007 643 3070 illuminetur,
666 3022 753 3079 ennen
773 3023 804 3062 ee
820 3006 935 3061 trente·
992 3012 1120 3068 tellectus
1147 3010 1309 3067 discernere
1334 3025 1391 3064 nou
1416 3009 1501 3076 salet,
1533 3009 1583 3081 qui
1615 3013 1704 3064 lotam
1734 3008 1839 3080 pellem

83 3101 165 3155 culus
192 3114 308 3154 sursum
341 3097 474 3154 ordinate
503 3097 612 3169 positas
641 3096 761 3164 habens,
792 3113 858 3168 qrrae
884 3111 936 3151 unu
989 3103 1070 3158 illam
1089 3117 1140 3156 sua
1151 3099 1318 3155 tortitudine
1335 3099 1472 3164 concutit:
1498 3099 1636 3170 quoniam
1653 3096 1840 3153 homicidium

83 3188 154 3259 58⁰⁰
174 3187 295 3258 8¹⁰b¹¹m
318 3201 353 3241 ¹¹⁰
386 3186 501 3241 ttbttut
540 3185 699 3254 wnttfltssts
728 3184 861 3240 videlieet
884 3201 937 3239 ene
990 3206 1092 3247 omnes
1122 3189 1277 3244 diabolicas
1310 3186 1504 3258 malignitates
1533 3203 1585 3242 suo
1619 3187 1737 3242 horrore
1760 3201 1839 3240 com·

82 3275 336 3332 administratione
367 3275 526 3330 trinitatem
558 3273 657 3330 omnia
679 3272 874 3329 continentem
907 3277 938 3329 et
990 3277 1135 3351 plectitur,
1162 3292 1227 3331 cum
1252 3276 1282 3330 in
1306 3275 1508 3347 primogenitis
1523 3273 1557 3329 ab
1577 3275 1620 3330 im
1635 3273 1733 3329 odium
1761 3274 1840 3330 ebul·

82 3365 316 3420 demonstrantes
340 3363 419 3435 qnod
441 3363 529 3418 Filius
564 3361 616 3417 Dei
637 3362 672 3417 de
691 3363 763 3417 noetn
783 3362 820 3418 ud
845 3367 936 3417 terres
990 3368 1064 3422 linus
1083 3365 1272 3421 fratricidium
1298 3364 1484 3435 perpetravit,
1505 3363 1581 3434 ignis
1601 3363 1648 3418 ille
1673 3363 1776 3432 plenus
1793 3378 1838 3416 so-

83 3453 274 3521 descendens,
301 3453 413 3523 angelis
439 3451 471 3506 in
494 3451 656 3506 scelestibus
680 3450 786 3506 relictis
808 3449 935 3506 homini·
989 3455 1104 3511 nitnum
1131 3458 1202 3522 erat,
1227 3457 1429 3525 tempestatum
1458 3457 1486 3506 et
1511 3451 1743 3506 acutissimomm
1768 3449 1840 3521 lepi-

82 3545 139 3599 bus
159 3543 248 3598 etiam
270 3542 322 3614 qui
342 3543 373 3597 in
395 3542 493 3597 anima
512 3547 541 3596 et
561 3556 683 3612 corpore
703 3540 862 3596 subsistunt
882 3557 937 3596 om·
990 3543 1060 3600 dum
1080 3544 1221 3612 majorum
1245 3546 1275 3597 et
1296 3541 1458 3596 minorum:
1481 3541 1550 3612 quia
1572 3539 1760 3595 homicidium
1779 3540 1839 3611 plc-

83 3627 171 3683 lestin
207 3626 409 3694 manifestavit,
444 3624 496 3697 qui
531 3624 669 3680 etutitutie
703 3625 767 3696 ejne
795 3624 936 3680 beneficio
990 3648 1061 3686 num
1085 3630 1203 3686 avaritia
1234 3635 1275 3685 cst
1307 3634 1335 3684 et
1360 3629 1548 3684 ebrietatibus
1564 3635 1652 3699 atqsre
1675 3628 1839 3684 sevissimis

83 3716 183 3787 ipsum
206 3714 420 3788 glorificantes:
435 3730 552 3770 omnem
576 3713 694 3770 noxium
715 3728 842 3768 niterent
862 3712 936 3782 ebit-
989 3719 1126 3792 nequitiis
1147 3734 1212 3790 quea
1233 3717 1295 3772 sine
1313 3715 1509 3772 misericordia
1529 3716 1703 3771 bacchantur
1725 3721 1783 3770 tam
1808 3716 1838 3770 iu

82 3807 261 3869 ciunt,cum
278 3820 345 3860 enni
362 3820 463 3858 uerum
484 3803 535 3859 Dei
558 3803 661 3858 Filium
680 3803 714 3858 de
737 3817 803 3856 vera
823 3801 936 3872 virgine
990 3808 1103 3880 magnis
1131 3805 1294 3863 homicidiis
1319 3820 1406 3876 quam
1430 3805 1460 3859 in
1492 3804 1652 3858 minoribus
1674 3803 1760 3858 vitiis.
1784 3803 1838 3869 Qui

82 3895 268 3949 semustum
287 3892 492 3964 magnificavit,
507 3897 661 3964 postquam
679 3891 749 3962 ipsis
762 3905 830 3945 eum
845 3905 934 3961 suge·
988 3898 1058 3953 dum
1091 3897 1217 3951 sonitum
1251 3908 1336 3948 suum
1364 3893 1456 3948 elevat
1489 3891 1537 3946 ille
1567 3891 1677 3946 lucinus
1706 3890 1781 3961 ignis
1811 3896 1839 3945 et

82 3983 129 4038 lus
152 3981 368 4052 praenuntiavit,
391 3985 420 4036 et
444 3986 600 4052 postquem
625 3981 713 4035 homo
734 3980 765 4034 iu
788 3977 935 4034 animent
989 3985 1068 4043 renti
1092 3990 1122 4041 ct
1140 3999 1190 4039 aer
1208 3986 1442 4047 commoventur3
1466 3980 1613 4052 quoniam,
1631 3980 1700 4034 dum
1716 3979 1836 4034 homici-

83 4085 207 4142 curpure
222 4070 319 4124 tivene
333 4084 399 4124 enin
415 4068 494 4124 tideli
508 4067 615 4140 sunnin
630 4067 767 4138 eueeenit·
989 4075 1071 4131 dium
1085 4075 1115 4129 in
1138 4070 1294 4144 cupiditate
1321 4069 1471 4126 effusionis
1501 4067 1649 4140 sauguinis
1674 4067 1777 4123 stridet
1790 4085 1837 4123 su·

118 4159 303 4230 Quapropter
325 4163 354 4214 et
375 4157 454 4214 idem
469 4157 572 4230 sintne
596 4173 626 4212 ³0
647 4155 802 4229 aliqnando
821 4171 934 4211 turtum
988 4180 1079 4237 perna
1099 4161 1217 4234 judicia,
1250 4159 1357 4216 celeres
1379 4173 1520 4226 rumores,
1542 4163 1570 4212 et
1592 4157 1699 4230 ubique
1721 4156 1755 4211 ad
1774 4157 1838 4211 rui-

84 4251 178 4305 elerat
191 4246 391 4319 plurimusque
406 4247 483 4318 ignis
501 4246 528 4301 oi
542 4245 675 4314 occurrit,
691 4247 731 4300 ita
744 4244 935 4316 quodexinde
990 4269 1059 4308 nam
1082 4249 1235 4307 homicides
1271 4253 1394 4304 extentes
1422 4245 1641 4319 praeparationis
1668 4246 1699 4302 in
1729 4247 1839 4301 ultione

83 4339 218 4394 flammae
245 4351 312 4392 enee
340 4337 456 4406 tongins
487 4335 632 4407 producit:
665 4333 830 4406 eissnitieene
856 4333 932 4406 unit,
989 4341 1060 4396 recti
1080 4338 1181 4411 judicii
1205 4337 1395 4392 suscitantur:
1416 4336 1456 4391 ita
1474 4336 1552 4408 qrrod
1575 4335 1689 4406 fulgura
1712 4336 1838 4391 sonitum

85 4427 133 4483 nbi
148 4433 265 4497 tempus
280 4424 353 4481 illud
366 4425 447 4480 uenit
464 4426 541 4496 qnod
558 4423 726 4494 [inigenitus
744 4422 796 4478 Ilei
816 4439 869 4494 pro
888 4439 934 4477 re·
988 4429 1085 4501 ipsum
1100 4427 1291 4500 preveniunt,
1308 4425 1377 4497 qnia
1399 4425 1474 4498 ignis
1495 4425 1544 4480 ille
1566 4425 1693 4497 primum
1709 4439 1838 4480 commo.

84 4516 254 4588 demptione
275 4519 305 4569 et
323 4512 520 4570 sublevatione
540 4511 659 4567 numeni
682 4511 795 4583 generis
820 4526 872 4583 ner
885 4526 935 4566 uu·
988 4518 1100 4574 tiouem
1115 4515 1245 4586 eiusdem
1267 4514 1377 4570 sonitus
1397 4514 1426 4568 iu
1444 4529 1473 4569 se
1496 4513 1592 4569 sentit.
1613 4515 1684 4568 Nam
1704 4515 1839 4568 seueritas

83 4605 229 4660 luntnteni
253 4603 345 4658 Petite
366 4601 510 4657 innnrneni
535 4600 645 4666 delinit,
669 4599 794 4672 Spiritne
819 4605 935 4656 eenetue
988 4605 1080 4662 divini
1114 4603 1252 4660 examinis
1282 4603 1374 4658 scelus
1406 4603 1476 4658 illud
1506 4602 1670 4674 superando
1691 4601 1837 4673 opprimit,

82 4695 113 4750 in
127 4695 236 4749 virtute
256 4692 348 4748 Patria
370 4707 496 4764 aripenne
510 4690 646 4762 mysteria
665 4690 697 4744 in
715 4690 798 4745 beatu
817 4689 934 4760 Virgine
988 4709 1056 4751 cnm
1080 4693 1177 4748 diviua
1206 4691 1350 4763 majestas,
1373 4695 1529 4762 antequam
1550 4688 1682 4745 fremitus
1706 4689 1782 4743 illins
1798 4689 1840 4743 in-

83 4783 258 4839 mirahiliter
272 4787 408 4852 operatus
422 4785 476 4849 est,
488 4780 529 4834 ita
543 4779 622 4852 quod
636 4779 736 4834 eodem
752 4779 822 4835 Filio
838 4779 889 4834 llei
903 4779 935 4833 in
989 4781 1205 4854 eanioe·publice
1220 4779 1418 4834 manifestetur
1432 4795 1466 4834 eo
1480 4780 1563 4836 oculo
1584 4776 1631 4833 cui
1651 4775 1748 4832 omnia
1762 4777 1840 4832 nuda

79 4871 219 4944 virginati
249 4868 390 4942 pudicitia
423 4868 547 4925 fecunda
587 4867 752 4940 virginitate
779 4866 934 4924 mirificum
989 4877 1057 4928 sunt
1071 4875 1168 4944 aperte
1184 4868 1348 4941 prevideat.

81 4963 227 5034 intgorem
241 4960 339 5025 dante,
365 4958 516 5030 virginitas
531 4957 658 5030 gloriosa
676 4957 776 5012 effecte
789 4963 843 5012 est.
859 4958 934 5023 Quo·
1025 4959 1079 5016 Sed
1101 4959 1153 5014 sub
1173 4958 1223 5013 illa
1248 4957 1322 5028 pelle
1348 4955 1521 5028 purissimus
1543 4955 1633 5010 rather
1658 4958 1702 5008 est
1727 4953 1780 5009 sub
1810 4972 1839 5010 se

82 5052 165 5107 niam
192 5050 226 5104 in
246 5048 428 5104 nobilissima
459 5048 582 5116 virgine,
605 5059 719 5102 summe
741 5046 935 5102 desiderabilis
989 5048 1099 5105 nnllam
1111 5046 1218 5119 pellem
1241 5045 1368 5112 habens,
1384 5044 1519 5117 quoniam
1535 5043 1589 5098 sub
1604 5041 1716 5098 insidiis
1729 5043 1840 5115 antiqui

82 5139 247 5197 incarnatio
275 5137 473 5194 demonstrata
497 5141 550 5190 est.
578 5136 611 5190 lit
635 5136 677 5192 ite
707 5135 793 5190 etiam
817 5151 847 5190 se
879 5134 934 5190 ali·
989 5135 1148 5208 proditoris
1170 5134 1355 5190 serenissima
1377 5133 1448 5189 ildes
1472 5134 1556 5199 locet,
1580 5132 1610 5186 in
1625 5147 1683 5203 qua
1698 5131 1776 5187 unlla
1792 5133 1836 5186 iu·

83 5228 203 5300 quando
223 5226 357 5282 deorsum
374 5224 503 5291 inclinat,
532 5224 714 5294 moltumque
736 5223 826 5293 trigas
839 5222 867 5277 ei
887 5224 937 5278 ob·
990 5224 1132 5280 certitudo
1157 5222 1335 5278 inlldelitatis
1365 5222 1446 5288 latet,
1474 5221 1610 5293 aseipsa
1631 5236 1689 5274 nnn
1711 5220 1839 5288 lundata,

83 5317 161 5372 riam
186 5314 283 5382 renit;
306 5329 394 5385 quem
420 5314 457 5368 oh
475 5328 591 5368 causam
615 5314 747 5368 tlammas
768 5327 835 5366 suas
851 5313 936 5367 citius
991 5314 1040 5369 sed
1057 5313 1088 5368 in
1118 5312 1229 5369 Christo
1251 5315 1419 5378 sustentatu,
1443 5309 1473 5364 iu
1495 5309 1660 5380 quostiam
1684 5309 1839 5381 quemdum

84 5405 229 5469 subducit,
253 5403 402 5459 declarans
424 5402 562 5473 quoniam
590 5401 665 5456 idem
689 5399 859 5470 Unigenitus
885 5401 936 5458 nsi
991 5402 1109 5474 globum
1126 5400 1274 5458 candentis
1288 5398 1365 5470 ignis
1379 5397 1511 5470 plurimes
1537 5398 1744 5469 magnitudinis
1763 5399 1841 5454 rides

84 5511 116 5550 er
144 5492 260 5566 virgine
282 5496 375 5558 natus,
399 5496 427 5546 et
451 5491 491 5545 ita
513 5490 549 5546 ad
564 5495 762 5562 paupertatem
783 5491 935 5547 hominnm
991 5490 1044 5562 qui
1065 5505 1131 5546 vere
1151 5489 1283 5560 designat
1300 5487 1429 5557 junctam
1447 5486 1609 5555 Ecclesiam,
1625 5487 1724 5544 iulide
1739 5488 1841 5545 cando-
