3984 6034
99 240 136 294 aa
926 235 1027 292 aura.
1293 197 1296 201 ’
1818 235 1854 292 so

99 374 227 446 capitulo
247 373 374 447 genemli
393 374 424 430 in
447 374 509 430 baec
527 371 615 428 rerba
634 387 641 428 ε
667 393 679 423 a
706 372 764 444 ligo
788 371 852 426 1010
870 369 950 426 virus
968 372 990 426 Δ
1005 369 1086 438 dum,
1103 373 1132 425 et
1145 385 1205 426 nou
1218 369 1269 427 diu
1288 369 1443 426 admodum
1461 369 1617 436 victurum,
1641 371 1729 440 prout
1750 383 1853 424 revera

102 485 116 513 e
136 463 203 519 dico
222 463 259 519 ad
285 464 360 531 illos,
383 462 434 534 qui
463 467 581 534 propter
603 476 709 516 nomeu
734 475 831 516 meum
856 459 952 515 tunica
1006 459 1113 514 iactum
1136 463 1188 514 est.
1210 459 1288 515 110111
1315 464 1411 514 tamen
1430 460 1594 528 voluerunt,
1617 457 1771 514 lleuricum
1791 472 1853 513 non

101 567 204 605 «mea
226 549 332 618 induti,
357 548 503 620 peregrini
524 553 593 602 sunt
616 547 646 602 in
666 549 817 604 venatione
841 547 951 614 (00011,
1006 548 1077 604 adeo
1100 547 1189 603 fuisse
1216 546 1399 618 culpabilem,
1424 552 1453 601 et
1475 547 1578 602 deiude
1605 546 1652 617 pie
1674 546 1852 602 defunctum.

100 645 222 694 0010.»
248 636 952 708 1100001001(111030010,00010000011000(
1006 635 1086 691 lllam
1102 652 1170 691 vero
1194 636 1360 702 monialem,
1383 651 1448 708 quaa
1468 635 1612 689 abbatissa
1627 640 1688 690 erat
1703 634 1802 701 electa,
1824 637 1854 688 01

98 744 197 800 neque
221 728 354 784 Latinum
378 727 521 794 didicerit,
542 727 608 781 10011
629 727 735 782 librum
760 726 952 797 Epistolarurn
1006 726 1088 796 cujus
1113 726 1284 781 electionem
1304 731 1363 780 tarn
1387 724 1513 796 graviter
1533 723 1637 780 Sancta
1660 723 1853 794 improbabat,

98 816 263 888 egregium,
288 817 319 872 iu
343 815 447 888 quibus
467 815 557 870 multa
579 815 615 868 de
639 815 816 886 temporibus
831 813 952 869 norissi-
1006 812 1526 870 001011001010000010000(11011νί01
1549 811 1758 883 archiepiscopi
1782 813 1853 867 Ber-

98 907 154 961 mis
186 905 371 961 continentur
398 921 405 960 ε
433 909 461 960 et
487 905 575 959 alium
600 904 718 970 librum,
751 903 800 976 qui
832 903 951 980 Scinioa,
1007 903 1122 972 mansis,
1138 903 1173 959 10
1188 905 1269 974 cuius
1282 908 1374 958 morte
1389 909 1493 973 agetur
1506 918 1586 956 uum.
1612 903 1657 968 11,
1683 907 1712 955 et
1735 900 1771 955 de
1795 916 1854 971 qua

98 995 196 1050 idest
220 993 332 1062 Sciens,
360 993 538 1058 101110101οη
568 997 597 1048 et
620 993 749 1060 tertium,
776 991 826 1064 qui
854 992 954 1046 100011-
1005 992 1198 1048 verisimiliter
1219 993 1349 1064 loquitur
1362 992 1464 1048 Sancta
1480 992 1511 1045 iu
1532 989 1608 1045 Actis
1623 1006 1703 1045 num.
1719 992 1765 1044 td.
1789 989 1852 1045 Ca·

98 1083 180 1138 bitur
203 1099 243 1138 z«
265 1081 432 1139 vicinorum
455 1097 572 1154 operum
594 1079 743 1154 expositio.
769 1102 784 1132 »
810 1082 952 1138 Hactenus
1007 1087 1100 1138 terum
1116 1099 1174 1137 non
1184 1081 1284 1137 dubito
1299 1082 1370 1153 quiu
1385 1081 1414 1135 in
1435 1081 1488 1136 hac
1502 1096 1618 1152 quoque
1640 1079 1762 1149 epistola
1788 1093 1853 1133 vere

98 1171 258 1227 Athericus.
1005 1170 1100 1226 dicere
1114 1170 1239 1243 potuerit
1259 1170 1288 1226 S.
1306 1169 1498 1240 Hildegardis,
1523 1185 1588 1240 que
1609 1167 1723 1238 scripsit
1742 1167 1779 1221 ad
1798 1169 1855 1221 Ar·

133 1263 180 1314 ³6.
203 1261 320 1327 Veram,
346 1264 379 1315 ut
400 1257 492 1330 magis
514 1257 722 1330 perspiciamus
738 1262 846 1330 quanta
866 1258 953 1313 tuerit
1006 1259 1123 1314 noldum
1139 1258 1252 1315 Raurici
1267 1273 1460 1312 successorem
1477 1273 1484 1312 :
1500 1277 1514 1307 a
1538 1255 1652 1326 llystica
1666 1255 1784 1310 aerbaa
1804 1268 1853 1308 me

97 1347 177 1403 tama
201 1348 230 1404 S.
258 1347 438 1412 llildegardis
463 1348 539 1419 apud
571 1347 655 1415 viros,
687 1363 760 1419 quos
793 1347 952 1419 praecipuos
1006 1347 1484 1419 uouprofero,sedsecuudumea
1507 1343 1659 1400 invisenti
1682 1343 1792 1399 lumine
1810 1341 1853 1398 (1-

98 1441 169 1492 tunc
192 1436 319 1506 babebat
339 1436 472 1503 Ecclesia,
494 1435 569 1506 ipsas
589 1435 734 1491 adibimus
757 1436 893 1506 epistolas
915 1437 950 1492 ad
1006 1438 1071 1506 deo,
1091 1438 1131 1492 ita
1154 1437 1230 1509 quod
1255 1453 1343 1508 sape,
1366 1452 1431 1508 quse
1460 1452 1541 1490 meus
1564 1449 1709 1489 mennon
1737 1430 1853 1488 desido-

97 1524 233 1580 Sauclam
249 1524 339 1592 datas,
362 1529 392 1578 et
414 1524 449 1579 ab
473 1523 573 1579 eadem
598 1524 755 1595 rescriptas.
776 1525 853 1580 Inter
877 1524 951 1596 prio·
1006 1531 1058 1592 rat,
1073 1531 1101 1581 et
1124 1541 1189 1597 quae
1211 1526 1297 1580 etiarn
1322 1526 1453 1580 voluntas
1478 1540 1543 1578 mea
1565 1539 1623 1578 uon
1642 1521 1758 1594 querit,
1779 1519 1853 1576 mibi

98 1629 144 1668 res
164 1613 626 1684 certe,siuonomniumprima,
649 1611 867 1683 estapistolaS.
885 1613 952 1668 Ber·
1007 1613 1207 1676 ostenduntur,
1243 1611 1293 1667 sed
1329 1611 1380 1666 illa
1415 1611 1561 1666 multoties
1587 1616 1685 1665 coacta
1714 1607 1807 1663 rideo.
1836 1625 1851 1659 a

96 1702 197 1768 nardi,
222 1717 309 1773 quam
342 1701 464 1772 conjicio
490 1701 587 1757 datam
611 1716 688 1756 anno
716 1703 791 1764 ills,
821 1706 950 1774 tempore
1008 1703 1112 1758 Verum
1132 1702 1168 1758 de
1190 1700 1302 1773 scriptis
1320 1700 1356 1755 ad
1375 1700 1533 1756 arnoldum
1561 1698 1646 1770 plura
1673 1697 1748 1753 dabo
1778 1695 1852 1751 inte·

96 1880 232 1951 degardi,
261 1880 349 1935 trater
389 1879 550 1935 Barnardus
580 1879 806 1935 claraevallensis
835 1885 952 1934 vocatus
1041 1880 1086 1935 tr.
1105 1877 1251 1936 Prioribus
1269 1877 1320 1949 qui
1340 1877 1449 1932 litteras
1472 1876 1508 1931 ad
1523 1876 1551 1932 S.
1577 1872 1780 1945 llildegardern
1802 1871 1852 1930 de·

98 1969 200 2037 abbas,
217 1968 323 2040 siquid
339 1973 431 2041 potest
447 1969 538 2021 oratio
555 1968 721 2038 peccatoris.
739 1967 820 2032 Quod
844 1967 880 2022 dc
900 1985 951 2023 uo·
1005 1966 1119 2035 derunt,
1143 1966 1377 2022 annumerandus
1400 1970 1442 2020 est
1461 1965 1550 2020 etiam
1574 1962 1720 2019 t{onradus
1743 1962 1780 2017 lll
1800 1976 1853 2016 rex

97 2064 160 2112 stra
190 2057 355 2129 exiguitate,
383 2061 437 2112 etc.
462 2077 476 2106 u
508 2055 581 2112 Vide
604 2072 649 2127 ep.
676 2058 710 2112 29
734 2055 765 2112 ic
790 2055 863 2112 libro
884 2073 949 2130 epp.
1005 2050 1857 2127 (10(0((01(0(ορ.16110130100010100110100,11001000.

98 2148 130 2204 S.
146 2146 270 2220 Hitdcp.
1005 2145 1093 2201 luerit
1121 2149 1297 2201 coronatus:
1327 2159 1394 2198 nam
1423 2159 1501 2197 anuo
1526 2144 1595 2197 ll5‘2
1622 2140 1774 2196 defunctus
1798 2143 1851 2207 ast,

135 2237 236 2292 31-38.
267 2234 297 2290 Si
326 2233 361 2288 ad
391 2233 514 2301 gloriam
545 2233 572 2289 S.
604 2233 784 2304 Hildegardis
817 2235 952 2290 conducit
1004 2233 1092 2289 11001
1119 2232 1239 2304 epistola
1263 2232 1366 2303 ipsius,
1393 2231 1468 2286 iuter
1495 2246 1602 2285 aunum
1632 2229 1699 2284 ltttt
1726 2232 1755 2282 01
1783 2228 1853 2282 itit

99 2324 266 2397 epistolas.
288 2323 433 2390 bernardi,
451 2322 493 2377 uti
509 2338 608 2377 revera
625 2322 759 2378 conducit
782 2323 949 2394 plurimum,
1004 2322 1119 2394 figenda
1146 2320 1193 2377 sit.
1225 2321 1362 2391 Incipit:
1396 2319 1469 2386 Quia
1494 2319 1585 2390 regali
1607 2316 1734 2374 culmine
1759 2317 1851 2385 impe·

99 2429 160 2469 non
184 2413 282 2468 miuus
307 2411 335 2468 S.
366 2409 510 2466 bernardo
535 2409 692 2466 honorifica
713 2416 756 2466 est
778 2411 899 2482 epistola
921 2411 949 2466 S.
1004 2412 1067 2479 diti,
1080 2416 1134 2466 etc.
1150 2409 1264 2466 Addicit
1279 2409 1389 2464 favores
1405 2425 1481 2473 suos,
1502 2412 1531 2463 01
1550 2408 1644 2463 illium
1662 2421 1747 2462 suom
1765 2404 1851 2460 Sauc-

100 2501 295 2572 liildegardis,
325 2499 485 2572 prasertim
512 2514 577 2554 eum
597 2497 659 2570 ipsa
684 2499 791 2570 passim
816 2500 951 2556 omuibus
1005 2503 1041 2556 ta
1065 2499 1198 2570 precibus
1211 2498 1394 2553 commendat

98 2590 233 2661 epistolis
259 2589 319 2645 suis
348 2588 454 2643 hortari
482 2589 582 2656 soleat,
612 2603 739 2656 monere,
770 2593 798 2643 et
829 2589 951 2645 subinde
1039 2590 1083 2644 ta.
1100 2589 1143 2643 nd
1161 2589 1212 2642 luas
1223 2586 1332 2642 litteras
1345 2587 1447 2642 Sancta
1461 2585 1621 2657 respoudit,
1648 2583 1754 2654 partim
1777 2582 1857 2637 Com.

98 2679 207 2734 acriter
229 2676 315 2732 etiam
336 2675 503 2747 increpares
518 2675 663 2731 rarissime
678 2692 745 2731 vero
769 2682 798 2731 et
820 2677 951 2748 paroissi·
1004 2678 1105 2733 radum
1136 2676 1262 2731 suaviter
1283 2676 1436 2743 monendo,
1462 2673 1567 2745 partim
1593 2671 1775 2745 praedicendo
1800 2686 1851 2741 pe·

99 2783 147 2822 me
164 2767 293 2832 laudare,
316 2765 354 2820 ita
370 2770 403 2820 ut
426 2765 535 2819 nullam
555 2765 630 2819 inter
644 2765 779 2835 epistolas
798 2765 888 2838 ipsius
904 2767 951 2821 iu·
1000 2767 1066 2838 jora
1078 2771 1219 2836 tempora,
1241 2765 1338 2836 qualia
1360 2765 1478 2818 luerunt
1495 2762 1550 2819 sub
1571 2762 1720 2817 Frederico
1739 2760 1852 2828 1100-

98 2856 217 2910 reniam
234 2861 276 2910 tot
295 2853 429 2909 laudibus
443 2854 569 2924 plenam,
595 2857 623 2908 et
639 2853 718 2908 omui
741 2854 827 2910 simul
849 2855 950 2910 redar-
1003 2856 1066 2912 radi
1102 2869 1273 2910 successore.
1317 2854 1379 2908 Nou
1421 2852 1541 2907 obscure
1580 2851 1683 2907 Sancta
1723 2847 1853 2921 praedicit

98 2946 221 3015 gutierre
235 2959 267 2998 ac
283 2942 440 2998 monitione
452 2958 581 2998 vacuam.
598 2943 688 3012 (Vide
704 2943 785 3012 iusro
801 2943 950 3016 101000ῃί-
969 2943 1167 3020 fiscbismata,
1182 2942 1296 3014 aliaque
1310 2941 1441 2997 aceresia
1459 2941 1534 2996 mala
1553 2956 1619 3012 qnia
1640 2943 1708 2994 nata
1721 2935 1850 2993 suntsub

96 3032 193 3088 stolas
206 3033 235 3090 S.
251 3031 468 3104 Hildepordis.)
488 3031 669 3102 Hildegardis
683 3031 804 3103 epistola
817 3034 846 3087 iu
866 3032 952 3088 editis
1006 3033 1155 3089 Frederico
1179 3034 1201 3100 1,
1217 3031 1253 3086 ad
1272 3047 1357 3105 qoem
1379 3031 1481 3087 deiude
1501 3032 1588 3086 etiam
1608 3028 1722 3100 scripsit
1741 3026 1852 3098 episto-

98 3121 231 3194 epistolsa
253 3120 282 3175 S.
301 3120 435 3175 bernardi
458 3113 950 3198 postpositumattamen'srislimo
999 3123 1062 3178 1001
1097 3122 1154 3176 100
1190 3120 1281 3179 multo
1318 3119 1477 3175 fortiorem.
1509 3119 1597 3174 Addit
1627 3119 1718 3174 multa
1750 3115 1852 3172 eodem

97 3210 175 3266 hanc
196 3209 276 3281 prius
295 3209 451 3279 scripsisse,
469 3207 644 3263 bernardum
668 3195 734 3263 vdro
760 3191 948 3281 respondisse.
998 3201 1292 3282 {spiritu'pmpbeiico
1308 3209 1343 3265 10
1366 3209 1452 3264 variis
1479 3206 1609 3263 Ecclesiae
1631 3205 1809 3277 temporibus
1823 3207 1854 3258 et

98 3299 252 3370 Utcunque
278 3297 364 3351 etiam
392 3297 532 3366 suspicor,
558 3296 704 3368 scripsisse
735 3296 948 3369 llildogardem,
1006 3292 1272 3368 vicissitudinibus,
1292 3297 1400 3369 illaque
1435 3313 1494 3352 nou
1526 3296 1681 3352 difficulter
1716 3292 1853 3366 explicari

98 3393 257 3458 autequam
272 3385 336 3456 ipsa
351 3378 894 3476 etscriptaejuseraitt’jirssls'lluganii
911 3387 949 3442 111
1004 3387 1180 3462 1aossont,si
1210 3388 1323 3450 luberet
1355 3385 1453 3441 futura
1481 3390 1549 3440 tunc
1576 3389 1708 3454 tempora
1732 3381 1852 3454 propios

98 3475 279 3541 examinata;
311 3474 477 3546 dictumque
511 3461 949 3545 erameb·‘dccisibbb'hs‘ruiia
1003 3469 1182 3540 1001100133..
1216 3486 1246 3533 1':
1301 3485 1309 3522 ἔ

99 3565 262 3620 litterarum
278 3563 439 3617 institutum
455 3578 528 3618 esse.
1038 3568 1084 3622 ta.
1116 3556 1273 3622 'arnoldus'¹
1296 3563 1528 3635 archiepiscopus
1569 3560 1748 3618 coloniensis
1778 3558 1853 3615 circa

135 3653 230 3710 39-11).
242 3652 320 3707 luter
328 3651 590 3723 prioresprincipes
601 3650 651 3722 qui
661 3651 696 3706 ad
706 3651 734 3707 S.
746 3651 949 3724 Hildegardem
1004 3656 1105 3710 eadem
1138 3661 1269 3725 tempora
1303 3654 1340 3710 ad
1376 3651 1579 3722 Hildegardem
1613 3648 1850 3706 humanissimam

98 3743 289 3813 scripserunt,
314 3740 368 3795 luit
389 3740 530 3796 Hauricus
549 3739 779 3812 archiepiscopus
801 3747 829 3796 (1
844 3743 950 3798 elector
1004 3743 1117 3815 scripsit
1134 3743 1286 3814 epistolam
1310 3746 1364 3814 (ep.
1384 3744 1440 3811 ll).
1456 3756 1514 3812 qua
1534 3740 1638 3795 librum
1653 3738 1744 3809 ipsius
1757 3736 1850 3808 petiit.

99 3831 297 3902 flogrrutinus,
311 3845 386 3883 auno
404 3831 470 3884 1153
485 3828 520 3883 da
535 3828 676 3899 dignitate
691 3829 828 3900 dejectus,
852 3835 881 3886 et
896 3830 950 3887 de-
1003 3831 1072 3898 Quae
1088 3832 1124 3888 (1
1144 3832 1304 3887 Aruoldorn
1322 3830 1478 3902 respondet
1495 3829 1522 3885 S.
1543 3827 1734 3900 Hildegardis,
1750 3826 1851 3898 mysti-

98 3921 214 3974 lunctus
228 3921 293 3989 post
305 3932 415 3973 anuum
435 3920 465 3972 et
483 3916 622 3983 medium,
640 3921 671 3972 01
690 3917 777 3974 babet
790 3919 894 3991 Pagina
913 3921 949 3977 ad
1003 3937 1037 3976 ca
1050 3923 1119 3976 sunt
1130 3921 1269 3992 pleraque
1282 3925 1310 3975 01
1328 3923 1472 3990 utcunque
1496 3917 1628 3972 obscura.
1653 3918 1692 3971 lle
1716 3916 1781 3970 lilro
1799 3931 1851 3970 suo

98 4022 209 4062 annum
230 4008 307 4074 1153,
327 4021 406 4060 num.
429 4009 454 4061 l.
480 4005 579 4060 111001
596 4004 796 4078 lllldegaruem
810 4008 947 4077 scribens,
1003 4009 1125 4065 clariora
1139 4007 1288 4080 subjungit
1299 4008 1345 4063 lais
1361 4007 1474 4062 verbis:
1500 4026 1515 4055 «
1541 4006 1621 4060 llunc
1638 4008 1747 4071 autern,
1762 4020 1780 4058 o
1795 4018 1851 4074 pa·

98 4095 252 4167 epistolam
270 4110 351 4148 suam
375 4094 487 4150 orditur
502 4093 547 4149 bis
566 4093 660 4148 verbis
685 4095 787 4167 (00.1)
810 4112 817 4151 :
840 4117 854 4147 κ
877 4098 948 4155 Cum
1002 4103 1062 4153 stor
1089 4097 1189 4170 populi
1217 4097 1269 4163 tui,
1295 4113 1350 4168 ago
1373 4094 1548 4168 paupercula
1573 4093 1680 4164 scripta
1706 4091 1850 4147 veracium

97 4187 191 4240 multa
204 4184 324 4239 100001
337 4183 508 4238 admiranda
529 4182 666 4238 miracula
686 4183 721 4238 da
744 4187 772 4238 10
787 4184 947 4254 audiamus,
1003 4186 1148 4241 visionum
1171 4185 1291 4240 istarum
1311 4185 1365 4240 tibi
1387 4185 1463 4252 misi,
1476 4183 1551 4238 sicut
1571 4181 1680 4253 petisti,
1697 4181 1767 4236 nibil
1792 4181 1851 4236 bu·

97 4273 225 4346 pigritias
240 4277 346 4328 nostras
358 4272 550 4344 reputandum
566 4277 619 4339 est,
638 4272 718 4343 quod
735 4277 764 4327 te
789 4277 847 4328 tam
874 4291 949 4347 saepe
969 4261 1083 4330 Dmaui
1101 4273 1212 4346 ingenii
1232 4279 1261 4329 (1
1281 4272 1408 4345 propria
1432 4270 1586 4327 voluntatis
1604 4286 1675 4326 meac
1699 4269 1851 4324 contineo·

97 4360 333 4430 convisitamus,
356 4366 388 4416 ut
403 4376 563 4431 possemus,
579 4368 633 4415 etc.
656 4381 669 4409 u
686 4362 757 4416 Tum
780 4368 875 4433 rogat,
890 4363 950 4421 imo
1003 4363 1057 4430 11ος
1080 4363 1130 4418 sed
1156 4377 1220 4434 quae
1243 4361 1411 4417 indeficiens
1434 4361 1532 4416 lumen
1557 4358 1765 4430 compositione
1787 4374 1849 4424 soa,

97 4449 241 4522 praecipit,
268 4454 300 4504 nt
322 4449 487 4521 quamdam.
500 4449 667 4517 monialem,
692 4450 865 4506 abbatissam
891 4453 948 4509 ele·
1004 4456 1033 4505 at
1055 4450 1164 4506 eisdem
1188 4450 1282 4506 uerbis
1308 4449 1491 4505 manifestare
1511 4448 1611 4514 voluit,
1634 4446 1780 4520 quomodo
1796 4446 1852 4501 sibi

98 4545 185 4608 ctam,
202 4539 352 4611 permittat
365 4538 444 4594 abire
457 4554 523 4594 cum
539 4538 607 4608 illis,
620 4539 671 4610 qui
686 4539 836 4596 veniebant
856 4541 949 4612 ipsam
1004 4538 1126 4609 placuit;
1141 4555 1207 4594 eum
1223 4554 1276 4594 nec
1297 4538 1403 4610 ipsum,
1418 4538 1497 4610 quod
1512 4552 1590 4592 nunc
1601 4536 1651 4591 tibi
1675 4536 1782 4602 scribo,
1803 4535 1851 4590 in·
1889 4535 1894 4545 ’

97 4628 251 4684 abducturi
265 4627 300 4682 ad
315 4627 480 4699 predictam
502 4626 684 4699 dignitatem.
705 4627 831 4698 Epistola
846 4630 947 4684 bumo-
1004 4627 1089 4699 genio
1104 4643 1180 4694 meo,
1194 4642 1248 4682 nec
1268 4627 1329 4682 ullo
1351 4627 1479 4682 hnmano
1503 4625 1633 4691 arbitrio,
1654 4625 1703 4681 sed
1727 4640 1852 4696 superna

97 4733 135 4773 ua
148 4722 204 4786 est,
220 4721 340 4788 excepto
355 4715 490 4771 mandato
504 4716 652 4771 satisfacti
668 4715 703 4771 de
721 4717 861 4772 tradenda
883 4733 949 4772 mo·
1004 4716 1168 4771 ostensione
1181 4716 1374 4787 compositum
1390 4716 1463 4771 sit.»

97 4805 180 4861 niali.
202 4805 351 4860 llirabitur
372 4805 491 4859 tortasse
513 4805 602 4859 lector
622 4819 792 4876 responsum
807 4804 835 4859 S.
857 4804 949 4859 Hilde·
1038 4805 1083 4860 11.
1103 4805 1145 4860 Ad
1161 4805 1263 4861 eadem
1283 4806 1342 4861 tere
1361 4809 1493 4876 tempora
1513 4808 1624 4876 spectat
1646 4803 1766 4874 epistola
1788 4801 1852 4857 llil-

96 4893 381 4966 gardis;sedtauto
404 4891 948 4964 (10310111011110000100000010-
1004 4894 1056 4950 lini
1084 4893 1262 4949 trevirensis
1298 4893 1506 4966 archiepiscopi
1535 4895 1592 4965 (ep.
1617 4893 1668 4961 tal,
1693 4891 1729 4947 ad
1762 4906 1851 4962 qoam

95 4983 185 5056 genio
214 4982 351 5054 epistolas
381 4981 590 5053 composuisse;
613 4981 662 5036 sed
688 4982 812 5036 revelata
842 4997 859 5036 a
890 4981 948 5036 1100
1003 4981 1150 5054 rescripsit
1179 4983 1207 5039 S.
1239 4983 1422 5055 Hildegardis
1444 4983 1565 5054 epistola
1595 4980 1698 5053 partim
1732 4981 1852 5051 mystica

95 5069 257 5140 scripsisse.
281 5069 311 5126 Si
340 5085 427 5142 quem
449 5069 528 5124 enim
555 5070 681 5125 revereri
704 5075 733 5124 et
756 5085 853 5125 amara
878 5070 948 5124 alias
1003 5077 1032 5127 01
1045 5071 1238 5142 anigmatica,
1261 5072 1369 5143 partim
1395 5072 1481 5127 etiam
1505 5068 1670 5142 prophetica
1698 5073 1726 5123 (1
1750 5067 1849 5123 horta-

96 5158 231 5224 debcbat,
251 5159 377 5213 revereri
404 5158 528 5214 debebat
550 5157 807 5230 archiepiscopum,
829 5163 857 5214 01
878 5173 948 5231 pro-
1001 5161 1078 5217 toria
1100 5160 1130 5216 iu
1152 5161 1345 5230 conclusione,
1370 5177 1434 5233 qua
1453 5160 1517 5215 talis
1538 5165 1603 5214 est:
1629 5178 1643 5208 «
1668 5156 1780 5229 Species
1802 5172 1850 5212 co·

94 5253 237 5302 tectorem
266 5262 360 5315 suum,
386 5247 436 5320 qni
467 5263 507 5313 ss,
532 5252 673 5318 qurautum
704 5253 780 5303 certe
803 5246 947 5318 novimas,
1002 5248 1109 5305 lumbre
1137 5249 1279 5319 leducat,
1304 5255 1332 5305 01
1357 5250 1478 5304 verbum
1506 5247 1556 5302 Dei
1581 5263 1639 5302 non
1663 5252 1740 5302 caret
1764 5245 1796 5300 in
1823 5250 1851 5301 te

93 5351 213 5407 semper
237 5336 394 5408 benignum
418 5336 596 5392 exhibuerat.
620 5341 753 5394 Attamen
779 5337 947 5409 prophetico
1002 5338 1130 5393 scientia.
1155 5339 1236 5394 Nunc
1260 5354 1330 5410 ergo
1354 5337 1441 5407 vigila
1461 5342 1491 5391 et
1511 5336 1542 5391 iu
1563 5337 1644 5408 virga
1666 5336 1760 5391 terrea
1781 5351 1850 5390 oon·

95 5441 178 5481 mora
193 5425 347 5497 respondet
371 5430 398 5481 et
423 5442 481 5481 nou
505 5426 624 5481 obscure
644 5425 775 5496 exemplo
796 5425 948 5482 Nabucbo·
1001 5429 1110 5500 stringe
1126 5443 1133 5481 ι
1148 5426 1228 5494 1000,
1250 5431 1279 5481 et
1302 5426 1422 5481 vulnera
1444 5423 1499 5484 tibi
1520 5425 1740 5485 commissorum
1760 5438 1848 5503 unge,

92 5511 226 5567 donosor
246 5510 387 5586 praedicit,
413 5513 567 5570 lleuricum
592 5511 731 5588 dignitate
756 5528 809 5570 sua
830 5514 945 5589 privan-
1001 5519 1031 5570 01
1040 5515 1072 5571 iu
1086 5520 1228 5572 aeteruum
1241 5515 1359 5573 rives-a
