3984 6034
154 147 204 208 tat
878 146 907 203 S.
927 143 1173 203 fflhuucauuts.
1847 144 1908 202 tta

153 276 281 334 bominis
294 277 382 348 hujus
401 280 478 332 artes
502 275 612 332 discere
634 275 775 332 volomus.
796 276 827 333 Et
840 291 921 332 arma
935 291 1000 348 quse
1019 275 1168 348 Aquino
1187 276 1286 346 homo,
1315 290 1381 332 cum
1404 276 1482 332 salus
1504 280 1554 332 tua
1581 275 1692 332 tamin
1719 275 1913 332 secularibus

153 366 297 423 habebant
319 366 497 437 abjicientes,
513 365 549 420 ad
566 365 648 421 illum
671 369 869 421 cucurrerunt.
892 364 1000 430 Quibus
1055 380 1142 437 quam
1156 363 1185 420 iu
1201 364 1398 437 spiritualibus
1420 365 1562 438 completa
1585 364 1682 433 luerit,
1707 379 1836 435 praeseus
1855 380 1913 419 sae-

152 454 200 510 alii
218 455 352 511 dicebant
368 471 375 510 :
392 454 465 520 Quid
485 455 600 510 tacitis?
622 456 699 510 hune
715 454 861 508 illusorem
876 469 999 525 sequen·
1054 453 1151 508 cuium
1169 454 1303 522 mutabis,
1318 463 1347 508 et
1360 456 1396 511 ad
1418 455 1490 510 illud
1511 454 1589 527 quod
1607 452 1763 509 terminum
1784 469 1844 509 non
1859 451 1908 507 iu-

150 549 205 612 tes,
221 549 251 600 ct
265 545 421 600 Dominum
437 548 564 600 vestrum
579 544 616 598 ad
634 542 813 599 iracundiam
842 558 998 615 prouocau·
1053 543 1149 597 reniet
1170 542 1314 598 transibis.
1337 544 1408 600 Nam
1422 559 1488 598 cum
1514 543 1602 599 homo
1625 547 1711 597 tantu
1725 541 1907 597 fortitudinis

151 633 215 688 test
230 634 265 688 ltt
287 633 330 689 illi
349 633 559 704 responderunt
575 648 582 686 :
599 633 673 698 Quid
688 632 743 688 hoc
767 631 884 687 domiuo
899 637 998 686 nostro
1054 632 1189 703 estquod
1203 647 1263 701 praa
1280 633 1342 687 aliis
1357 633 1504 689 ardentius
1518 631 1549 687 iu
1560 647 1606 686 me
1617 631 1709 698 ardet,
1724 633 1765 686 ita
1776 630 1856 702 quod
1871 629 1904 684 in

150 721 459 778 oberittlttdomiuus
474 721 698 777 eorumaitillis
714 737 721 776 ε
738 719 998 792 Oserainequam,
1053 719 1226 774 conscientia
1262 726 1383 776 terreum
1417 719 1485 775 fecis
1518 718 1680 798 ,leuntiam
1718 726 1903 790 peccatorum

150 825 201 865 cur
224 826 305 865 arma
336 826 401 881 qua·
434 809 512 864 robis
544 809 679 864 dederam
705 809 870 881 abjecistis?
892 811 926 865 lit
947 825 999 865 cur
1053 822 1112 862 non
1129 813 1245 880 torpens
1265 809 1383 864 insidias
1404 809 1516 881 antiqui
1542 807 1683 880 serpentia
1706 807 1832 874 desitet3
1847 806 1902 861 hu-

150 899 266 954 charius
280 905 323 954 est
337 898 417 954 robis
432 897 506 953 hanc
526 897 681 953 vanitatem
702 913 810 965 amare,
823 913 911 970 quam
927 895 998 953 mihi
1049 895 1096 967 jus
1120 896 1253 970 spiritum
1268 915 1284 952 a
1299 914 1420 969 corpore
1449 914 1502 953 sito
1527 913 1587 954 non
1606 896 1716 953 ercutio
1741 901 1901 968 antequam

151 987 270 1042 domino
292 993 386 1042 vestro
410 987 492 1059 cujus
506 989 651 1042 naturales
665 987 739 1041 servi
757 987 825 1041 estis
839 986 998 1042 inserviret
1052 985 1149 1041 dulces
1163 986 1272 1042 tructus
1294 1003 1361 1041 suos
1381 987 1411 1041 in
1433 985 1603 1042 suavissimo
1621 985 1708 1041 odore
1724 986 1761 1041 ad
1785 986 1901 1041 bonum

151 1076 763 1150 lteerqopostillusoremillum,utcupitis,
781 1078 998 1150 quiamihiam-
1052 1073 1303 1146 tluemperducat,
1326 1075 1407 1131 illum
1436 1082 1632 1147 cutemquem
1648 1079 1735 1131 tantm
1757 1072 1901 1142 tragilita-

151 1167 226 1238 plius
236 1167 343 1222 servire
353 1183 412 1222 uon
420 1166 563 1237 valebitis,
572 1173 602 1222 et
613 1167 705 1223 ridete
715 1167 783 1239 quid
794 1168 874 1221 robis
885 1167 998 1222 tallacia
1050 1159 1088 1214 tit
1102 1161 1260 1229 considero,
1285 1162 1364 1233 quud
1384 1168 1466 1217 tener
1479 1162 1581 1218 debilis
1595 1168 1639 1217 est
1651 1161 1683 1217 in
1703 1161 1783 1234 gravi
1799 1163 1902 1215 dolore

150 1253 212 1325 ujus
237 1254 366 1326 proderit
382 1273 389 1311 z
406 1259 435 1310 et
458 1255 563 1327 abjecit
577 1271 627 1310 eos
642 1255 693 1310 abs
707 1271 747 1308 se.
764 1254 845 1319 Quod
867 1254 994 1310 dicitur:
1052 1248 1095 1303 eui
1119 1248 1259 1319 corporis,
1284 1255 1313 1305 et
1340 1251 1370 1304 iu
1390 1249 1559 1307 attractione
1586 1250 1703 1330 pessimi
1721 1249 1902 1306 insidiatoris

150 1342 398 1400 llomiuusilleest
408 1344 483 1399 Deus
493 1345 686 1415 omnipotens,
698 1358 799 1398 omues
809 1342 933 1415 populos
943 1343 996 1399 suh
1048 1337 1152 1408 jugum
1177 1353 1274 1392 mcum
1298 1338 1387 1406 ierra;
1404 1339 1439 1394 de
1464 1340 1520 1394 hoc
1547 1340 1651 1395 saeculo
1678 1339 1829 1394 substraho
1848 1355 1903 1393 au·

149 1435 288 1501 potestate
311 1447 363 1486 sua
390 1448 503 1503 regens,
520 1431 700 1503 quiomnem
721 1431 868 1486 homiuem
884 1431 996 1487 ratione
1051 1431 1168 1498 tequam
1196 1427 1378 1499 intempore
1401 1429 1600 1485 marcescentis
1614 1427 1704 1484 animi
1719 1426 1763 1482 sui
1779 1427 1904 1499 incipiat

148 1522 178 1574 et
201 1517 350 1575 intellectu
372 1519 515 1576 armarit:
539 1520 679 1575 mandans
701 1520 728 1575 ei
751 1525 784 1575 ut
811 1525 943 1576 strenuus
967 1525 997 1577 et
1050 1531 1188 1584 arcecerc,
1223 1517 1321 1571 omnia
1350 1517 1428 1572 euim
1451 1518 1520 1573 scio.
1546 1517 1614 1572 Volo
1644 1523 1740 1572 auum
1770 1517 1904 1572 humano

148 1605 272 1678 vigilans
295 1608 325 1664 iu
348 1608 549 1665 instrumentis
568 1609 706 1664 virtutum
722 1608 768 1679 sit,
784 1610 954 1681 pravitatem
968 1614 997 1664 et
1017 1576 1149 1676 ¹3generi
1166 1620 1282 1660 omnem
1309 1605 1452 1678 justitiam
1480 1605 1516 1660 ad
1542 1621 1624 1660 suam
1652 1604 1793 1660 cautelam
1819 1603 1901 1672 dara,

149 1696 599 1769 negligentiamasecacutiens.
617 1698 671 1755 Sed
685 1699 755 1753 dum
770 1697 902 1753 homiues
920 1698 996 1754 riam
1051 1693 1091 1748 ita
1113 1698 1145 1748 ut
1175 1694 1271 1750 nullus
1305 1694 1454 1750 homiuum
1479 1710 1509 1749 se
1538 1694 1629 1765 possit
1649 1709 1793 1761 excusare,
1831 1708 1903 1748 cum

147 1784 274 1840 veritatis
298 1786 443 1858 arripiunt
469 1787 499 1841 in
518 1786 623 1842 divinis
643 1787 785 1842 mandatis
798 1803 918 1858 pergere
933 1786 995 1841 dra-
1050 1782 1184 1838 homiues
1205 1799 1307 1838 monac
1330 1790 1358 1839 et
1378 1783 1478 1838 hortor
1500 1782 1639 1852 iustitiam
1659 1783 1763 1848 lacere,
1780 1783 1902 1854 quando

146 1877 311 1943 ponentes:
352 1874 422 1945 ipsis
448 1874 546 1929 multae
571 1874 742 1930 tentationes
768 1879 930 1942 occurrunt,
955 1875 996 1929 ita
1050 1871 1119 1942 ipsis
1139 1873 1281 1943 judicium
1306 1871 1410 1927 mortis
1429 1872 1535 1927 incutio
1558 1873 1636 1928 velut
1657 1873 1717 1943 jam
1739 1873 1796 1926 sint
1811 1871 1902 1926 mori-

146 1961 224 2032 quod
244 1961 391 2018 diabolum
405 1963 492 2018 totius
506 1962 583 2018 orbis
603 1963 784 2019 seductorem
804 1969 834 2018 et
855 1963 996 2036 multipli·
1050 1960 1118 2025 turi,
1153 1977 1219 2016 cum
1252 1960 1344 2015 adhuc
1374 1959 1481 2015 diutius
1510 1959 1611 2014 victuri
1636 1964 1726 2014 suut:
1749 1958 1804 2014 hoc
1824 1959 1900 2014 facio

146 2050 224 2104 cium
249 2049 387 2106 victorum
416 2051 627 2123 nequissimum
651 2053 802 2118 artillcem,
822 2051 927 2107 nonin
951 2052 995 2108 riu
1049 2049 1188 2120 quoniam
1202 2047 1358 2104 nemuuisi
1378 2049 1536 2104 secuudum
1558 2049 1682 2104 fructum
1699 2047 1830 2120 quemin
1848 2049 1901 2103 ho-

146 2139 274 2194 rcritatis
299 2140 347 2196 sed
371 2141 401 2195 iu
425 2141 593 2212 deceptione
618 2141 648 2196 in
673 2140 783 2196 insidiis
806 2143 930 2212 positum
952 2145 994 2197 at·
1049 2138 1126 2193 mine
1158 2137 1239 2193 video
1262 2141 1291 2193 et
1323 2139 1479 2193 secuudum
1509 2139 1686 2192 voluntatem
1721 2152 1814 2192 meam
1838 2153 1900 2208 qua

147 2228 278 2283 tendunt.
307 2229 386 2285 Unde
404 2235 434 2286 et
458 2229 576 2302 quidam
606 2246 706 2286 eorum
728 2229 877 2301 injustitiae
902 2231 994 2302 magis
1049 2228 1075 2282 ei
1097 2227 1190 2282 vivere
1213 2226 1349 2294 concedo,
1380 2227 1459 2282 aliud
1489 2231 1604 2297 tempus
1636 2226 1741 2281 habere
1775 2227 1817 2280 vel
1841 2225 1900 2280 sibi

147 2331 235 2389 quam
258 2317 437 2374 rectitudinis
459 2325 601 2374 amatores
623 2335 675 2391 per
698 2319 846 2374 diabolum
860 2320 992 2376 seducti:
1048 2317 1199 2388 disponere
1231 2315 1347 2388 poterit,
1377 2313 1619 2386 quemadmodum
1650 2315 1737 2370 etium
1768 2314 1819 2370 lob
1844 2330 1899 2384 per

147 2404 212 2478 plus
238 2406 355 2461 student
377 2405 488 2478 antiqui
507 2407 667 2462 seductoris
693 2408 761 2462 vitia
784 2408 890 2463 imitari
905 2425 993 2481 quam
1049 2421 1095 2460 me
1111 2410 1240 2472 testatur,
1264 2421 1329 2460 cum
1354 2404 1444 2460 dicit:
1467 2402 1645 2462 coartiano·
1671 2401 1811 2460 terminos
1832 2403 1899 2472 ejus

145 2494 266 2549 virtutes
294 2494 342 2550 liei
370 2495 514 2567 amplecti.
541 2497 574 2551 Et
592 2497 771 2552 intellectum
790 2513 877 2569 quem
901 2498 938 2553 ad
949 2498 992 2552 di·
1048 2493 1101 2567 qui
1113 2491 1255 2566 preteriri
1272 2509 1334 2550 nun
1347 2492 1483 2565 poterunt
1503 2492 1570 2564 (Job
1584 2491 1652 2564 xvi).
1670 2491 1752 2557 Quod
1767 2489 1896 2546 dicitur:

147 2581 213 2637 vina
244 2582 379 2638 mandata
408 2590 572 2639 convertere
595 2585 747 2653 dehereut;
782 2585 818 2640 ad
843 2585 913 2641 vitis
937 2592 994 2641 ter·
1047 2585 1088 2639 'lu
1109 2583 1160 2656 qui
1185 2598 1272 2655 snper
1295 2597 1394 2637 omnes
1413 2597 1454 2650 es,
1473 2586 1502 2636 et
1528 2580 1627 2636 omnia
1645 2584 1801 2651 antequam
1823 2577 1899 2634 dant

145 2684 221 2723 reum
236 2668 398 2741 iniquitatis
418 2676 616 2743 retorquentes
632 2673 746 2729 diabolo
762 2691 792 2729 se
806 2674 990 2731 submittunt.
1048 2673 1207 2745 praevides:
1234 2671 1321 2726 etiam
1340 2669 1371 2725 in
1394 2675 1503 2725 secreto
1526 2668 1683 2740 majestatis
1710 2673 1768 2724 tum
1792 2667 1898 2722 cousti-

144 2755 252 2820 Quihus
274 2756 429 2814 directores
455 2775 557 2815 eorum
583 2761 660 2815 salut
682 2763 851 2818 consodales
874 2767 903 2817 et
925 2779 991 2818 cun·
1047 2760 1127 2815 tuisti
1142 2760 1279 2814 terminos
1294 2758 1427 2814 humanm
1444 2759 1517 2827 vitm,
1541 2757 1581 2813 ita
1599 2758 1673 2829 quod
1690 2773 1743 2812 nec
1765 2756 1895 2822 scientia,

143 2845 219 2900 servi
237 2860 291 2917 per
303 2861 396 2902 sacres
415 2846 576 2919 Scripturas
598 2863 674 2921 saepa
696 2866 818 2906 numero
839 2866 990 2906 occurren·
1010 2856 1100 2913 cuae
1120 2846 1282 2918 prudentia,
1307 2862 1359 2902 uec
1373 2845 1475 2901 astutia
1490 2845 1578 2901 ullius
1597 2847 1639 2900 rei
1653 2844 1795 2917 praeteriri
1808 2850 1896 2917 pote·

143 2937 186 2988 tes
206 2933 281 2989 tacta
300 2950 402 2991 corum
423 2935 635 3008 improperant,
652 2943 681 2992 et
707 2955 758 2994 cur
781 2939 921 2995 diabolica
935 2939 992 3010 tig-
1045 2941 1114 2991 runt
1127 2935 1158 2990 iu
1174 2935 1232 2991 ulla
1246 2939 1329 2990 aetate
1344 2951 1394 2990 seu
1410 2936 1440 2990 in
1458 2935 1590 3002 tutantia,
1605 2951 1655 2989 sen
1678 2935 1708 2988 iu
1729 2935 1893 3005 iuventute,

143 3028 241 3078 manta
261 3028 413 3094 sequentes
434 3024 561 3080 divinam
580 3026 722 3082 ultionem
737 3027 768 3082 iu
787 3044 818 3082 se
842 3027 991 3094 inducant,
1046 3041 1097 3080 seu
1118 3025 1148 3081 in
1177 3030 1323 3080 senectute
1347 3022 1509 3090 hominum,
1538 3026 1594 3080 nial
1616 3026 1774 3080 secuudum
1799 3023 1894 3095 prori-

143 3110 200 3166 illis
223 3111 384 3184 increpant.
404 3112 457 3168 Sed
480 3114 523 3169 illi
538 3114 750 3170 admonitiones
772 3103 874 3172 eorum
896 3116 993 3188 sapis·
1045 3113 1172 3190 dentiam
1193 3118 1368 3168 secretorum
1389 3117 1517 3180 tuorum,
1543 3112 1594 3184 qui
1618 3112 1749 3168 homines
1774 3112 1810 3166 ad
1828 3111 1893 3183 glo·

143 3199 215 3255 sime
237 3200 400 3256 deridentes
421 3217 452 3258 se
465 3201 497 3256 iu
509 3203 609 3274 paucis
622 3219 741 3274 peccare
755 3210 784 3260 et
800 3206 890 3260 Deum
906 3221 991 3262 suurn
1045 3200 1118 3256 rium
1137 3200 1263 3258 nominis
1289 3201 1330 3256 tui
1352 3201 1415 3257 neri
1436 3199 1559 3258 voluisti.
1587 3203 1645 3272 ligo
1666 3201 1755 3267 enim,
1770 3217 1788 3256 o
1803 3200 1892 3256 homo

143 3287 264 3342 minime
291 3287 438 3345 offendere
456 3306 508 3362 per
530 3291 695 3362 superbiam
723 3309 804 3348 suam
833 3293 990 3350 affirmant.
1044 3295 1111 3344 suta
1144 3289 1378 3345 constitutionem
1416 3289 1517 3345 mundi
1553 3292 1621 3344 nori
1647 3295 1688 3356 ts;
1715 3289 1763 3344 sed
1794 3293 1890 3343 tamen

145 3376 226 3430 Unde
243 3391 309 3432 cnm
324 3376 354 3432 iu
366 3378 555 3435 obduratione
574 3379 623 3434 illa
643 3386 839 3454 perseverant,
863 3381 991 3437 divinam
1044 3379 1105 3436 dies
1126 3385 1190 3434 tuos
1217 3379 1248 3434 in
1274 3377 1410 3449 operibus
1430 3379 1488 3432 tuis
1510 3379 1573 3433 volo
1590 3378 1773 3434 considerare
1788 3383 1817 3432 et
1831 3377 1891 3433 tru-

142 3464 315 3520 aenteutiam
339 3466 493 3538 accipiunt,
515 3468 653 3540 quoniam
679 3469 749 3541 ipsis
773 3470 861 3526 serris
883 3471 992 3545 iniqui·
1044 3473 1122 3524 ctum
1149 3483 1250 3524 eorum
1272 3467 1446 3535 discernere,
1468 3472 1498 3522 et
1520 3483 1643 3541 qumque
1661 3483 1751 3537 opera
1765 3473 1816 3522 tua
1829 3466 1893 3521 dili·

142 3552 209 3608 tatis
233 3552 422 3623 obiiciebatur
440 3571 492 3611 cur
515 3557 692 3613 intellectum
717 3558 841 3631 desuper
868 3559 923 3615 sihi
939 3561 990 3615 da·
1044 3565 1145 3631 genter
1159 3563 1188 3613 et
1202 3557 1367 3612 acutissime
1380 3555 1555 3612 examinare.
1573 3557 1781 3628 Quemcunque
1795 3561 1891 3610 autem

142 3645 205 3696 tum
220 3640 429 3710 suffocaverint,
446 3649 475 3699 et
494 3659 546 3699 cur
564 3645 656 3717 magis
677 3645 863 3718 deceptiones
878 3647 990 3720 antiqui
1044 3647 1137 3702 subito
1161 3645 1197 3701 de
1212 3644 1363 3717 temporali
1382 3644 1439 3698 rita
1459 3644 1606 3712 subtraho,
1629 3644 1715 3715 hujus
1737 3644 1803 3699 sitm
1818 3641 1892 3697 utili·

141 3729 298 3786 seductoris
325 3733 503 3804 susceperint
529 3749 616 3805 quarn
643 3735 807 3791 Creatorem
835 3753 920 3792 suum
943 3735 990 3792 cui
1043 3742 1086 3792 tas
1105 3734 1248 3806 completa
1267 3739 1318 3802 est,
1338 3733 1379 3788 ita
1400 3737 1432 3787 ut
1454 3732 1478 3786 si
1495 3731 1552 3787 rita
1569 3731 1660 3803 ipsius
1683 3731 1799 3800 lougius
1819 3746 1891 3803 pru-

141 3823 255 3874 strcnue
272 3819 406 3874 famulari
423 3821 582 3877 debuerant
604 3829 851 3896 contempserunt,
879 3826 919 3880 ita
933 3823 989 3897 ipsi
1043 3825 1206 3882 traheretur
1216 3822 1324 3877 nullam
1341 3821 1501 3876 ubertatem
1515 3821 1657 3876 bonorum
1668 3820 1814 3876 tractuum
1828 3836 1890 3874 am-

141 3923 159 3963 a
183 3907 240 3962 Deo
263 3909 420 3980 contempti
445 3909 593 3966 diabolicis
618 3912 803 3969 illusionibus
830 3914 990 3970 secundum
1042 3913 1119 3986 plius
1143 3910 1267 3979 afferret,
1289 3909 1338 3964 sad
1364 3909 1441 3964 velut
1460 3915 1591 3980 teporem
1615 3925 1726 3966 carneae
1752 3909 1820 3966 tidei
1838 3909 1889 3963 ha-

141 4010 230 4066 opera
248 3996 395 4068 sualquia
417 3999 594 4054 lleoserrire
618 4001 786 4072 noluerunt)
801 4001 987 4074 deputantur,
1044 4001 1122 4065 heus,
1147 4002 1261 4054 tautum
1285 3997 1367 4070 quasi
1394 4012 1481 4052 vacuo
1505 4013 1577 4052 sono
1599 3997 1752 4053 verborum
1776 3997 1890 4053 fumum

140 4083 191 4138 ubi
216 4083 398 4141 considerare
419 4091 584 4157 coguntur:
605 4088 676 4161 quid
709 4088 885 4161 nequissima
906 4091 989 4146 sedu·
1043 4085 1188 4142 amitteret
1201 4101 1254 4140 nec
1273 4084 1376 4140 intimo
1399 4090 1476 4140 tactu
1495 4085 1589 4141 cordis
1612 4084 1658 4139 sui
1681 4101 1727 4140 me
1746 4091 1887 4157 taugeret

140 4172 198 4229 ctio
212 4165 282 4245 ipsis
293 4172 444 4245 profuerit,
460 4174 598 4246 quoniam
613 4176 669 4231 hoc
689 4177 773 4232 modo
789 4175 891 4249 abjecti
905 4178 987 4235 dam·
1007 4153 1029 4210 Ι)
1045 4174 1123 4229 Unde
1138 4173 1206 4245 ipsis
1220 4172 1350 4229 inducias
1372 4173 1459 4246 hujus
1475 4173 1539 4230 vitm
1558 4189 1615 4230 uon
1637 4174 1743 4238 tribuo,
1765 4174 1816 4230 aed
1836 4188 1889 4228 an·

140 4260 288 4317 nationem
319 4261 481 4329 incurrunt,
513 4263 589 4335 qnod
616 4264 713 4319 divina
742 4271 886 4337 praecepta
910 4273 988 4339 post·
1041 4267 1158 4336 tequam
1179 4262 1209 4317 in
1235 4267 1365 4335 teporem
1395 4263 1562 4334 hujusmodi
1587 4263 1774 4319 infertilitatis
1806 4262 1891 4318 cadat

140 4354 281 4422 ponentes
295 4349 358 4420 plus
382 4348 529 4406 diabolum
546 4367 634 4423 quam
657 4353 748 4408 neum
769 4353 852 4427 sequi
872 4361 989 4413 conteu-
1041 4367 1108 4408 eum
1136 4352 1172 4407 ah
1205 4352 1259 4407 hoc
1287 4352 1392 4408 seculo
1422 4352 1560 4410 subduco.
1586 4353 1641 4410 Sed
1672 4352 1709 4407 ad
1736 4360 1765 4408 te
1792 4367 1888 4407 sermo

140 4439 256 4495 darunt.
284 4437 356 4493 Nolo
385 4437 463 4494 enim
496 4444 529 4495 ut
550 4455 597 4496 me
633 4441 767 4497 homiues
789 4448 986 4516 contemnant,
1042 4440 1277 4507 msus,oh0m0.
1294 4440 1411 4496 carme
1434 4439 1616 4496 conumnis?
1641 4441 1742 4496 Nonne
1768 4440 1890 4513 prophe·

140 4524 191 4598 qui
207 4540 253 4581 me
267 4526 297 4581 in
313 4525 372 4582 ilde
386 4526 458 4582 scira
472 4528 589 4596 dabant,
604 4531 753 4602 quoniam,
772 4533 797 4588 si
814 4535 986 4606 msabjm.
1042 4534 1086 4585 tas
1109 4545 1189 4584 meos
1211 4529 1248 4584 ad
1269 4534 1298 4584 ta
1320 4527 1394 4591 misi,
1419 4535 1449 4585 et
1475 4530 1576 4586 Filium
1597 4545 1694 4586 meum
1718 4545 1771 4601 pro
1797 4530 1889 4586 salute

139 4613 241 4668 antec
260 4621 422 4670 creaturam
446 4614 500 4671 sihi
520 4616 680 4688 subjectam
706 4619 893 4692 inspexerint,
916 4623 988 4681 san·
1040 4622 1089 4673 tua
1111 4619 1141 4672 in
1165 4616 1275 4689 tiauum
1303 4618 1394 4673 crucis
1421 4617 1498 4684 dcii.
1532 4624 1560 4673 et
1579 4620 1723 4689 apostolos
1753 4635 1832 4674 meos
1857 4626 1890 4674 ut

138 4715 229 4773 quum
249 4701 431 4757 seductorem
462 4703 494 4758 in
522 4704 577 4760 boc
604 4706 767 4776 imitantss;
793 4715 863 4766 tunc
882 4717 912 4768 at
932 4728 987 4784 ago
1040 4706 1095 4762 tibi
1120 4707 1192 4762 viam
1213 4705 1341 4762 veritatis
1364 4722 1416 4777 per
1436 4707 1620 4778 Evangelium
1647 4707 1832 4764 ostenderent
1853 4707 1887 4763 ad

137 4790 275 4860 permitto
292 4795 323 4844 ut
345 4790 386 4845 eis
402 4795 431 4845 et
451 4808 516 4847 cum
531 4797 663 4850 creatura
677 4800 782 4852 etcum
797 4797 914 4856 diabolo
941 4816 986 4857 se-
1040 4800 1070 4851 ta
1084 4795 1243 4850 destinavi?
1259 4794 1340 4851 Unde
1354 4811 1412 4850 nou
1428 4799 1509 4867 potes
1531 4802 1558 4850 te
1580 4811 1713 4851 excusare
1735 4796 1806 4868 quin
1823 4811 1889 4851 orn-

137 4879 265 4934 cundnm
279 4880 538 4951 concupiscentiam
551 4883 645 4939 cordis
657 4887 702 4940 sui
716 4885 778 4952 ilat,
793 4894 934 4960 quatenus
947 4890 988 4947 ita
1041 4884 1090 4940 nic
1104 4884 1180 4940 bonu
1194 4884 1300 4940 habeus
1314 4899 1367 4954 lter
1381 4900 1437 4939 mc.
1456 4886 1488 4940 Et
1500 4900 1551 4940 cur
1566 4900 1642 4940 nunc
1656 4885 1806 4957 postponis
1822 4885 1889 4942 mel

137 4966 320 5040 experiantur
334 4969 403 5041 quid
419 4969 488 5040 ipsis
503 4970 596 5042 prosit
607 4978 739 5027 creatura
753 4990 839 5046 quam
852 4978 988 5034 adorave-
1039 4973 1095 5029 Sed
1123 4988 1250 5028 errorem
1275 4973 1360 5044 hujus
1394 4973 1598 5044 perversitatis,
1624 4974 1731 5031 scilicet
1752 4974 1832 5047 tluod
1854 4975 1889 5030 si·

137 5057 349 5129 runt,velquid
364 5059 406 5113 eis
421 5058 791 5133 diabolusccnierstquem
806 5063 984 5120 secutisunt.
1040 5078 1097 5134 qna
1121 5067 1235 5118 actuum
1257 5047 1373 5117 tuoruu'r
1394 5061 1425 5115 in
1450 5062 1539 5116 stellis
1566 5067 1615 5117 aut
1637 5063 1668 5118 iu
1692 5064 1770 5134 igue,
1793 5069 1843 5118 aut
1856 5063 1888 5119 in

172 5145 217 5213 lit,
237 5146 348 5201 ostulti
376 5146 517 5215 homines,
536 5163 588 5202 cur
610 5155 771 5204 creaturam
796 5149 832 5205 de
855 5155 987 5222 tempore
1041 5150 1140 5206 avibus
1155 5166 1205 5206 aen
1228 5150 1258 5205 in
1281 5149 1337 5205 alia
1359 5149 1524 5222 hujusmodi
1538 5158 1668 5206 creatura
1683 5151 1808 5224 qnaeris:
1826 5167 1887 5205 am-

138 5234 204 5289 vitse
220 5241 321 5289 vestrae
347 5234 512 5307 inquiritis?
534 5237 635 5292 Nullus
649 5236 726 5292 enim
750 5243 876 5295 restrum
892 5245 987 5311 potest
1041 5239 1115 5312 plius
1137 5239 1205 5295 nolo
1229 5242 1361 5301 tolerare,
1386 5241 1526 5311 qnoniam
1558 5256 1659 5296 omnes
1685 5239 1735 5312 qui
1758 5255 1886 5294 errorem

138 5326 252 5392 tempus
262 5323 326 5378 ritae
342 5339 401 5378 saraa
411 5324 552 5392 autscire,
568 5328 617 5380 aut
628 5324 700 5381 illud
713 5323 848 5394 devitare,
858 5328 987 5385 antillud
1040 5328 1117 5384 huuc
1131 5328 1272 5384 diabolica
1283 5327 1391 5383 visione
1403 5329 1530 5401 primurn
1546 5329 1756 5384 adinvenerunt
1770 5344 1777 5384 ε
1795 5330 1885 5384 licum

137 5408 282 5467 transilire
296 5411 374 5482 quod
396 5427 448 5484 per
470 5429 518 5470 me
540 5413 594 5470 sihi
610 5413 797 5472 coustitutum
816 5419 859 5472 cst
879 5417 986 5487 rivers,
1039 5419 1266 5486 contemnentes,
1291 5420 1435 5488 praecepta
1458 5417 1537 5473 illius
1564 5416 1684 5472 omniuo
1708 5417 1883 5488 abjecerunt,
