3984 6034
154 217 220 272 1075
880 223 908 279 S.
930 223 1175 282 attoltenttltts.
1835 229 1909 282 idib

151 345 244 402 vicem
264 360 325 403 nou
357 350 539 418 separentur,
567 351 617 406 sed
639 367 715 410 unua
735 355 809 412 Deus
836 361 890 412 eat.
913 357 948 412 lit
969 356 1001 412 in
1018 356 1252 414 sutsiesutrns
1270 361 1379 413 etearo
1396 371 1473 414 unns
1495 362 1539 415 est
1558 357 1656 428 bomo,
1679 359 1718 416 ite
1732 359 1823 417 etiam
1840 360 1911 416 aba·

151 435 206 490 ista
232 433 381 490 Trinitatis
402 434 513 492 unitate
532 438 605 496 nibil
620 440 701 511 prius
727 445 933 513 antecedendo,
954 447 1000 503 ni·
1055 461 1111 517 quc
1125 446 1206 502 omni
1222 445 1310 502 dubio
1330 445 1381 501 liei
1400 445 1489 503 Filius
1503 451 1571 502 aute
1591 449 1696 504 secula
1719 453 1804 504 uatus
1819 465 1917 504 carne

153 520 348 592 bilposterias
367 522 580 595 subsequendo,
605 528 677 584 nillil
700 533 792 604 majus
810 534 840 590 in
864 537 1001 609 magnill-
1055 549 1089 588 ex
1113 533 1229 606 Virgine
1253 539 1400 606 assumpta
1427 537 1561 607 pleniter,
1593 543 1625 594 ut
1650 538 1823 610 predictum
1853 542 1915 602 est,

153 609 258 678 centis,
279 610 354 666 uilsil
370 612 466 667 miuus
478 612 509 668 iu
523 619 670 686 potentia;
686 619 736 675 scd
750 627 819 676 tote
834 623 921 694 hujus
940 624 1001 681 Tri-
1056 622 1182 688 indutus,
1195 625 1270 678 Deris
1292 629 1320 679 et
1341 629 1427 678 immo
1451 625 1583 694 existens,
1607 641 1681 680 unus
1704 630 1747 682 est
1761 626 1915 692 Christus,

156 697 253 754 nitatis
271 715 403 769 personas
420 703 482 758 sine
506 704 715 764 ollsescnitate
736 710 766 766 in
783 727 1002 769 unumsecon·
1055 727 1109 782 par
1135 712 1300 768 unctionem
1325 723 1424 784 utrque
1447 717 1546 781 gratier
1573 714 1624 768 liei
1649 715 1779 770 Christus
1800 713 1914 770 dictus.

151 788 289 858 jungunt,
309 793 339 843 et
352 789 382 844 iu
398 793 559 848 eternitate
579 801 609 850 et
625 797 654 850 in
668 799 832 870 equalitate
852 806 1003 858 coeam
1056 799 1111 865 uui
1125 799 1155 855 ia
1174 805 1270 856 saneta
1284 801 1464 856 humanitate
1479 817 1540 870 sua,
1553 817 1605 873 par
1619 801 1742 859 fixuram
1756 803 1914 858 clarorum

155 873 210 930 sibi
224 878 427 949 etcorequales
442 879 578 943 existunt.
592 884 633 938 ita
649 891 681 940 ut
696 885 727 940 in
748 888 856 943 eisdem
872 890 1003 961 personis
1056 893 1086 942 et
1112 888 1217 943 tenses
1250 889 1416 944 vstlneratas
1450 896 1493 944 est
1531 892 1621 960 (loon.
1648 907 1707 957 ιιι,
1741 893 1800 947 Iso.
1846 894 1914 958 nur)

157 964 230 1020 nibil
244 965 292 1030 sit,
307 965 343 1020 de
358 983 416 1037 quo
431 972 590 1026 secundum
603 973 780 1031 divinitatem
798 978 853 1032 dici
878 980 969 1050 possit
993 995 1001 1034 :
1057 982 1175 1047 propter
1195 993 1284 1032 uuum
1314 979 1418 1032 vulnus
1432 978 1519 1049 primi
1541 980 1676 1047 hominis,
1701 981 1779 1053 qood
1802 985 1915 1036 cuncto

157 1053 212 1108 Est
226 1061 250 1108 et
264 1070 318 1109 nors
332 1059 399 1124 suit,
418 1074 557 1129 maguum
579 1069 609 1115 et
628 1079 758 1132 parvane,
775 1066 912 1137 quoniam
928 1070 1004 1123 Deus
1058 1066 1156 1137 generi
1172 1083 1224 1120 suo
1243 1066 1291 1120 ille
1307 1065 1459 1134 inflixerat,
1476 1073 1619 1138 quatenus
1644 1069 1733 1123 livore
1756 1069 1916 1140 sanguinis

158 1139 241 1196 initio
255 1151 285 1197 st
311 1145 369 1200 ttue
394 1161 504 1212 carens,
535 1151 646 1204 nullum
667 1161 866 1222 augmentum,
891 1157 1003 1210 uultum
1057 1154 1325 1223 suiilludsauuret,
1351 1160 1379 1209 et
1399 1156 1533 1212 unctione
1556 1157 1814 1226 oleigrutiatitlud
1843 1175 1913 1230 per-

159 1228 364 1286 detrimeutum
392 1234 505 1304 recipit,
530 1238 600 1308 quia
625 1238 814 1310 immutabilis
846 1249 897 1299 est.
924 1245 1004 1316 Opus
1058 1244 1199 1311 tunderet,
1229 1259 1262 1298 sc
1284 1259 1337 1314 per
1364 1244 1562 1314 poeniteutiam
1587 1245 1658 1300 illud
1692 1247 1815 1318 ligaret,
1841 1263 1913 1301 cunr

157 1324 256 1374 autam
273 1321 324 1376 liei
344 1322 376 1378 in
396 1329 525 1379 creatura
549 1328 630 1399 prius
642 1345 701 1384 nou
724 1331 891 1399 formatum,
918 1337 1004 1388 modo
1059 1333 1145 1388 horno
1164 1348 1193 1386 se
1221 1347 1352 1404 peccasse
1375 1333 1492 1388 doleret.
1531 1334 1703 1390 vulneratus
1739 1341 1837 1391 autam
1863 1338 1914 1391 de-

159 1406 313 1464 tormotum
327 1419 459 1482 apparet,
474 1418 502 1469 et
515 1430 568 1486 per
582 1422 713 1488 tempora
726 1421 838 1488 transit,
854 1437 884 1476 se
900 1422 931 1476 in
946 1438 1005 1477 ma·
1059 1420 1170 1476 scandit
1183 1421 1371 1492 spiritualiter
1390 1421 1421 1476 iu
1443 1427 1562 1492 puteum
1588 1422 1739 1478 infernalis
1761 1425 1914 1496 prolundi,

156 1497 205 1566 jus
218 1497 375 1568 dilatando,
396 1507 426 1557 et
442 1501 474 1556 in
497 1504 594 1560 minus
607 1522 638 1561 se
657 1509 863 1565 contrahendo.
878 1512 946 1566 Trea
959 1527 1005 1565 er·
1059 1507 1176 1581 illicque
1204 1525 1256 1581 per
1284 1509 1425 1581 plurimos
1454 1509 1508 1565 eibi
1532 1511 1658 1580 attraxit,
1682 1511 1791 1567 scilicet
1815 1511 1914 1567 eidem

160 1602 198 1656 8⁰
213 1587 390 1654 ressensis
406 1590 526 1660 unitata,
543 1609 675 1666 onusque
691 1597 775 1664 lieus,
787 1597 818 1654 in
832 1599 925 1654 tribua
938 1615 1006 1671 per·
1061 1597 1173 1652 interno
1193 1597 1321 1667 primum
1348 1597 1495 1654 bominem
1520 1597 1649 1666 abstulit,
1679 1603 1708 1654 et
1730 1615 1832 1654 omnes
1862 1601 1913 1671 qui

42 1749 48 1760 ἱ
160 1674 240 1728 sonia
266 1676 406 1735 colendus
427 1683 480 1748 est,
496 1683 634 1752 qnoniam
649 1684 711 1755 ipse
736 1687 835 1742 omnia
848 1690 965 1759 creavit,
980 1693 1010 1744 et
1063 1687 1152 1742 Deum
1172 1686 1201 1740 in
1230 1687 1359 1742 moribus
1381 1686 1517 1742 humanas
1540 1687 1766 1743 honoriticentia
1782 1703 1912 1760 unquam

160 1760 218 1815 ’ἥδ
236 1767 288 1828 ⁰³¹2
312 1779 365 1834 per
386 1783 475 1838 quem
494 1770 593 1826 omnia
607 1773 706 1828 vitatis
733 1777 905 1847 procedunt,
929 1779 1009 1850 quod
1062 1775 1227 1846 tetigerant,
1254 1780 1284 1831 et
1302 1791 1351 1831 coe
1373 1776 1403 1830 in
1429 1775 1524 1830 locum
1548 1775 1717 1832 deliciarum
1737 1779 1766 1832 et
1785 1777 1911 1848 gaudio·

161 1849 285 1921 quilibet
298 1853 393 1910 tidelis
410 1854 609 1915 indubitanter
618 1861 660 1916 sic
674 1863 802 1934 accipiet.
818 1864 909 1922 Fideli
920 1868 1007 1922 etiem
1063 1879 1138 1932 rum,
1164 1877 1250 1935 quem
1274 1863 1305 1918 in
1328 1863 1422 1934 primo
1439 1869 1558 1934 parente
1581 1864 1776 1934 perdiderant,
1794 1864 1909 1920 locarit.

161 1939 356 1998 neeessariam
375 1948 430 2012 ast,
453 1961 491 2000 ne
517 1962 535 2001 a
572 1948 629 2004 tide
653 1951 794 2006 catholica
820 1969 851 2008 ss
879 1962 1007 2025 separet;
1064 1953 1118 2008 Sed
1136 1952 1212 2025 quod
1238 1951 1392 2008 distortis
1420 1951 1543 2008 surrexit
1573 1968 1589 2006 a
1619 1957 1711 2009 morte
1739 1952 1913 2009 dormientis

163 2025 213 2080 sed
238 2027 469 2088 incarnationem
490 2033 554 2090 Filii
579 2037 631 2093 liei
653 2053 749 2094 reram
770 2055 832 2095 esse
850 2043 957 2111 credat,
980 2049 1010 2098 ct
1064 2042 1200 2112 eorporis,
1229 2041 1259 2095 in
1287 2041 1341 2096 boc
1367 2045 1426 2096 tres
1452 2055 1587 2112 personas
1600 2040 1717 2096 deitatis
1737 2041 1912 2114 designarit.

163 2112 302 2184 seipsum,
323 2122 469 2190 quomodo
482 2127 595 2179 creatus
609 2125 657 2193 sit,
678 2133 707 2180 et
726 2129 873 2199 quomodo
887 2145 1010 2202 operans
1065 2133 1150 2200 atque
1164 2128 1265 2184 eodem
1288 2141 1406 2198 corpore
1420 2129 1587 2197 ascendens,
1605 2129 1642 2184 ad
1662 2128 1749 2184 coelos
1771 2130 1834 2198 isit,
1859 2129 1914 2184 ibi-

163 2216 267 2271 corpus
289 2219 355 2260 cum
376 2207 508 2264 rationali
533 2211 640 2282 anima,
662 2231 751 2270 unum
776 2216 824 2284 sit,
838 2218 1008 2274 consideret.
1065 2233 1121 2290 que
1131 2217 1309 2274 dominando
1330 2218 1409 2273 sedet
1430 2217 1465 2273 ed
1489 2219 1618 2272 dextram
1640 2218 1741 2287 Petris,
1766 2235 1832 2292 quae
1855 2219 1913 2272 sel·

165 2289 241 2345 Deus
258 2290 336 2348 enim
350 2298 418 2350 ante
436 2303 569 2370 tempore
592 2302 716 2358 formam
740 2305 874 2374 bominis,
899 2307 929 2361 in
952 2324 1010 2380 qna
1065 2307 1140 2360 vatio
1155 2304 1297 2361 credentis
1312 2306 1413 2379 populi
1428 2310 1480 2373 est,
1498 2305 1553 2360 iilis
1570 2305 1655 2362 sitam
1675 2307 1816 2375 tribuens,
1839 2323 1914 2379 quos

165 2393 281 2436 cunam
295 2389 465 2453 msameret,
480 2389 669 2459 praevideram
685 2397 714 2448 ct
730 2393 897 2468 quicunque
912 2396 944 2452 in
957 2397 1011 2452 boc
1065 2393 1204 2465 sanguine
1216 2408 1268 2449 auo
1284 2393 1414 2450 redemit.

164 2465 286 2536 dubitat,
307 2469 435 2543 seipsum
467 2477 594 2548 abnegat
622 2495 630 2535 ε
664 2496 719 2536 nec
740 2482 839 2549 eredit,
877 2485 957 2558 quod
979 2485 1011 2542 in
1100 2482 1176 2538 litbi
1190 2497 1289 2538 omnes
1303 2488 1370 2538 ante
1390 2486 1521 2554 tempora
1546 2483 1677 2538 omnium
1699 2483 1911 2556 principiorum

165 2556 279 2612 durabue
299 2561 410 2618 naturis
432 2565 538 2621 animm
562 2575 592 2623 et
613 2569 742 2642 corporis
762 2577 887 2643 pertres
908 2575 1011 2630 modos
1065 2570 1191 2642 praesciti
1210 2575 1287 2638 eunt,
1313 2571 1450 2641 quoniam
1480 2571 1605 2626 Verbum
1632 2571 1733 2639 Patris,
1759 2589 1812 2644 per
1834 2575 1913 2645 quod

166 2659 241 2698 uuus
255 2646 343 2704 bomo
357 2656 416 2720 est;
440 2654 548 2725 quiesi
574 2673 663 2712 unum
679 2661 715 2715 de
728 2661 822 2717 tribus
841 2661 914 2733 istis,
931 2664 1011 2719 scili·
1065 2661 1155 2714 ornnio
1168 2663 1319 2726 [αιιιιιιιιιι
1333 2661 1428 2732 (Joon.
1447 2659 1476 2732 ι),
1501 2675 1618 2715 munem
1639 2659 1744 2726 indust,
1767 2667 1800 2716 ut
1813 2662 1913 2717 bomi-

166 2738 330 2807 cetenima,
348 2755 468 2813 corpore
494 2748 523 2799 et
541 2747 743 2818 rationalitate,
773 2751 938 2823 dequibus
961 2754 1012 2810 bo-
1060 2763 1131 2804 nem
1152 2763 1238 2820 quem
1261 2750 1443 2816 formaverat,
1465 2748 1630 2804 redimeret
1651 2747 1730 2804 idem
1748 2755 1848 2805 autem
1870 2751 1915 2806 Fi-

167 2837 216 2880 mo
237 2833 359 2897 constat,
380 2830 502 2900 deesset,
528 2833 616 2891 bomo
640 2845 802 2895 sonasset.
828 2842 899 2896 Nam
924 2843 1011 2899 homo
1065 2837 1122 2892 lius
1135 2839 1195 2901 liei,
1211 2838 1240 2893 iu
1256 2839 1314 2894 tine
1327 2837 1423 2893 soeculi
1445 2837 1542 2908 justus
1561 2837 1649 2908 judex
1667 2837 1764 2892 veniet
1781 2836 1914 2908 judicare

166 2912 360 2972 rationalisin
384 2921 483 2975 anima
501 2927 552 2992 est,
581 2940 646 2996 quas
674 2927 705 2981 in
728 2943 848 3000 corpore
875 2931 1013 3002 quenlibet
1029 2947 1050 3002 C
1065 2926 1143 2980 visos
1157 2931 1336 2994 etmortuos,
1350 2925 1429 2981 viros
1444 2923 1561 2993 scilicet,
1580 2925 1631 2997 qui
1653 2941 1727 2996 opus
1751 2925 1818 2981 tidei
1841 2943 1908 2998 ope-

166 3016 231 3057 cum
260 3020 331 3060 sono
357 3007 511 3065 verborum
544 3013 673 3082 ρει-θιὼ
707 3016 847 3088 quoniam
874 3025 1013 3076 creaturas
1066 3021 1172 3083 rentes,
1189 3016 1219 3070 iu
1235 3016 1335 3072 sudeus
1351 3031 1436 3086 opere
1450 3015 1526 3070 bono
1547 3013 1657 3069 inuenti
1671 3017 1761 3070 sunt:
1783 3022 1913 3072 mortuos

167 3090 279 3152 homiui
302 3092 416 3161 adsum,
443 3100 690 3168 quemadmodum
713 3104 786 3158 rami
810 3105 918 3173 arbori,
944 3109 1012 3179 quia
1067 3109 1174 3172 autem,
1199 3104 1250 3176 qui
1274 3120 1362 3176 opera
1385 3103 1485 3159 mortis
1510 3118 1563 3175 per
1586 3101 1785 3158 infidelitatem
1801 3105 1912 3175 operati

168 3177 255 3232 bomo
282 3197 340 3238 non
364 3183 427 3239 sine
450 3187 563 3258 relique
588 3197 729 3258 creatura,
750 3191 824 3246 sicot
847 3209 900 3248 nec
926 3194 1014 3248 arbor
1067 3197 1143 3259 sunt,
1158 3207 1223 3246 cum
1242 3190 1270 3246 iu
1291 3207 1358 3246 voce
1372 3191 1529 3246 vocationis
1551 3191 1681 3246 canentis
1709 3191 1797 3259 tabes,
1825 3194 1913 3250 bomo

166 3268 277 3338 absq„
289 3271 377 3325 ramis
390 3279 503 3329 creatus
518 3282 571 3331 est.
1066 3280 1159 3336 eidem
1178 3279 1248 3336 Filio
1264 3280 1314 3337 liei
1335 3295 1388 3352 per
1403 3279 1545 3351 judicium
1556 3285 1592 3338 ut
1608 3279 1764 3334 scabellum
1779 3280 1912 3352 subjece-

202 3355 236 3410 ln
254 3357 372 3414 scritate
389 3377 460 3432 ergo
474 3370 552 3419 recta
565 3366 638 3421 tides
658 3373 701 3422 est
715 3369 793 3439 quod
819 3368 947 3426 Christus
960 3373 1013 3427 liei
1066 3369 1119 3436 bit,
1144 3369 1283 3441 quoniam
1306 3373 1375 3424 tunc
1403 3383 1470 3422 eum
1495 3367 1628 3432 videndo,
1655 3367 1708 3439 qui
1728 3367 1835 3438 dignus
1859 3375 1910 3436 est,

168 3442 267 3511 Filius,
282 3451 348 3503 ante
362 3453 492 3522 tempora
517 3459 612 3522 ustos,
630 3457 704 3511 tiens
721 3461 775 3523 eat,
800 3463 830 3514 et
851 3459 938 3516 ctiam
960 3476 1014 3532 per
1066 3457 1221 3530 cognoscit.
1244 3459 1314 3513 Nam
1337 3456 1366 3512 in
1382 3457 1505 3512 adventu
1523 3454 1629 3528 judicis
1647 3454 1745 3525 hujus,
1771 3471 1823 3526 per
1837 3473 1911 3528 pree-

167 3530 370 3593 indumentum
385 3541 479 3596 carnis
492 3557 575 3598 verus
589 3545 676 3600 homo
690 3551 743 3600 est.
759 3547 835 3602 [iens
854 3548 953 3620 itaque
968 3553 1013 3606 est
1067 3545 1153 3600 latam
1174 3545 1362 3612 vocationem,
1386 3543 1493 3599 mortui
1511 3559 1576 3598 cum
1599 3543 1768 3614 corporibus
1787 3545 1848 3599 suis
1866 3563 1911 3601 re·

90 3696 94 3705 ,
167 3635 202 3674 er
228 3622 388 3682 substantia
415 3629 516 3696 Petris,
545 3633 683 3704 quonism
717 3633 759 3688 illi
794 3634 857 3692 siue
882 3642 1012 3708 ternpore
1066 3631 1453 3705 surgent3quemedmodum
1468 3630 1555 3686 etiam
1571 3645 1623 3702 per
1636 3645 1740 3686 sonam
1754 3631 1834 3686 verbi
1850 3633 1911 3698 Ilei,

167 3714 325 3766 coaternus
356 3720 386 3770 et
411 3718 567 3789 aurequelis
590 3727 643 3788 est,
672 3729 739 3776 ante
766 3723 861 3777 secula
885 3724 1011 3794 genitus,
1066 3721 1160 3777 omnis
1192 3725 1322 3775 creatura
1349 3719 1505 3791 processit;
1532 3724 1561 3774 et
1595 3733 1696 3773 omnes
1725 3719 1760 3772 de
1784 3721 1913 3796 propriis
1974 3729 1975 3762 t

145 3795 339 3880 ‘quiaomru'u
355 3817 405 3871 per·
425 3807 518 3873 ipson
535 3809 688 3874 (ortosunt
710 3809 806 3879 (Joon.
824 3817 861 3878 ι);
885 3813 933 3866 sed
960 3827 1013 3884 per
1066 3808 1201 3880 operibus
1226 3807 1296 3874 suis,
1321 3823 1385 3882 qmu
1415 3809 1444 3863 in
1474 3807 1613 3863 morituro
1649 3823 1770 3880 corpore
1799 3809 1912 3878 operati

167 3883 387 3958 humaflimssffls
412 3907 479 3963 tlttoe
512 3899 628 3967 tempos
665 3897 759 3965 babet,
790 3915 824 3954 ex
851 3899 1012 3957 substantia
1066 3902 1142 3965 sunt,
1156 3895 1245 3968 judici
1267 3913 1318 3954 suo
1345 3897 1571 3968 respondebunt,
1594 3911 1647 3951 uec
1670 3897 1747 3951 ullus
1771 3913 1801 3950 se
1825 3913 1911 3952 ereu-

168 3973 268 4028 matris
280 3976 367 4033 bomo
388 3985 432 4035 est
456 3996 464 4034 ι
485 3981 548 4052 ipse
570 3984 678 4040 atenim
699 3985 802 4054 plenus
824 3987 957 4044 lleusest
980 3989 1011 4043 iu
1066 4001 1129 4040 sare
1166 3985 1281 4057 poterit,
1316 3985 1384 4058 quie
1414 3985 1612 4057 unusquisque
1641 3999 1729 4055 opero
1757 4001 1820 4050 sue,
1846 4003 1912 4057 que

166 4059 334 4132 integritate
357 4069 527 4124 aeternitatis
547 4072 708 4144 plenusque
731 4074 819 4129 bomo
840 4091 907 4130 eum
923 4075 1010 4132 ratio·
1066 4074 1146 4146 prius
1160 4091 1190 4128 se
1220 4073 1318 4128 lenisse
1340 4078 1451 4129 tantum
1479 4073 1595 4140 sciebat,
1619 4075 1688 4128 tunc
1708 4075 1912 4144 cognoscendo

169 4147 227 4203 rrali
247 4150 346 4207 anima
367 4160 396 4210 at
417 4173 503 4212 carne
525 4161 643 4225 muuda,
668 4167 696 4216 et
724 4161 834 4234 absque
853 4165 914 4218 ulta
935 4165 1011 4220 virili
1067 4163 1161 4233 palam
1190 4161 1306 4228 videbit,
1335 4161 1472 4235 quoniam
1493 4159 1563 4232 ipsis
1587 4159 1715 4214 velutin
1739 4158 1914 4214 indumento

167 4238 366 4297 commistione
385 4241 520 4300 bumana
538 4253 660 4315 naturas,
675 4252 762 4320 elque
783 4253 938 4323 coequalis
960 4255 1010 4308 Pa·
1029 4240 1118 4314 Dest,
1135 4249 1211 4305 auda
1226 4249 1313 4304 etille
1327 4264 1394 4304 eum
1411 4249 1518 4322 ubique
1533 4253 1700 4321 sequentur.
1720 4248 1753 4302 Et
1766 4248 1818 4319 qui
1835 4248 1913 4319 justa

167 4325 205 4380 tri
218 4325 249 4382 in
263 4330 422 4386 aeternitate
440 4332 598 4391 divinitatis
618 4343 673 4404 est,
694 4338 788 4394 minor
810 4345 907 4396 autem
929 4357 965 4397 co
981 4342 1009 4396 in
1065 4345 1093 4395 et
1108 4345 1184 4393 recta
1200 4354 1288 4409 opere
1311 4339 1450 4403 lecerunt,
1473 4337 1558 4393 ibunt
1579 4338 1609 4392 in
1634 4337 1776 4408 mojorem
1800 4338 1914 4391 clarita-

167 4414 356 4488 humanitate,
372 4437 438 4493 quae
452 4427 566 4494 terupus
583 4425 678 4481 babet.
701 4427 735 4481 Et
748 4426 810 4498 ipso
825 4428 900 4484 Dens
915 4433 945 4484 et
958 4430 1009 4485 bo·
1065 4433 1123 4484 tem
1142 4428 1217 4496 vitre,
1233 4442 1319 4498 quam
1341 4427 1452 4482 mundo
1473 4427 1539 4481 huic
1568 4426 1610 4480 sol
1628 4425 1733 4492 luceat,
1757 4425 1912 4480 animabus

167 4519 216 4560 mo
236 4505 371 4575 existens,
387 4525 447 4565 uon
465 4511 497 4566 in
517 4517 590 4568 duos
610 4513 719 4569 diuisus
737 4523 789 4582 ast,
812 4516 861 4572 aad
881 4533 955 4572 unus
967 4523 1011 4572 est
1065 4533 1164 4574 eorum
1185 4515 1276 4587 gratia
1298 4515 1458 4584 illustratis,
1475 4515 1594 4571 undeet
1616 4514 1713 4586 angeli
1731 4513 1820 4568 baum
1846 4514 1910 4569 luo·

165 4592 305 4662 Christus,
321 4603 486 4654 nontamen
501 4617 553 4672 per
572 4603 828 4660 commutationem
851 4605 1010 4662 divinitatis
1064 4608 1140 4668 daut,
1158 4606 1227 4677 quia
1241 4604 1288 4659 isti
1303 4611 1361 4659 tam
1376 4619 1480 4674 magna
1502 4619 1589 4676 opera
1604 4603 1715 4674 operati
1729 4608 1806 4670 sunt,
1830 4605 1910 4675 quod

165 4679 336 4752 incernam,
351 4687 400 4742 sed
421 4703 474 4758 per
495 4691 720 4762 assumptionem
743 4693 838 4750 carnis
860 4710 949 4766 quam
963 4696 1009 4751 di·
1063 4695 1104 4752 eis
1136 4695 1261 4765 gloriose
1291 4693 1515 4758 circumdentur,
1549 4691 1627 4746 velut
1658 4691 1746 4747 bomo
1784 4691 1912 4762 pretiosa

166 4769 269 4826 vinitas
302 4773 357 4828 sibi
391 4776 533 4846 adjunxit,
562 4787 592 4834 et
619 4797 707 4852 qnam
739 4783 867 4838 claritate
893 4799 943 4838 sua
968 4785 1010 4840 sie
1064 4785 1139 4835 reste
1162 4797 1219 4852 que
1240 4780 1380 4835 induitur.
1405 4779 1649 4834 innumerabilem
1673 4792 1789 4850 quoque
1813 4777 1911 4832 multi-

165 4860 321 4930 pertundit,
337 4868 369 4919 ut
381 4865 480 4920 radius
494 4867 562 4922 solis
580 4867 610 4923 in
625 4871 685 4925 sole
700 4871 776 4926 locet
796 4888 804 4926 r
820 4887 873 4927 nec
893 4873 932 4927 ob
955 4872 1010 4928 boo
1063 4869 1191 4924 tudinem
1207 4869 1357 4925 bominum
1370 4869 1498 4935 illorum,
1513 4867 1563 4940 qui
1578 4871 1646 4922 ante
1659 4867 1747 4921 tinem
1763 4881 1848 4920 suum
1864 4867 1909 4922 rel

165 4947 223 5002 ulla
244 4951 410 5008 conioaiooe
433 4955 592 5011 substantia
612 4958 778 5026 divinitatis,
802 4975 853 5015 seu
875 4961 1008 5016 substau-
1061 4957 1148 5012 etiem
1168 4957 1198 5014 in
1213 4957 1334 5013 lissesuo
1349 4956 1548 5029 paenitentiam
1574 4953 1697 5026 perlecta
1718 4959 1851 5025 egereret,
1875 4971 1909 5008 ac

164 5034 206 5090 tia
224 5037 319 5093 caruis
344 5040 375 5096 in
399 5041 522 5098 invicem
549 5045 674 5101 anese
696 5052 780 5114 suut;
807 5047 858 5104 sed
886 5049 916 5104 iu
942 5065 1008 5104 rere
1062 5048 1151 5102 Deum
1168 5047 1199 5102 in
1218 5046 1341 5118 peccatis
1355 5046 1416 5101 suis
1434 5044 1555 5100 confessi
1570 5049 1646 5110 siant,
1671 5042 1759 5097 lilius
1780 5042 1909 5097 bominis

165 5123 273 5182 erma
299 5143 439 5199 persone,
461 5147 537 5188 unos
554 5139 600 5189 cst
624 5134 765 5200 Christus,
788 5151 872 5192 serus
889 5137 939 5194 liei
960 5139 1008 5194 lii-
1061 5135 1091 5190 in
1110 5135 1251 5208 sanguine
1269 5151 1321 5190 suo
1335 5134 1372 5191 ad
1392 5151 1423 5190 se
1441 5133 1571 5201 elevabit,
1594 5137 1624 5187 et
1638 5131 1792 5204 unicuique
1807 5146 1907 5186 secun·

165 5212 229 5270 lius.
243 5214 290 5271 Sic
301 5216 380 5272 enim
396 5217 427 5274 iu
449 5220 586 5276 rationali
599 5222 698 5278 anima
718 5224 797 5279 nulls
820 5225 1008 5282 commutatio
1060 5223 1129 5279 dum
1144 5239 1231 5296 opera
1250 5239 1302 5279 sua
1316 5221 1477 5278 mercedem
1491 5221 1522 5277 ia
1537 5219 1595 5276 sita
1608 5219 1755 5276 retribuet.
1769 5219 1824 5276 Sed
1838 5220 1906 5274 mali
1972 5295 1973 5298 Ἴ

165 5316 344 5369 peromnem
359 5305 483 5363 bominis
503 5315 557 5378 est,
578 5311 650 5381 qoin
672 5311 735 5382 ipsa
752 5311 1007 5385 rationalisspira-
1060 5312 1096 5369 de
1117 5309 1382 5384 injustisoperibus
1400 5311 1460 5366 suis
1482 5309 1593 5365 nnllam
1619 5307 1832 5364 excusationem
1858 5307 1909 5362 be·

165 5388 287 5445 'desita
310 5393 379 5459 Deo,
401 5411 467 5459 quos
480 5400 1004 5471 totumcmpusbominiepertundit,
1060 5401 1160 5456 bontas
1193 5407 1221 5456 et
1249 5401 1317 5472 quid
1348 5400 1443 5455 dicere
1465 5397 1775 5470 possisnnaseieutes,
1802 5401 1831 5451 et
1856 5411 1906 5467 qm

162 5490 190 5532 et
212 5493 277 5549 quse
301 5489 401 5536 cuncto
425 5490 674 5558 operaoperauti,
696 5489 823 5545 bominis
842 5496 953 5558 moret;
978 5497 1006 5545 et
1060 5505 1111 5561 per
1136 5495 1210 5542 artes
1232 5486 1337 5544 diaboli
1368 5489 1518 5542 sinrulsern
1549 5487 1751 5548 edomuerunt,
1781 5489 1810 5538 et
1837 5501 1904 5540 rum
