3984 6034
202 200 253 254 isit
929 195 957 248 S.
979 193 1224 249 titiliuctttttlts.
1903 197 1962 249 terr

200 330 339 396 drrrrutur,
357 331 385 381 et
407 325 527 382 camilli
553 341 604 396 ρετ
629 341 694 380 eum
718 325 830 380 claritas
849 325 940 380 beatu
958 324 1047 380 hrero-
1065 328 1193 394 Agerius
1222 325 1380 380 humanum
1409 325 1503 398 perire
1532 327 1721 399 properarit:
1749 327 1903 402 ubisuper
1920 328 1962 383 di·

200 415 345 472 ditatisde
368 431 425 488 qna
446 415 663 486 primuslromo
687 414 820 486 expulsus
843 417 884 467 est
907 414 1044 484 aperitur,
1103 413 1210 468 luviem
1235 430 1328 469 aream
1366 415 1467 478 erexit,
1497 415 1635 488 quoniam
1659 424 1725 472 ante
1751 419 1855 472 amenta
1877 433 1959 489 pruc-

197 505 259 577 ipse
295 504 404 559 seilicet
436 503 608 558 admonetur
642 518 695 575 ρετ
726 501 812 556 rerba
842 502 981 566 veritatis,
1017 507 1045 555 nt
1102 501 1344 574 riditqnodpost
1363 503 1581 576 illudiniqnum
1611 521 1701 576 genus
1722 507 1797 578 qnod
1822 509 1961 560 setcter-

199 594 323 666 deponat
343 596 468 648 vaterem
505 591 745 647 consuetudinem
766 590 935 663 iniquitatis,
961 595 990 646 et
1016 596 1046 645 ut
1102 590 1174 645 rima
1195 589 1350 663 iniquitate
1383 591 1533 664 pollueret,
1563 609 1638 648 nova
1665 583 1778 649 soboles
1798 611 1959 665 exsurgere

198 687 324 739 assumat
365 697 471 737 novum
508 681 616 736 donum
652 680 752 752 gratim
781 679 816 734 ad
846 679 1044 734 salvationem.
1102 679 1210 735 debuit.
1248 681 1318 734 Nam
1357 687 1421 753 post
1460 682 1612 738 transitum
1640 683 1718 750 ndu,
1749 699 1840 755 genus
1860 685 1959 755 ipsius

196 772 252 828 Sed
268 772 346 844 quod
371 769 494 825 intentes
516 768 566 842 qui
592 773 721 824 ventrem
743 767 879 840 imaginis
898 767 1047 824 subierant
1101 765 1236 852 ignorans
1272 769 1347 840 quod
1379 785 1431 840 ego
1462 771 1536 826 Deus
1569 787 1644 841 sum,
1677 774 1801 840 errabat,
1832 773 1955 828 dicens:

196 861 228 915 in
254 859 406 931 splendore
441 857 490 930 qui
517 871 579 912 earn
619 855 843 912 circumfuderat
867 855 1043 910 ambulant:
1101 857 1170 922 Quis
1197 862 1240 912 est
1262 857 1439 923 natisionis
1462 863 1505 914 est
1536 860 1632 915 Deus?
1653 861 1684 916 lit
1708 867 1775 916 tuuc
1803 861 1957 917 oriebatur

196 949 252 1004 lroc
273 951 316 1002 est
337 947 415 1019 quod
435 946 457 1001 ii
489 961 613 1018 quorum
644 950 737 1000 mater
760 945 827 1000 felix
852 945 975 1000 Ecclesia
994 960 1047 1016 per
1103 946 1204 1001 inillis
1231 963 1316 1001 oraine
1338 947 1471 1002 melum:
1497 947 1628 1021 itaquod
1648 949 1789 1004 intereos
1814 950 1955 1021 antiquus

197 1037 306 1093 iontem
338 1035 409 1091 sacri
447 1034 627 1107 baptismatis
658 1023 763 1100 existit3
794 1035 823 1087 in
856 1034 920 1105 lege
949 1033 1046 1088 divina
1101 1051 1220 1106 serpens
1248 1035 1339 1089 soluta
1364 1040 1505 1106 potestate
1533 1037 1669 1103 cucurrit,
1693 1037 1818 1092 suadens
1844 1038 1956 1093 iltisut

197 1126 370 1198 quaeudem
394 1129 488 1180 mater
517 1123 658 1179 illustrata
682 1127 711 1177 et
733 1121 1047 1178 ornatueosinstruxit
1101 1124 1411 1179 omnemvoluntatem
1434 1125 1497 1196 ejus
1519 1127 1677 1198 explerent.
1707 1127 1861 1198 lpseenim
1883 1132 1955 1182 tunc

196 1231 367 1288 permanere
392 1218 479 1284 etque
511 1228 574 1267 eam
614 1227 782 1267 conservare
816 1210 930 1279 debent,
958 1225 994 1266 ne
1022 1211 1045 1266 si
1101 1212 1244 1267 avincula
1264 1211 1395 1284 ligaturae
1424 1214 1534 1268 solutus
1562 1219 1643 1270 erat:
1670 1214 1710 1270 ita
1737 1214 1813 1288 quod
1838 1213 1866 1270 ei
1884 1220 1953 1271 ante

196 1320 259 1359 eum
285 1302 440 1362 infideliter
465 1301 624 1374 abjecerit:
649 1315 764 1356 rursum
789 1299 913 1371 peccatis
939 1315 955 1354 a
980 1299 1046 1372 qui·
1100 1299 1239 1355 diluvium
1268 1316 1325 1355 nou
1354 1301 1468 1356 minans
1492 1303 1694 1358 adversabatur
1706 1303 1865 1358 admonitio
1891 1303 1954 1376 Spi-

195 1393 249 1448 bus
273 1391 404 1447 mundati
432 1395 515 1445 crant
538 1389 738 1463 inquinentur.
774 1387 855 1444 Unde
883 1386 968 1442 eliam
996 1386 1046 1441 illa
1102 1389 1173 1444 ritus
1196 1388 1295 1455 saneti,
1315 1392 1348 1443 ut
1375 1388 1418 1444 illi
1434 1389 1599 1445 adversatus
1615 1406 1676 1446 sum
1704 1389 1734 1446 in
1751 1392 1820 1460 Noe,
1844 1391 1875 1446 in
1891 1407 1951 1464 quo

197 1479 403 1552 benignissime
438 1495 485 1534 eos
520 1479 637 1533 intuens
676 1477 751 1532 tristi
772 1493 840 1532 roeo
864 1475 943 1544 dicit,
968 1475 1045 1547 quod
1101 1494 1174 1533 nova
1195 1478 1309 1533 soboles
1339 1483 1516 1535 exortaest:
1542 1497 1607 1535 curn
1625 1481 1767 1552 populum
1793 1486 1951 1536 meumta·

195 1570 236 1624 illi
256 1569 308 1624 lilii
327 1567 371 1623 sui
385 1583 501 1624 rursum
525 1572 707 1623 revertentur
735 1565 766 1621 iu
790 1566 954 1637 pulverem
977 1563 1046 1636 quia
1100 1565 1166 1619 liter
1194 1564 1304 1620 erudivi
1337 1566 1413 1637 qnod
1450 1567 1619 1621 eruditionis
1648 1567 1726 1622 iltius
1758 1582 1815 1623 non
1843 1569 1952 1640 poterit

195 1658 297 1714 cadem
319 1657 404 1712 beata
431 1662 523 1712 mater
551 1656 617 1712 illos
643 1654 777 1710 interiori
800 1653 955 1710 dilectione
982 1652 1043 1708 dili·
1064 1630 1234 1710 Boblivisci.
1263 1653 1332 1709 iiam
1360 1655 1517 1710 admonitio
1550 1655 1674 1728 Spiritus
1694 1655 1796 1722 sancti,
1818 1657 1949 1728 primum

195 1762 266 1818 gens
291 1762 324 1800 ac
353 1745 394 1800 eis
419 1761 453 1800 cx
480 1744 592 1800 intimis
607 1743 762 1800 visceribus
784 1742 951 1811 condolens,
972 1756 1045 1795 con·
1098 1741 1141 1796 illi
1159 1741 1190 1796 in
1216 1741 1273 1795 Noe
1303 1740 1413 1796 minata
1446 1748 1504 1810 est;
1526 1749 1627 1815 postea
1646 1747 1743 1798 antem
1767 1744 1949 1799 circumcisio

194 1833 327 1907 queritur
348 1833 426 1906 quod
450 1832 506 1905 ipsi
529 1847 601 1905 quos
622 1831 654 1887 in
679 1833 790 1887 lavacro
818 1829 1044 1901 regenerationis
1098 1829 1129 1885 in
1148 1829 1293 1885 maxillam
1318 1831 1559 1902 percussurum,
1588 1831 1617 1886 iu
1646 1831 1807 1899 Abrabam
1842 1833 1948 1889 deinde

195 1923 306 1996 genuit,
335 1922 460 1978 mundos
494 1921 626 1977 videlicet
660 1921 691 1976 iu
718 1918 880 1975 celestibus
918 1918 1043 1986 ciiectos,
1097 1933 1164 1972 uero
1190 1917 1312 1972 Ecclesia
1339 1917 1438 1988 ligavit
1462 1919 1491 1973 in
1518 1919 1671 1974 novissimo
1701 1928 1830 1993 ternpore
1856 1937 1947 1992 usque

193 2013 300 2068 iterum
321 2008 443 2067 terrenis
478 2010 570 2067 causis
605 2009 749 2064 inhiantes
778 2007 955 2081 inpeccatis
981 2023 1043 2063 sor·
1098 2002 1166 2057 dum
1190 2008 1368 2074 pertranseat
1388 2008 1512 2063 mundus
1533 2007 1563 2062 in
1594 2007 1695 2062 ultimo
1723 2007 1779 2064 die.
1810 2007 1863 2063 Scd
1893 2025 1947 2080 ego

194 2101 320 2158 desceut.
348 2097 518 2165 Quomodo?
533 2098 605 2164 Quia
629 2097 712 2154 multi
726 2098 814 2153 iidem
835 2096 959 2153 exterius
972 2112 1043 2169 per·
1097 2092 1215 2164 permisi
1241 2093 1388 2150 diabolum
1410 2101 1578 2168 potestatem
1608 2112 1690 2152 suam
1718 2102 1784 2153 ante
1804 2097 1945 2152 diluvium

194 2190 356 2262 cipientes:
379 2186 500 2244 interius
532 2203 597 2242 earn
618 2186 738 2242 dirersis
762 2185 839 2241 vitiis
858 2185 1042 2258 impugnant,
1098 2196 1228 2238 exercere
1265 2182 1295 2237 iu
1319 2183 1437 2253 mundo,
1468 2189 1585 2257 propter
1622 2185 1774 2258 antiquum
1801 2191 1947 2242 certarnen

194 2279 287 2352 magis
316 2279 392 2333 viam
429 2274 534 2332 erroris
570 2291 658 2348 quarn
697 2275 773 2330 viam
814 2274 941 2330 veritatis
980 2289 1044 2345 gra·
1098 2287 1155 2343 quo
1175 2270 1277 2326 devicit
1305 2273 1395 2328 Adam
1424 2274 1515 2329 donee
1541 2279 1669 2329 ventrem
1697 2291 1781 2330 suurn
1809 2275 1946 2331 cadavere

194 2369 316 2436 dientes,
344 2383 379 2422 ex
402 2365 508 2438 quibus
527 2369 625 2420 tamen
649 2363 799 2436 piurimia
823 2363 946 2419 falsitate
968 2361 1043 2417 resi·
1097 2357 1191 2412 omnis
1216 2357 1376 2430 iniqnitatis
1414 2361 1558 2431 implavit3
1587 2366 1616 2416 et
1645 2362 1699 2417 hoe
1725 2363 1789 2418 ideo
1815 2363 1944 2434 pormio,

192 2457 319 2529 piscunt,
338 2453 458 2526 plurimi
472 2452 559 2508 etiam
579 2452 608 2507 in
633 2451 784 2525 iniquitate
806 2453 1044 2525 permanent3ut
1097 2445 1165 2517 quic
1181 2449 1291 2516 ireseum
1318 2452 1361 2504 est
1384 2447 1525 2520 judicium
1543 2465 1650 2506 meum.
1680 2450 1759 2506 Unde
1788 2451 1872 2506 etiam
1890 2467 1945 2522 ego

194 2546 288 2601 etilla
312 2547 405 2600 mater
424 2541 518 2598 rerbis
542 2542 602 2597 suis
620 2558 684 2614 quae
709 2557 797 2614 supra
819 2541 943 2597 adducta
963 2543 1041 2607 sunt,
1097 2534 1228 2590 suscitavi
1268 2551 1356 2608 aqrras
1387 2537 1498 2608 diluvii,
1524 2543 1552 2593 et
1580 2543 1742 2610 peccatores
1770 2538 1870 2606 occidi,
1900 2556 1946 2594 re-

195 2635 384 2690 demonstmt„
1097 2639 1213 2678 servans
1235 2624 1265 2678 iu
1304 2626 1440 2697 mysterio
1474 2643 1549 2696 meo,
1586 2642 1673 2699 quern
1706 2627 1782 2683 idem
1825 2627 1947 2684 Satanas

229 2722 300 2776 Nam
320 2719 378 2776 duo
400 2717 484 2789 sigua
506 2717 578 2788 tegis
593 2715 774 2791 signatorum
796 2716 901 2772 tradita
916 2730 1040 2772 noscuu-
1096 2712 1253 2784 exspoliare
1276 2727 1334 2768 nou
1360 2715 1466 2786 potuit,
1490 2715 1626 2788 quoniam
1657 2717 1687 2772 in
1714 2717 1861 2772 voluntate
1881 2733 1946 2772 rnea

192 2814 240 2867 tur
271 2807 451 2874 hominibus,
489 2806 597 2861 seilicet
630 2805 809 2862 circumcisio
850 2805 880 2860 iu
914 2802 1042 2876 antiquis
1096 2816 1183 2872 super
1201 2801 1341 2857 diluvium
1371 2808 1442 2859 erat.
1474 2804 1507 2860 Et
1524 2820 1577 2877 ego
1606 2805 1752 2876 designari
1783 2803 1813 2860 iu
1836 2805 1946 2862 diluvio

192 2897 333 2972 patribus,
361 2900 390 2951 et
426 2895 587 2966 baptismus
614 2893 644 2950 iu
683 2894 765 2950 novis
791 2892 966 2961 doctoribus,
989 2908 1042 2964 per
1061 2889 1286 2981 erectissimum
1304 2906 1433 2962 germen,
1466 2891 1598 2948 videlieet
1625 2892 1728 2948 Filium
1751 2909 1846 2948 meum
1868 2909 1945 2949 noro

193 3003 257 3060 quae
282 2984 390 3057 ingrati
412 2986 478 3039 suut
501 2982 635 3038 homiues
663 2986 696 3037 ut
713 2981 764 3038 bos
787 2981 859 3053 jugo
883 2995 950 3047 suo;
968 2995 1041 3051 quo·
1096 2978 1199 3033 smeulo
1229 2979 1427 3051 praenuntians
1447 2995 1525 3049 euru,
1549 2981 1598 3053 qui
1627 2981 1745 3037 silenter
1774 2981 1890 3038 veniens
1911 2983 1945 3038 in

192 3075 272 3130 niam
298 3070 430 3144 quamvis
456 3069 504 3124 illo
531 3068 648 3124 stimulo
671 3068 874 3140 corriperetur,
903 3081 1041 3122 curruum
1096 3066 1248 3134 mundum,
1268 3072 1394 3123 sanctam
1420 3069 1589 3124 Trinitatem
1612 3069 1806 3126 manifestavit
1824 3073 1945 3127 voracis-

192 3169 291 3218 tauaen
314 3158 426 3215 sulcum
445 3157 595 3213 induceret
611 3157 636 3212 si
647 3157 719 3229 jugo
735 3172 792 3211 uon
808 3162 882 3211 esset
895 3157 1038 3230 alligatus.
1095 3153 1166 3209 sime
1183 3156 1340 3212 colendam.
1358 3156 1528 3223 Quomoeot

191 3249 284 3308 Simili
321 3247 407 3303 uredo
444 3261 503 3301 uon
536 3245 704 3301 incederent
735 3245 866 3300 homines
892 3261 945 3317 per
980 3247 1041 3302 rias
1130 3245 1198 3298 Tres
1213 3245 1272 3299 alas
1286 3245 1411 3301 ostendit
1425 3262 1489 3319 quoe
1504 3251 1630 3302 sanctam
1645 3247 1815 3304 Trinitatem
1828 3248 1943 3322 signid-

191 3353 281 3405 meas,
304 3335 329 3391 si
353 3350 412 3390 non
428 3338 523 3390 essent
550 3333 632 3405 ligati
650 3333 720 3405 jugo
744 3333 892 3405 signorum
908 3350 1037 3390 suorum.
1094 3335 1176 3388 caut:
1195 3333 1244 3388 ubi
1267 3339 1299 3390 tu
1324 3333 1473 3408 synagoga
1491 3352 1537 3392 me
1564 3337 1684 3409 negabis
1698 3342 1726 3393 et
1753 3337 1803 3393 ubi
1831 3339 1943 3396 alienus

191 3429 249 3482 ltoe
275 3425 332 3480 tale
360 3427 402 3479 est
431 3422 507 3478 relat
534 3421 558 3477 si
583 3422 698 3493 juvenis
713 3421 816 3494 aliquis
830 3418 977 3479 incederet
995 3424 1041 3479 ria
1094 3421 1217 3492 populus
1241 3437 1287 3477 me
1308 3424 1452 3496 suscipiet,
1480 3425 1529 3481 ubi
1554 3431 1583 3480 et
1606 3431 1679 3494 tu,o
1704 3426 1859 3496 Abrabam,
1879 3443 1944 3484 rna-

190 3515 299 3588 aliqua,
319 3515 444 3583 etpater
468 3511 531 3583 ejus
547 3509 574 3566 ei
594 3510 723 3567 diceret:
751 3511 875 3566 Ambula
900 3515 977 3568 recto
991 3512 1039 3568 iti·
1094 3508 1284 3580 guitieeberis.
1324 3511 1347 3568 0
1378 3513 1532 3583 Abrabam,
1557 3516 1588 3569 tu
1613 3531 1643 3570 es
1670 3514 1861 3571 circumdatus
1887 3517 1945 3572 cir-

190 3619 270 3673 nere,
294 3607 322 3658 et
345 3605 443 3656 menen
482 3615 541 3656 uon
570 3599 651 3656 daret
677 3597 721 3656 illi
744 3599 873 3671 gladium
902 3617 955 3656 nee
981 3602 1041 3659 alia
1093 3596 1280 3665 eumcisioue,
1310 3601 1342 3653 tu
1368 3614 1397 3654 es
1426 3603 1457 3653 nt
1491 3615 1574 3655 muro
1599 3605 1697 3672 septus
1724 3602 1819 3657 Veteri
1844 3603 1945 3660 Testa·

189 3691 327 3748 bellicosa
351 3703 441 3757 arma,
471 3685 578 3760 quibus
596 3685 620 3742 si
644 3687 992 3758 occurreretperieulum,
1009 3703 1039 3746 se
1092 3689 1199 3754 mento,
1226 3691 1254 3740 lu
1285 3702 1315 3742 es
1340 3692 1458 3742 ornatus
1485 3704 1588 3744 aurora
1615 3689 1685 3744 solis
1714 3691 1853 3746 Ecclesiae.
1873 3691 1943 3764 ¹ligo

188 3780 365 3838 detenderet.
392 3775 466 3842 Quid
493 3775 580 3832 tune‘l
608 3775 707 3830 Nudus
733 3774 1039 3847 fugaretzaecauda
1093 3771 1146 3828 tibi
1165 3777 1194 3828 et
1218 3771 1316 3845 generi
1341 3777 1391 3828 tuo
1420 3772 1485 3828 dedi
1515 3774 1762 3834 circumcisionem
1794 3781 1943 3849 usquead

188 3874 233 3924 ret
256 3883 309 3922 nec
332 3869 430 3938 posset
458 3879 488 3919 se
516 3862 670 3919 defendere
685 3864 844 3935 epericulo
864 3863 919 3919 sibi
938 3879 1038 3919 occur·
1094 3860 1196 3916 Filium
1217 3877 1325 3930 meum,
1341 3861 1392 3934 qui
1405 3867 1503 3934 aperte
1523 3864 1796 3935 peccatabomiuum
1817 3867 1941 3938 remisit,

189 3961 282 4022 rente,
316 3959 346 4010 et
362 3968 431 4009 utrm
462 3968 477 4008 a
505 3951 552 4007 via
577 3969 628 4007 sua
656 3951 797 4024 impedire
826 3952 949 4021 volente,
988 3953 1037 4008 sed
1092 3947 1188 4002 etubi
1211 3949 1333 4004 earnalis
1361 3949 1539 4006 circumcisio
1572 3953 1673 4007 veteris
1700 3955 1836 4026 praeputii
1866 3959 1941 4012 ceei-

188 4043 377 4101 abseouderet
410 4058 451 4112 se,
478 4039 547 4113 quia
574 4040 704 4113 signatus
732 4057 790 4097 nou
820 4045 893 4096 esset
915 4041 1038 4097 terribili
1091 4035 1154 4092 dit:
1186 4052 1251 4092 eum
1281 4037 1345 4092 fons
1377 4038 1511 4111 baptismi
1534 4039 1567 4094 in
1586 4041 1811 4100 sanctificatione
1835 4045 1941 4102 las-aeri

188 4136 345 4197 armatura,
387 4144 438 4202 ρετ
466 4145 553 4201 quarn
580 4145 610 4185 se
638 4129 791 4186 defendere
825 4128 951 4186 deberet.
991 4129 1038 4186 sio
1091 4122 1144 4179 filii
1169 4125 1227 4180 mai
1254 4125 1393 4181 veraciter
1419 4127 1557 4183 ebullivit.
1589 4128 1642 4185 Sed
1675 4130 1726 4203 qui
1751 4129 1783 4187 iu
1809 4135 1940 4204 tempore

187 4226 263 4277 esset
277 4219 402 4293 populus
428 4234 510 4274 meus
535 4218 630 4273 nradus
644 4218 668 4273 si
683 4235 741 4274 non
768 4223 842 4273 esset
864 4218 1035 4290 baptizatus,
1054 4213 1318 4272 Dcircumcisiools
1339 4231 1373 4270 ex
1396 4229 1502 4288 genere
1527 4221 1578 4272 tuo
1602 4219 1762 4275 circumcisi
1793 4236 1850 4275 non
1871 4227 1941 4278 sunt

188 4309 264 4366 unde
284 4307 420 4365 terribilis
448 4312 569 4379 apparet
598 4306 722 4362 inimicis
750 4306 1034 4378 suisquieumcunr
1091 4303 1247 4358 secundum
1282 4307 1397 4376 tempus
1429 4305 1507 4377 quod
1536 4306 1578 4360 eis
1615 4311 1762 4364 ostensum
1797 4313 1849 4376 est,
1879 4309 1939 4364 sire

186 4399 339 4454 chrismate
365 4393 545 4468 baptismatis
560 4395 705 4468 signatum
732 4394 839 4463 rident,
867 4410 921 4465 per
956 4395 1034 4468 quod
1089 4390 1208 4446 minoris
1222 4392 1280 4447 sive
1299 4391 1417 4463 majoris
1437 4394 1529 4449 utatis
1552 4399 1657 4465 essent,
1681 4401 1797 4468 pactum
1823 4397 1938 4454 loederis

186 4487 303 4559 signum
330 4483 417 4540 etiam
447 4483 559 4540 fortiter
580 4483 637 4539 illis
653 4487 807 4554 repugnat,
830 4481 879 4555 qui
902 4483 1032 4538 eumde·
1089 4480 1146 4535 mei
1175 4481 1347 4553 transgressi
1370 4487 1448 4553 sunt,
1472 4487 1578 4554 preeler
1603 4485 1740 4541 mulieres
1760 4486 1865 4558 quibus
1883 4489 1938 4543 eir-

185 4582 297 4632 struere
324 4574 436 4642 volunt,
463 4571 522 4628 sive
545 4571 672 4627 humana
697 4571 783 4626 turba
803 4569 863 4626 sive
899 4571 974 4626 acies
998 4572 1035 4627 sit
1088 4568 1223 4624 cumeisio
1252 4585 1309 4624 non
1339 4574 1382 4626 est
1405 4571 1553 4644 injuncta;
1576 4589 1643 4629 nam
1677 4575 1783 4630 mulier
1816 4583 1938 4633 nonest

184 4663 335 4722 diabolica.
364 4659 419 4718 Sed
445 4661 514 4716 Adae
553 4675 612 4716 uon
636 4664 697 4715 erat
722 4659 814 4715 danda
842 4658 947 4730 duplex
975 4660 1030 4714 tex.
1088 4656 1328 4729 circumcidenda,
1351 4657 1419 4731 quia
1439 4664 1603 4718 maternum
1626 4663 1843 4719 tabernaculum
1867 4665 1937 4721 latet

185 4750 355 4820 Quomodo?
384 4751 442 4822 Ego
466 4747 574 4805 dedici
597 4749 690 4820 legem
709 4747 739 4804 iu
766 4748 880 4814 urbere,
905 4763 969 4802 cnm
986 4763 1033 4803 me
1088 4744 1117 4800 ia
1146 4761 1264 4817 corpore
1289 4747 1361 4818 ejus,
1390 4763 1442 4804 nec
1470 4749 1551 4821 tangi
1576 4755 1671 4822 potest
1691 4757 1766 4808 tactu
1788 4754 1936 4823 exteriori,

184 4843 293 4899 rideret
311 4841 341 4895 iu
365 4837 734 4908 innocentiacordis;ipse
761 4841 858 4892 autem
883 4842 1032 4908 contemp·
1087 4834 1268 4906 etquoniam
1300 4835 1362 4908 ipsa
1388 4842 1432 4893 est
1455 4837 1508 4893 sub
1539 4844 1681 4910 potestate
1703 4841 1768 4912 viri,
1787 4845 1818 4896 ut
1838 4857 1937 4899 servus
1967 4851 1968 4854 ’

183 4933 220 4988 sit
242 4947 288 4988 me
311 4930 414 4986 callido
442 4927 569 4998 serpenti
597 4925 790 4992 consenticus,
810 4925 886 4998 quod
916 4925 957 4980 ita
981 4942 1033 4981 uo·
1087 4921 1141 4977 sub
1168 4921 1285 4978 domino
1315 4940 1376 4981 suc.
1419 4926 1490 4981 Nam
1511 4927 1556 4981 ria
1576 4932 1632 4983 tres
1660 4943 1760 4984 causas
1791 4929 1877 4986 habet
1905 4931 1935 4986 in

182 5023 263 5078 xium
287 5019 342 5076 tuit
372 5022 407 5073 ut
430 5030 579 5088 nunquam
607 5013 738 5069 mortalis
762 5013 913 5070 oeulisma
935 5013 1032 5069 videre
1086 5026 1254 5082 operesuo,
1271 5011 1299 5068 id
1318 5017 1361 5068 est
1380 5015 1649 5086 concupiscentiam,
1677 5017 1877 5073 tortitudinem
1907 5025 1935 5074 et

181 5109 273 5182 possit
298 5105 426 5180 quaudiu
456 5104 486 5158 iu
510 5102 565 5157 hoc
588 5100 753 5157 transitorio
779 5102 884 5157 seculo
923 5108 1030 5160 munet.
1085 5099 1223 5155 studium.
1259 5102 1495 5172 Concupiscentia
1518 5111 1614 5160 autern
1639 5105 1768 5162 incendit
1792 5105 1933 5163 tortitudi-

182 5198 239 5254 Sed
258 5195 327 5270 quia
345 5194 435 5250 Adam
465 5194 641 5262 praeceptum
658 5204 756 5244 meum
771 5193 951 5262 trangressus
977 5195 1029 5258 est,
1085 5203 1161 5257 nem,
1184 5187 1262 5243 nude
1284 5189 1314 5244 in
1348 5197 1467 5264 utroque
1502 5197 1544 5248 est
1562 5193 1688 5248 studium
1713 5192 1819 5250 laboris
1842 5199 1933 5250 elur·

182 5285 323 5355 sinelcge
347 5296 413 5336 cum
441 5293 546 5352 genere
572 5293 625 5334 suo
649 5277 713 5342 tuit.
742 5294 834 5351 nsque
859 5279 895 5334 ad
916 5281 1031 5351 tempus
1085 5277 1177 5333 dentis
1199 5279 1355 5335 voluntatis
1384 5279 1522 5352 ipsorum.
1541 5285 1598 5340 lloe
1615 5285 1776 5340 talecstut
1800 5284 1830 5339 in
1857 5301 1933 5340 crea-

181 5374 252 5430 ittud
267 5371 342 5444 qnod
362 5368 543 5426 nobilitatem
569 5365 634 5424 Filii
653 5366 711 5423 mei
739 5366 952 5440 praenuntiavit.
974 5367 1031 5424 Ad·
1083 5364 1161 5421 tione
1182 5367 1250 5422 Adae
1270 5371 1327 5422 tres
1343 5384 1436 5424 causae
1457 5371 1612 5442 designate
1637 5377 1722 5442 sunt;
1737 5373 1804 5446 quia
1827 5373 1930 5429 voluu-

183 5458 305 5518 monitio
327 5461 424 5514 autem
443 5455 566 5527 Spiritus
580 5455 669 5511 sancti
691 5455 721 5510 in
737 5457 795 5511 Noe
810 5454 945 5526 apparuit
962 5471 1028 5509 cnm
1084 5459 1126 5509 tas
1145 5455 1194 5510 lini
1217 5456 1249 5511 iu
1271 5461 1411 5529 potestate
1438 5457 1572 5516 formavit
1600 5459 1760 5530 hominem,
1779 5465 1808 5517 et
1821 5461 1874 5516 linc
1900 5463 1928 5516 in
