3984 6034
93 265 145 316 3385
724 261 972 319 setulas-atu.
993 261 1043 327 ΙΙΙ,
1065 261 1155 318 tusto
1175 261 1209 317 ΙΙ.
1791 265 1842 318 sao

89 391 263 448 revertendo
294 389 330 446 ad
363 391 463 446 Deum.
490 389 564 457 Quis
591 392 678 447 homo
701 391 854 460 ceciderat,
878 391 944 448 ideo
961 395 984 448 Α
998 391 1087 448 lactas
1110 392 1140 446 iu
1163 389 1298 447 omnibus
1319 389 1481 458 virtutibus,
1505 395 1537 447 ut
1561 393 1646 464 plane
1669 397 1843 448 evacuentur

91 480 206 536 surrexi
220 480 250 535 in
273 479 471 535 misericordia
485 486 514 535 st
527 480 594 536 misi
613 480 717 536 Filium
731 495 829 537 meum
849 481 881 535 in
895 497 940 536 re·
997 481 1077 536 mille
1105 485 1181 536 artes
1214 479 1331 564 diaboli!
1363 496 1428 536 cnm
1459 479 1563 553 qrribus
1592 481 1704 538 seducit
1725 497 1841 536 omnem

92 569 300 625 mutationem
336 567 498 624 salvationis
534 567 708 636 animarum,
739 568 811 624 sicut
843 585 941 625 serras
996 585 1114 643 gregem
1132 569 1299 626 amabilium
1320 569 1451 625 omnium
1467 569 1673 641 omnipotentis
1689 570 1749 626 uei.
1767 569 1840 636 Quid

94 674 179 714 meus
206 657 355 729 psalmista
377 657 464 713 llavid
486 658 611 713 ostendit
632 658 745 714 dicens:
762 658 816 716 Sed
834 657 943 732 intepc
996 658 1145 732 laoclEgo
1160 657 1346 732 Omnipotens
1364 657 1501 713 constitui
1516 657 1598 714 initio
1614 659 1743 714 ardentia
1758 664 1788 714 et
1802 659 1842 714 ri·
1955 688 1960 698 ι

94 745 210 802 Domini
227 747 362 803 volumtas
373 745 437 818 ejus
449 750 478 802 et
490 745 522 802 in
537 747 600 820 lege
619 747 682 816 ejus
694 746 881 804 meditabitur
894 747 942 804 die
998 747 1092 805 sentia
1106 748 1217 804 lumina
1231 764 1296 820 qum
1310 748 1438 804 lucerent
1449 746 1479 802 in
1492 746 1692 819 splendoribus
1702 747 1776 816 suis;
1793 747 1843 802 sed

92 851 130 891 oc
140 839 224 892 nocte
238 834 330 908 (l’sal.
347 835 377 904 ι.)
391 837 450 892 lloc
463 833 520 891 tale
531 842 574 892 est
584 851 592 891 τ
604 837 637 892 ln
651 837 714 908 lege
722 835 843 907 justitias
853 853 941 909 quam
996 837 1131 910 quandam
1143 837 1329 910 perstiterunt
1343 837 1373 892 iu
1393 851 1492 894 amora
1506 851 1582 903 meo,
1599 836 1731 908 quendam
1746 841 1843 892 autem

94 924 267 997 Unigenitus
295 941 377 980 meus
410 929 495 980 natus
526 941 560 980 cx
590 925 706 998 Virgine
735 925 943 983 demonstravit
995 925 1161 982 ceciderunt
1175 925 1357 998 despiciendo
1373 927 1535 982 Creatorem
1548 939 1642 981 suum.
1658 926 1712 980 Sed
1727 941 1783 980 non
1798 925 1844 980 de·

92 1014 214 1080 mondo,
231 1014 362 1086 quicum
384 1018 508 1084 palmet
526 1013 635 1085 Spiritu
656 1018 755 1070 sancto
772 1031 848 1071 rinus
868 1016 942 1071 Dens
996 1014 1056 1071 cuit
1070 1029 1116 1072 ms
1137 1014 1301 1070 Creatorem
1316 1020 1349 1070 ut
1372 1013 1581 1070 institutionem
1606 1029 1710 1081 meam,
1725 1029 1844 1069 vacuam

92 1101 220 1157 existens
242 1103 322 1156 omni
340 1100 506 1157 dominatur
527 1101 651 1158 saeculo:
667 1103 707 1158 ita
722 1103 797 1175 quod
813 1103 874 1176 ipse
895 1103 941 1160 l'i-
996 1108 1026 1158 et
1046 1101 1157 1158 irritam
1181 1103 1385 1175 relinquerem.
1410 1103 1582 1169 Quomodo?
1606 1103 1741 1173 Angelica
1765 1099 1844 1156 scili-

91 1191 150 1246 lins
174 1189 267 1246 Patris
291 1190 455 1245 incematua
476 1190 615 1246 ethome
639 1191 757 1246 risibilis
783 1191 869 1259 visus,
890 1193 942 1248 llo-
996 1197 1040 1249 cet
1054 1196 1184 1248 creatura
1205 1192 1396 1267 superbientis
1411 1191 1534 1264 agminis
1558 1192 1613 1247 boc
1635 1191 1744 1247 bonum
1768 1189 1844 1263 quod

92 1279 191 1334 minas
204 1285 234 1334 et
254 1279 381 1334 elevatus
396 1281 427 1334 in
442 1295 528 1335 carne
547 1295 635 1351 super
649 1295 766 1336 omnem
781 1286 941 1337 creaturam
996 1282 1113 1338 Creator
1129 1297 1198 1337 suns
1217 1281 1272 1354 ipsi
1295 1281 1415 1337 indulsit
1429 1282 1463 1338 ad
1479 1281 1675 1352 coguitionem
1692 1295 1791 1347 suam;
1807 1278 1844 1334 il·
1917 1283 1921 1288 '

91 1366 148 1422 fait
163 1367 294 1422 uoluntas
314 1367 406 1422 Patris
428 1367 459 1421 iu
483 1368 650 1422 salvatione.
674 1368 847 1434 Quomodo?
870 1368 942 1435 Quia
996 1371 1046 1426 lud
1062 1369 1115 1426 sibi
1131 1369 1185 1444 ipsi
1200 1369 1349 1442 deputarit
1365 1370 1394 1426 in
1415 1370 1545 1426 fallacem
1560 1369 1692 1442 gloriam,
1717 1383 1746 1424 se
1762 1383 1844 1440 posse

94 1455 185 1511 lilius
211 1456 263 1510 llei
285 1459 352 1510 ante
376 1455 479 1511 saecula
501 1473 517 1511 a
543 1458 626 1518 Patre
647 1456 774 1528 genitos,
796 1463 894 1530 postea
911 1458 942 1513 in
996 1458 1119 1515 similem
1135 1475 1196 1515 esse
1219 1459 1346 1514 Creatori
1369 1475 1431 1526 suo,
1447 1456 1640 1513 undeceoidit
1663 1457 1692 1511 ln
1711 1463 1842 1511 mortem.

91 1543 204 1599 mundo
227 1549 311 1598 natns
331 1559 364 1598 ex
385 1549 477 1600 matre
503 1544 536 1600 in
558 1543 616 1600 line
638 1551 803 1617 temporum
819 1547 941 1602 necdum
996 1549 1074 1603 Tunc
1088 1547 1222 1620 praeridit
1238 1549 1322 1616 Deus,
1338 1547 1492 1620 quiaquod
1504 1547 1532 1600 in
1543 1545 1654 1617 perdito
1666 1545 1780 1616 agmine
1795 1545 1844 1600 illo

90 1633 256 1688 incarnatus
272 1633 407 1689 manebat
428 1631 460 1687 in
481 1634 564 1689 Patre
586 1633 748 1703 invisibilis,
765 1640 797 1691 nt
811 1635 942 1692 voluntas
995 1636 1108 1706 cecidit,
1122 1635 1224 1692 fortius
1237 1635 1459 1691 restaurandum
1475 1651 1536 1690 esse
1552 1634 1581 1690 iu
1593 1634 1660 1690 elio.
1676 1633 1844 1700 Quomodo?

90 1720 242 1776 invisibilis
265 1727 309 1776 cst
334 1721 365 1776 in
389 1721 509 1776 homino
532 1725 689 1794 antequam
710 1728 791 1778 exeat
811 1721 842 1778 in
857 1737 939 1794 opus,
995 1723 1069 1792 Quia
1094 1725 1199 1781 crearit
1224 1723 1370 1780 homiuem
1396 1723 1431 1779 de
1455 1722 1524 1778 limo
1546 1726 1630 1778 terrae
1653 1721 1843 1778 viventemin

90 1809 215 1865 risibilis
229 1809 334 1866 deinde
353 1809 486 1882 apperuit
501 1811 531 1866 in
554 1826 640 1866 carne
653 1826 708 1882 pro
731 1813 822 1866 salrrte
845 1811 940 1868 homi·
996 1819 1093 1869 anlma
1107 1818 1137 1868 et
1159 1828 1277 1886 corpore
1301 1819 1333 1869 ιιι
1349 1813 1384 1868 ad
1409 1812 1531 1884 gloriam
1552 1812 1630 1867 illam
1655 1812 1843 1883 pertingeret,

90 1915 184 1955 numt
208 1899 248 1954 ita
263 1903 295 1954 ut
316 1904 381 1954 edm
406 1900 477 1955 Filio
502 1916 554 1955 sno
578 1900 736 1955 meditatur
758 1900 941 1973 omnipotens
995 1902 1030 1957 de
1045 1917 1103 1976 qua
1118 1901 1321 1974 praevaricator
1341 1901 1472 1958 diabolus
1491 1915 1556 1956 cum
1574 1899 1633 1955 suls
1652 1899 1844 1955 imitatoribus

90 1989 177 2044 Pater
190 2003 307 2044 omnem
321 1987 464 2060 justitiam
483 1993 581 2044 contre
595 1989 722 2060 primum
740 2004 837 2044 casam
859 1989 938 2046 Adae.
994 1989 1103 2062 ejectus
1123 1996 1180 2059 est3
1202 1991 1340 2063 quoniam
1360 1991 1449 2046 homo
1471 1989 1552 2046 ratde
1572 1989 1674 2045 charus
1701 1994 1744 2044 est
1773 1989 1841 2055 lieo,

91 2075 167 2133 Uni?
190 2077 223 2132 la
246 2076 398 2132 dilectione
422 2075 487 2132 l'ilii
510 2075 572 2146 uei,
596 2077 646 2150 qni
670 2082 738 2134 ante
757 2083 890 2151 tempora
909 2079 939 2134 in
994 2095 1060 2134 cnm
1085 2084 1194 2135 etcum
1213 2079 1312 2135 fecerit
1333 2079 1369 2135 ed
1394 2079 1550 2152 imaginum
1576 2083 1604 2135 et
1624 2077 1844 2134 similitudinem

91 2165 251 2222 divinitatis
265 2165 356 2238 gloria
374 2181 493 2221 mansus
507 2164 538 2222 in
556 2167 641 2222 Patre
656 2166 827 2223 mirabiliter
840 2173 940 2239 postea
994 2183 1088 2236 suam,
1113 2169 1151 2225 ita
1177 2174 1210 2225 ut
1234 2169 1264 2224 in
1288 2168 1462 2242 perfectione
1492 2167 1649 2224 sanctitatis
1676 2171 1845 2240 operaretur

89 2253 144 2310 sub
169 2257 276 2310 statuto
300 2259 430 2326 tempore
451 2253 563 2324 mandi,
584 2255 751 2310 incarnatas
774 2258 826 2324 est,
852 2271 938 2327 quem
994 2273 1096 2313 omnes
1118 2258 1249 2323 scintillas,
1276 2257 1351 2313 sicut
1374 2263 1402 2335 at
1438 2259 1513 2314 Deras
1536 2255 1666 2312 condidit
1698 2259 1843 2313 creaturas

90 2345 176 2398 Pater
191 2343 227 2399 de
247 2343 335 2399 corde
355 2343 451 2400 suoiu
466 2345 607 2400 mundum
631 2344 710 2400 misit
730 2359 875 2399 summum
898 2361 940 2399 se-
994 2361 1105 2415 omnes,
1120 2349 1149 2402 et
1164 2351 1195 2400 ut
1217 2346 1304 2401 etiam
1328 2345 1462 2417 impleret
1476 2343 1622 2416 operando
1635 2344 1665 2400 in
1682 2342 1842 2400 lnrmillima

90 2431 236 2488 cerdolem
261 2447 349 2504 super
372 2447 487 2487 omnem
510 2432 662 2504 justitiam.
688 2433 767 2487 Unde
790 2436 819 2487 ct
844 2433 939 2505 legem
993 2420 1155 2490 obedientia
1184 2438 1213 2490 et
1237 2433 1268 2489 in
1294 2449 1380 2506 opere
1413 2434 1553 2489 uirtutum
1577 2431 1843 2490 subministratione

86 2521 211 2592 justitiae
233 2520 294 2595 ipse
318 2520 407 2577 filius
427 2519 546 2593 collegit
561 2525 593 2576 ut
615 2537 680 2576 eum
701 2521 939 2593 accepitaPatre
992 2521 1088 2579 landis
1109 2523 1185 2578 inter
1208 2521 1349 2594 gloriosos
1371 2520 1489 2594 angelos
1514 2519 1655 2584 ordinem,
1678 2527 1710 2576 ut
1735 2522 1764 2576 in
1788 2521 1842 2576 hoc

90 2612 164 2665 lacta
184 2611 249 2682 lege
271 2611 424 2666 hominnm
447 2610 479 2665 in
502 2626 569 2665 eum
596 2610 819 2666 crediturorum.
834 2609 889 2666 Sed
907 2609 940 2666 in
992 2611 1177 2667 beatitudiuis
1200 2610 1336 2681 culmine,
1369 2609 1523 2666 adornaret
1550 2609 1667 2666 laudem
1699 2625 1843 2682 superno·

88 2700 140 2754 illa
163 2699 229 2772 lege
251 2715 339 2771 quem
359 2697 489 2754 Peterin
504 2699 575 2754 l'ilio
589 2715 643 2754 suo
663 2698 838 2754 constituere
852 2705 939 2771 atque
993 2717 1058 2757 rum
1072 2701 1238 2774 spirituum,
1250 2699 1301 2773 qui
1315 2699 1430 2756 assidua
1443 2699 1594 2756 devotione
1610 2703 1676 2755 sant
1694 2699 1843 2755 laudantes

89 2787 212 2844 condere
226 2787 326 2856 voluit,
341 2787 498 2843 meditetur
515 2785 546 2843 in
562 2785 619 2844 die.
635 2787 812 2853 Quomodo?
826 2787 940 2843 Scilicet
992 2789 1094 2859 Deum,
1110 2793 1198 2862 atquae
1219 2789 1250 2845 iu
1265 2788 1366 2844 eadem
1389 2785 1568 2844 beatitudine
1592 2803 1645 2842 sna
1667 2785 1722 2842 hoc
1749 2785 1841 2842 adim·

90 2877 120 2932 in
136 2876 184 2932 dia
199 2892 263 2950 quae
278 2876 340 2948 ipse
359 2882 410 2943 est,
427 2891 493 2932 eum
511 2877 594 2934 nulla
607 2875 765 2932 obscuritas
780 2876 938 2949 iniquitatis
993 2879 1096 2950 ploret,
1112 2877 1188 2952 quod
1205 2877 1333 2951 perditus
1354 2876 1475 2950 augelus
1498 2875 1529 2932 in
1544 2875 1770 2948 presumptione
1792 2889 1841 2930 sne

89 2965 206 3021 eratin
228 2963 289 3020 ulla
313 2969 444 3021 creatura
465 2963 633 3038 priusquam
658 2965 747 3021 ullam
778 2971 937 3022 creaturam
957 2983 1080 3040 cruens
1102 2967 1258 3023 evacuarit.
1289 2967 1413 3040 ldeoqaa
1444 2969 1488 3021 est
1510 2966 1600 3021 lromo
1628 2965 1730 3040 plenus
1754 2964 1841 3020 denn-

89 3053 226 3110 conderet
240 3053 409 3109 saeculorum
430 3053 587 3110 meditatas
605 3057 648 3108 est
663 3054 748 3109 istam
766 3053 860 3127 legem
875 3053 939 3110 l'ilii
993 3058 1052 3114 rius
1073 3072 1222 3126 nrrmerus,
1251 3055 1302 3129 qui
1332 3055 1393 3112 hac
1421 3055 1518 3112 omnia
1545 3071 1599 3128 per
1624 3053 1758 3109 virtutem
1791 3052 1840 3108 lloi

89 3142 144 3197 sui.
170 3141 203 3197 ut
226 3142 313 3197 etiam
340 3141 371 3198 in
393 3146 487 3198 nocte.
513 3141 688 3208 Quomodo?
713 3141 786 3208 Ouia
810 3141 842 3198 in
866 3142 940 3198 facta
991 3145 1114 3219 perficit.

88 3233 220 3285 creatura
241 3229 311 3285 dum
330 3246 360 3285 se
390 3230 498 3302 incepit
523 3230 635 3303 erigere
660 3231 769 3286 malum
793 3229 871 3303 qarod
896 3235 940 3287 est
1027 3233 1082 3290 Sed
1103 3231 1238 3290 denarius
1258 3247 1397 3288 uumerus
1418 3231 1448 3287 in
1471 3247 1523 3286 sua
1544 3233 1647 3286 natura
1670 3227 1841 3300 multiplicat

88 3318 174 3392 qnasi
185 3317 343 3375 obscuritas
362 3319 464 3388 noetis,
479 3320 510 3374 in
530 3320 632 3393 angelo
648 3325 676 3375 et
695 3319 725 3375 in
740 3319 858 3375 homine
880 3336 939 3376 me·
991 3321 1191 3378 centenarium
1212 3321 1242 3378 in
1265 3321 1319 3377 hec
1337 3319 1509 3390 intentione,
1532 3318 1601 3392 qula
1631 3318 1718 3372 homo
1740 3313 1839 3373 diebo-

87 3409 197 3464 ditetur
219 3407 306 3464 etiam
329 3409 415 3464 Pater
435 3407 577 3481 usquein
601 3408 789 3464 novissimum
810 3409 887 3465 dlcm
909 3409 938 3464 in
991 3411 1047 3466 lica
1065 3409 1230 3466 seductione
1253 3423 1431 3477 corrueras
1455 3409 1512 3463 lleo
1533 3407 1649 3462 tandem
1668 3407 1763 3462 divina
1786 3406 1841 3461 mi·

86 3513 175 3571 quem
194 3497 366 3568 pertingunt
379 3513 468 3569 opera
483 3513 534 3554 sua
549 3513 614 3571 qum
635 3497 821 3553 ineffabiliter
837 3513 939 3569 opera·
991 3498 1132 3555 secatione
1154 3503 1184 3555 et
1205 3497 1392 3571 inspiratione
1413 3495 1575 3553 admonitus
1600 3499 1715 3552 strenue
1740 3495 1841 3567 incipit

87 3591 146 3653 tur,
161 3585 315 3641 ostendens
337 3589 366 3641 at
391 3586 524 3658 aperiens
547 3586 641 3659 legem
663 3585 726 3642 Filii
749 3585 805 3657 sui,
820 3601 886 3642 cum
907 3585 939 3640 in
992 3589 1084 3644 Deum
1100 3602 1253 3660 agnoscere
1272 3603 1337 3643 cum
1353 3587 1415 3659 lege
1433 3590 1462 3641 ct
1483 3583 1632 3658 prophetia
1645 3583 1758 3642 Veteris
1773 3585 1840 3639 Tes-

86 3677 150 3748 lpso
177 3673 291 3746 perlicit
317 3674 416 3730 omnia
438 3675 527 3744 bonu,
553 3691 620 3749 quoa
643 3675 674 3730 in
699 3673 816 3730 homine
839 3673 938 3746 portici
991 3675 1122 3745 tomenti,
1147 3679 1176 3731 et
1197 3675 1300 3732 deiude
1324 3675 1435 3730 acutius
1461 3689 1528 3730 eum
1551 3673 1701 3729 sanctitate
1726 3689 1757 3728 ac
1778 3689 1839 3728 om-

89 3762 205 3819 debent.
991 3763 1076 3819 nibus
1118 3763 1296 3819 ornamentis
1335 3763 1450 3818 inuictos
1488 3761 1656 3818 constantim
1697 3759 1838 3816 Ecclesia.

123 3853 179 3910 Sed
201 3856 234 3908 ut
256 3851 337 3908 rides
359 3851 437 3925 quod
461 3851 576 3924 lapidea
598 3867 665 3924 pars
688 3851 765 3908 muri
779 3849 866 3908 lralret
880 3851 937 3907 diro
990 3853 1093 3926 Sicqua
1107 3853 1215 3926 incepit
1229 3853 1316 3910 homo
1332 3851 1445 3926 operari
1464 3867 1564 3907 ornnes
1585 3849 1706 3905 virtutes
1721 3847 1756 3904 ab
1769 3849 1837 3904 Abel

88 3945 149 3998 loca
176 3939 339 4012 interropta
367 3941 444 3997 inter
465 3941 601 4012 angulum
623 3939 756 3997 videlicet
780 3939 938 3996 occidenta-
990 3941 1102 3997 itaeas
1128 3941 1303 4014 perficiendo
1328 3939 1476 4014 usquead
1506 3937 1835 4009 novisslmamjnstam‚
1907 3948 1912 3960 ⁸

87 4033 143 4087 lem
168 4035 197 4086 ct
223 4029 362 4103 angulum
381 4029 596 4086 meridianum:
620 4029 676 4086 hoc
697 4033 741 4086 est
766 4031 843 4102 quod
866 4046 937 4103 opus
991 4029 1068 4102 qrrod
1098 4035 1142 4087 est
1172 4029 1353 4088 centenarios
1376 4043 1516 4086 numerus
1541 4027 1731 4101 longitudinis
1754 4027 1840 4098 hujus

90 4117 211 4176 humaui
225 4117 339 4190 generis
360 4117 391 4174 in
416 4117 577 4174 munitione
591 4117 765 4174 defensionis
781 4135 851 4186 suae,
866 4118 937 4174 duo·
990 4118 1116 4191 mdilicii,
1138 4119 1217 4193 quod
1241 4121 1316 4175 Deus
1342 4117 1374 4174 in
1403 4118 1522 4190 mystice
1545 4118 1640 4192 llgura
1662 4116 1841 4173 demonstrat

88 4208 141 4262 lura
162 4208 257 4263 modis
289 4207 383 4262 adhuc
415 4205 617 4279 imperfectum
634 4212 687 4277 est,
712 4223 778 4264 cnm
809 4207 938 4264 membra
991 4206 1169 4274 hominibus,
1193 4223 1230 4264 ne
1256 4207 1409 4280 desperent
1429 4203 1556 4280 prolapsi
1581 4204 1612 4260 in
1640 4201 1840 4277 iniquitatibus

88 4294 230 4352 incarnati
242 4295 306 4352 l'ilii
318 4295 370 4351 uei
383 4300 514 4351 constent
533 4295 627 4352 adhuc
638 4297 721 4370 quasi
731 4297 898 4370 imperfecte
908 4296 938 4351 in
957 4271 1066 4364 nsuis;
1082 4295 1132 4351 sed
1146 4301 1177 4353 ιιι
1189 4299 1341 4368 surgentes
1362 4295 1398 4350 ab
1422 4294 1462 4349 eis
1479 4293 1631 4349 fortissime
1656 4293 1788 4348 laborent
1810 4290 1839 4345 in

88 4385 187 4442 electis
201 4385 269 4454 suis,
286 4387 363 4457 quod
383 4389 427 4441 est
439 4384 552 4456 primus
574 4385 753 4458 interruptus
766 4385 846 4442 locus
861 4385 939 4440 velat
992 4400 1080 4458 opere
1096 4383 1166 4452 llei3
1182 4385 1250 4457 quia
1272 4388 1300 4441 et
1315 4382 1513 4457 unusquisque
1535 4379 1637 4438 cadens
1652 4380 1683 4436 in
1705 4379 1839 4453 peccatis,

88 4475 124 4531 al)
149 4474 307 4543 occidente,
337 4474 475 4548 qnoniam
507 4473 595 4531 Pilius
621 4474 673 4530 llei
705 4474 808 4530 missus
840 4480 882 4529 est
907 4473 938 4530 in
991 4488 1110 4529 course
1135 4471 1219 4545 erigit
1238 4473 1273 4529 ab
1293 4474 1343 4544 eis,
1359 4471 1461 4528 fortior
1482 4470 1537 4527 erit
1559 4485 1646 4544 quem
1662 4469 1839 4542 priusesset,

89 4563 233 4620 mondum
251 4562 283 4618 in
301 4563 360 4619 line
381 4567 556 4637 temporum,
573 4567 680 4620 etcum
695 4563 799 4619 deinde
817 4562 940 4619 Ecclesia
992 4561 1067 4619 sicut
1079 4567 1110 4617 ct
1126 4561 1202 4618 Deos
1225 4565 1348 4637 majores
1365 4567 1394 4618 at
1417 4559 1551 4617 fortiores
1574 4557 1693 4614 virtutes
1716 4556 1841 4613 restituit

88 4652 224 4707 similiter
252 4651 345 4707 adhuc
370 4653 451 4724 quasi
483 4651 652 4724 imperfecta
683 4655 727 4708 est
749 4651 779 4708 iu
804 4650 938 4708 omnibus
992 4648 1381 4718 inhomins‚Filiumsuum
1399 4648 1517 4704 mittens
1531 4647 1561 4704 in
1576 4647 1718 4702 muudum
1733 4645 1767 4701 ad
1784 4645 1840 4701 eri·

88 4739 242 4796 virtutibus
263 4739 332 4806 suis,
360 4745 393 4797 nt
416 4741 571 4797 consistere
594 4745 623 4797 el
644 4740 778 4796 aedificari
801 4741 885 4797 dolel
908 4741 938 4796 in
992 4738 1120 4812 gendum
1134 4737 1293 4810 collapsum
1318 4753 1409 4809 genus
1429 4738 1602 4804 humanum,
1618 4751 1705 4808 qrram
1729 4734 1841 4806 primus

87 4829 198 4885 coelesti
213 4829 382 4898 Jerusalem,
398 4830 475 4902 quod
499 4835 544 4887 est
562 4829 636 4885 alter
660 4829 840 4904 interruptus
861 4831 939 4885 locos
993 4829 1081 4884 lromo
1102 4829 1246 4900 operatur.
1273 4824 1353 4881 Unde
1369 4831 1397 4882 et
1419 4825 1505 4882 horno
1528 4823 1632 4880 fortius
1653 4829 1789 4896 operatur
1811 4822 1840 4877 ln

86 4919 167 4973 relat
192 4918 227 4974 ad
257 4917 420 4983 meridiem,
453 4935 518 4976 eum
552 4918 676 4975 licclesia
711 4917 877 4992 perficietur
908 4919 937 4974 in
993 4917 1090 4973 anima
1104 4919 1132 4971 ot
1145 4927 1264 4987 corpore
1280 4927 1366 4986 quam
1389 4912 1411 4967 ιι
1427 4918 1501 4970 esset
1522 4913 1584 4968 sina
1609 4911 1750 4984 corporati
1774 4927 1840 4983 gra-

87 5005 264 5062 coelestibus.
294 5005 375 5074 Quod
399 5012 496 5063 antem
525 5007 681 5080 longitudo
708 5005 799 5080 ipsius
824 5005 940 5061 aedificii
993 5004 1105 5072 rodino,
1128 4999 1267 5076 quioniam
1290 4999 1396 5056 militat
1417 5001 1447 5056 in
1469 5001 1563 5074 scipso
1588 5001 1617 5056 in
1644 4998 1741 5055 multis
1764 4997 1839 5072 peri·

87 5102 131 5150 eat
145 5098 261 5150 centnm
286 5095 461 5162 cubitorum,
479 5095 533 5152 hoc
558 5100 602 5151 est
626 5095 704 5168 quod
727 5094 862 5150 denarius
884 5109 939 5149 uu·
994 5093 1065 5148 cartis
1078 5091 1229 5165 particione
1252 5089 1408 5145 fortissima
1430 5089 1517 5158 bella,
1536 5095 1565 5145 et
1588 5087 1757 5146 rictoriosus
1779 5087 1841 5142 exi·

89 5189 368 5240 memsattenuatus
389 5189 451 5240 erat
473 5184 503 5240 in
526 5185 745 5258 praevaricatore
769 5183 941 5252 lromine,et
995 5189 1072 5237 stone
1094 5195 1160 5237 cum
1187 5178 1308 5236 Domino
1341 5178 1399 5234 fleo
1429 5193 1481 5232 stro
1506 5175 1631 5233 ildelitar
1656 5178 1782 5234 militans
1804 5173 1840 5242 si,

89 5277 279 5345 recuperatus
295 5271 381 5328 estin
396 5271 547 5329 tilloneo
562 5272 813 5345 permultiplicem
829 5271 939 5328 denarii
995 5271 1035 5325 sic
1052 5270 1147 5340 ipsum
1170 5283 1346 5339 cognosceus
1366 5267 1397 5323 in
1420 5263 1524 5322 militia
1549 5281 1611 5333 sua,
1636 5281 1739 5340 corpus
1758 5279 1843 5320 sunm

89 5361 290 5418 centenarium
319 5376 485 5430 nnmerum,
510 5360 713 5435 multiplicium
743 5362 881 5417 uirtutum
909 5360 940 5420 io
994 5357 1173 5431 castigando,
1198 5356 1267 5430 quia
1289 5356 1409 5430 angelus
1436 5369 1537 5411 careas
1560 5353 1715 5426 gravedine
1737 5352 1844 5410 terreni

89 5449 250 5506 salvatione
283 5449 459 5518 animarum,
489 5451 523 5505 de
549 5467 606 5523 quo
635 5448 752 5506 denario
773 5465 824 5523 per
847 5455 942 5506 conte·
995 5445 1134 5522 corporis,
1150 5451 1319 5502 esttanlum
1343 5445 1427 5502 miles
1450 5441 1572 5500 caelestis
1593 5441 1753 5499 harmonio.
1768 5439 1843 5498 luci-

90 5537 205 5596 oarlam
233 5536 337 5594 deinde
362 5537 490 5592 ascendit
514 5537 694 5594 millenarius
716 5551 855 5595 numerus
876 5551 942 5610 per·
996 5534 1050 5594 dus
1065 5537 1094 5590 et
1108 5547 1198 5607 purus
1214 5547 1399 5609 perseuerans
1421 5531 1450 5591 in
1466 5530 1572 5590 risione
1587 5529 1653 5598 llei;
1675 5529 1763 5588 frumo
1778 5543 1845 5588 rere

270 5635 409 5707 Ριτιιοι..
436 5635 581 5706 cxct’tl.
1627 5630 1668 5698 ro
