3984 6034
84 231 159 329 libid
639 233 856 293 usulensem
874 236 1025 293 REGULAE
1045 237 1073 292 S.
1096 236 1289 295 Butuntum.
1774 244 1841 301 ¹054

79 366 198 419 sanctas
236 362 375 421 lustinus
412 367 491 423 totus
522 368 554 422 iu
579 369 668 439 specie
702 369 776 437 ipah
811 372 934 426 ostensos
951 372 975 425 A
990 370 1170 440 violantibus
1192 370 1312 429 visibiles
1336 376 1417 445 fiunt,
1447 376 1478 431 ia
1500 388 1555 447 quo
1577 375 1621 431 acl
1634 374 1714 446 paoli
1731 390 1841 447 corpore

80 450 146 506 sit‘l
217 478 222 485 ·
992 459 1128 516 ueniunt?

1361 565 1477 607 sororio

1028 638 1058 695 Si
1073 638 1128 695 ista
1152 638 1290 713 spiritalis
1313 639 1383 695 visio
1406 640 1574 697 hominihus
1593 657 1651 699 non
1677 648 1839 715 appareret,

449 592 578 635 sohurlo.

83 682 217 825 goffia
229 682 423 825 {nguimnff'
438 700 488 785 qn}
514 700 596 739 ⁸⁰¹⁰?
617 684 806 787 ⁰t.f⁰ffltuf¹⁰.
830 686 938 755 ‘'xisti“
992 745 1056 784 eam
1082 745 1140 785 non
1168 728 1372 801 intelligerent,
1401 728 1471 801 quid
1505 736 1590 798 esset,
1616 745 1669 785 nec
1695 732 1781 787 etiam
1813 734 1840 788 ei

276 776 315 825 atr
338 772 451 827 llartrnr
474 789 560 845 ignea
575 774 712 830 effusione
731 774 854 846 Spiritus
872 793 937 832 san·

83 856 125 911 cti
152 858 329 929 perfuderat,
350 864 379 914 et
400 860 466 915 ideo
489 867 609 934 propter
629 861 733 918 merita
756 862 938 966 humilitatis,
992 817 1161 979 2:⁰33&ss
1175 832 1392 962 ἶῖἰῖωΐοέξὲ
1410 816 1842 979 Βζίῗὲεᾞαηῗέἓὲἱῦἰᾘί

83 946 203 1051 maiis
230 952 258 1002 εἰ
297 948 510 1055 ωἰωήοωᾱῗῆ
539 950 645 1055 wibm
666 952 878 1057 ,⁰⁰9⁸,vimm
906 971 937 1011 ¹⁰
992 994 1082 1049 altera
1105 1011 1170 1067 pars
1198 994 1357 1061 mutabilis,
1385 998 1415 1049 et
1439 995 1529 1051 altcra
1559 1011 1626 1067 pars
1652 996 1841 1053 immutabilis

83 1044 210 1094 mmmm
224 1041 310 1097 ΜΕ
329 1057 444 1113 ”mper
464 1048 598 1116 ¹¹¹⁸p⁹¹¹t’
619 1048 706 1101 ¹⁰t¹⁸⁸
721 1060 751 1099 ¹¹¹
765 1061 936 1134 ¹3⁰⁰1⁸pp³'
992 1088 1046 1151 ost,
1069 1083 1280 1140 immutabilem
1294 1083 1428 1156 spiritum
1447 1100 1597 1156 nunquam
1620 1083 1717 1140 ridere
1732 1091 1839 1157 posset,

84 1134 156 1185 Νη·
991 1171 1047 1228 nisi
1072 1173 1102 1227 in
1129 1172 1262 1229 mutabili
1283 1172 1376 1228 forma
1395 1177 1564 1245 appareret;
1588 1172 1727 1245 quoniam
1748 1174 1841 1231 torma

380 1252 504 1299 (ΝΜΟ
530 1252 643 1295 ¹¹¹V¹¹¹·
990 1261 1139 1318 mutabilis
1163 1278 1221 1317 non
1245 1261 1300 1317 nisi
1330 1261 1538 1334 perspiritum
1568 1261 1740 1331 vivificatum
1767 1262 1841 1319 sicud

121 1347 157 1403 la
178 1348 256 1418 quali
274 1362 384 1418 corpore
404 1350 436 1405 ll.
470 1351 609 1418 Nicotaus,
629 1350 809 1421 uigilantibus
844 1355 936 1410 matis
990 1351 1078 1407 etiam
1104 1366 1195 1406 cornu
1221 1367 1274 1422 per
1301 1366 1416 1420 sonum,
1442 1356 1470 1406 ot
1494 1367 1553 1406 non
1574 1366 1681 1422 porse,
1695 1356 1789 1407 sonat.
1807 1352 1839 1407 lo

83 1440 111 1490 ct
143 1434 353 1504 domiieotibas,
389 1441 445 1493 tom
480 1440 657 1496 domicellae
691 1454 775 1512 qaam
805 1444 936 1512 prefecto
990 1440 1067 1496 hona
1087 1440 1165 1496 enim
1187 1440 1358 1507 intentione,
1384 1455 1471 1514 quam
1498 1441 1572 1496 Dens
1599 1440 1630 1495 in
1655 1440 1760 1497 sanctis
1786 1441 1838 1496 ho-

84 1527 231 1593 upporait,
268 1540 330 1581 cam
359 1525 391 1580 id
418 1528 583 1597 inproprie
614 1543 725 1599 carpum
749 1544 804 1585 ooo
823 1530 937 1598 termut
990 1528 1118 1585 minibus
1137 1528 1199 1584 istis
1222 1528 1444 1600 significaverat,
1465 1527 1549 1586 houm
1574 1528 1660 1585 etiam
1685 1528 1839 1585 intentioni

84 1611 142 1668 Sed
166 1617 192 1668 et
219 1615 313 1669 Petrus
342 1618 369 1669 el
394 1616 497 1671 Paulos
527 1621 554 1671 et
579 1618 670 1673 caleri
692 1620 794 1684 suncti,
821 1634 936 1689 qaorum
990 1618 1142 1674 hominum
1156 1618 1278 1674 istorum
1296 1616 1495 1691 respondebat,
1516 1617 1590 1673 sicut
1604 1617 1693 1675 etiam
1707 1616 1839 1674 homines

84 1715 202 1771 corpora
225 1703 256 1757 ia
279 1706 355 1759 terro
379 1706 487 1775 sepulto
504 1708 579 1773 scoti,
602 1721 664 1762 cum
684 1706 880 1763 domieolibus
894 1709 936 1764 ael
989 1707 1072 1779 signa
1083 1706 1261 1763 firmamenti
1274 1706 1442 1780 inspiciunt.

88 1863 1829 1899 *w

280 2005 584 2119 REGULAE
643 2008 696 2119 S.
742 2008 1126 2123 BENEDICTI
1174 2009 1647 2121 EXPLANATIO.

703 2230 779 2295 (arse.
794 2230 867 2282 rao.
884 2230 926 2281 aa.
942 2230 1038 2296 num,
1052 2231 1143 2293 xxiii,
1157 2232 1224 2296 aar.)

893 2359 1046 2375 —

445 2482 724 2552 CONGREGATIO
747 2480 993 2551 HUNNlENSIS
1017 2480 1195 2551 COENOBll
1221 2482 1479 2551 hilareseat.

633 2660 726 2711 Petunt
740 2659 977 2725 interpretationem
991 2659 1095 2726 Repete
1111 2660 1138 2710 S.
1157 2659 1297 2711 Benedicti.

123 2921 241 2993 Templo
263 2919 387 2993 Spiritus
406 2918 496 2974 sancti
519 2922 549 2974 et
568 2917 733 2973 reverenda
755 2932 788 2973 ac
811 2915 870 2972 Deo
893 2915 937 2971 di·
956 2914 1193 2972 Bnecessarium.
1226 2914 1355 2971 Dicimur
1394 2916 1471 2971 enim
1514 2915 1676 2984 mendaces,
1719 2916 1840 2989 perjuri,

88 3012 169 3066 lectae
190 3024 302 3081 sponsae
332 3006 436 3066 Christi
461 3006 640 3075 Himeraeus,
667 3011 696 3061 et
727 3004 872 3062 sororibus
900 3005 936 3061 da
989 3005 1134 3078 praedictae
1166 3005 1285 3076 Regulos
1323 3011 1558 3077 transgressores,
1599 3005 1841 3079 synodaliumque

87 3100 117 3156 S.
151 3098 275 3155 lieberto
308 3097 339 3153 in
370 3096 468 3169 Pingis
502 3095 647 3168 magistrae
675 3095 853 3168 exoptatiss,
877 3097 937 3150 tota
990 3096 1171 3151 decretorum
1196 3098 1417 3166 contemptores.
1443 3093 1525 3159 Quod
1550 3094 1614 3149 ideo
1633 3094 1758 3150 maxime
1776 3111 1841 3151 eve-

87 3201 208 3243 concors
231 3185 418 3258 congregatio
444 3184 614 3242 hunniensis
639 3184 772 3253 coenobii,
795 3200 860 3241 cum
885 3185 936 3241 bo·
990 3185 1045 3259 nit,
1060 3186 1129 3259 quia
1152 3186 1276 3259 quisquc
1299 3186 1486 3257 prolatorum
1503 3192 1666 3241 nostrorum
1689 3202 1742 3258 pro
1757 3185 1841 3241 libitu

87 3290 192 3331 norum
229 3289 351 3345 operum
388 3273 549 3329 humilitate
586 3278 615 3329 et
650 3272 796 3343 instantia,
830 3276 937 3329 aeterna
989 3276 1094 3332 mentis
1116 3292 1175 3331 sum
1190 3281 1248 3331 tam
1271 3275 1403 3331 instituta
1423 3291 1577 3342 canonum,
1599 3291 1686 3347 quam
1711 3276 1840 3346 Regula,

89 3363 238 3419 sublimari
254 3362 355 3435 gloria.
990 3364 1124 3438 despicit,
1148 3369 1181 3420 ut
1217 3364 1287 3420 dum
1322 3364 1378 3437 ipsi
1416 3362 1470 3419 sibi
1497 3369 1566 3419 sunt
1593 3364 1648 3431 lex,
1683 3363 1840 3420 secundum

125 3453 263 3508 Gratiosoe
298 3451 454 3507 revelantia
487 3450 633 3522 opinionis
669 3455 771 3506 vestra
798 3454 936 3522 tanquam
990 3453 1121 3525 ejusdem
1143 3454 1261 3525 Regula
1283 3451 1492 3521 testimonium,
1508 3452 1585 3525 quod
1602 3452 1712 3522 volunt,
1728 3450 1840 3508 hacdi-

88 3540 241 3613 paradisici
283 3538 404 3595 narcissi
447 3538 643 3595 inestimabili
693 3539 764 3594 flore
801 3538 936 3610 respersi,
990 3546 1059 3597 cunt
1076 3545 1206 3597 sanctum
1225 3548 1254 3596 et
1265 3541 1394 3613 justum;
1411 3541 1655 3613 etquodnolunt,
1670 3542 1843 3613 hocputant

89 3645 180 3701 usque
213 3626 284 3685 adeo
315 3628 503 3696 delectamur,
529 3631 560 3683 ut
587 3641 652 3682 cum
683 3627 818 3699 Apostolo
843 3626 937 3682 dicere
990 3646 1049 3686 non
1077 3630 1173 3686 licere.
1214 3630 1292 3685 llnda
1321 3630 1363 3699 lit,
1393 3630 1469 3703 quod
1498 3632 1571 3687 omni
1596 3635 1674 3686 aeolo
1708 3630 1839 3689 doctrinm

88 3732 226 3788 cogamur
241 3732 248 3771 :
265 3718 418 3772 Grutiosei
438 3720 487 3787 qai
505 3731 611 3786 semper
629 3717 781 3786 triumphet
801 3718 831 3772 in
849 3716 936 3785 mdis,
990 3719 1216 3786 circumferamur
1241 3716 1328 3790 (pr.
1349 3718 1396 3788 rr),
1418 3722 1446 3773 et
1464 3717 1545 3773 raldo
1567 3718 1841 3789 praesumptionibus

88 3805 240 3873 inquibus
270 3805 377 3861 odorem
404 3806 509 3860 aetitia
541 3820 596 3862 suar
623 3808 785 3873 manifestat
809 3806 840 3859 ia
866 3807 940 3861 omni
990 3808 1143 3863 hominum
1162 3822 1363 3878 aggravamur.
1388 3806 1463 3872 Quas
1486 3812 1514 3861 ot
1538 3806 1569 3861 B.
1595 3808 1679 3861 Pater
1700 3805 1840 3877 Augusti·

90 3893 345 3966 loco‚(llllor.11).
371 3894 605 3965 contemplantes
621 3893 699 3949 enim
714 3896 804 3949 totam
820 3909 937 3965 compa·
991 3912 1046 3951 nos
1084 3895 1251 3965 abhorrens,
1289 3896 1324 3950 de
1354 3893 1395 3951 eis
1427 3894 1468 3950 sic
1499 3894 1668 3967 religionem
1700 3899 1839 3963 nostram,

90 4000 155 4056 gem
180 3982 308 4039 universi
332 3982 459 4054 corporis
485 3982 625 4049 Ecclesia,
647 3981 677 4037 in
701 3999 757 4054 qua
779 3998 849 4038 raus
871 3984 937 4053 Spi·
991 4000 1080 4058 quam
1114 3984 1293 4057 paucissimis
1328 3988 1357 4039 et
1398 3982 1639 4041 manifestissimis
1676 3982 1842 4038 celebratio·

90 4077 160 4128 ritus
191 4070 294 4126 diuidit
325 4071 443 4140 singulis
469 4075 552 4140 prout
582 4071 642 4126 cult
674 4070 698 4143 (l
730 4072 790 4127 Gor.
816 4070 848 4140 ι),
877 4072 939 4143 ejus
991 4090 1062 4130 num
1087 4072 1283 4141 sacramentis,
1307 4072 1502 4129 misericordia
1530 4072 1582 4127 Dei
1606 4070 1697 4127 voluit
1723 4086 1784 4125 osse
1808 4068 1842 4125 li-

91 4159 303 4217 oxuberantiam
327 4159 358 4215 in
381 4164 480 4215 restrae
504 4157 662 4215 sanctitatis
682 4161 848 4215 excellentia
869 4175 938 4215 ccu-
990 4164 1101 4231 heram,
1122 4162 1193 4217 adeo
1214 4160 1366 4217 servilibus
1388 4162 1524 4217 oneribus
1546 4163 1695 4232 premunt,
1718 4164 1751 4215 ut
1765 4158 1841 4215 tole-

91 4250 248 4322 gaudemus
269 4248 421 4305 effluitare.
446 4249 519 4315 Quia
548 4249 636 4320 igitur
649 4264 699 4303 ros
722 4253 787 4320 post
807 4254 938 4320 tempora
956 4220 1110 4307 Crabilior
1124 4252 1162 4306 sit
1174 4250 1300 4308 conditio
1313 4250 1486 4306 ludaeorum.
1501 4249 1556 4315 Qui
1572 4248 1703 4323 quamvis
1717 4264 1792 4305 versa
1806 4248 1841 4303 fl-

91 4339 296 4411 apostolorum,
321 4338 404 4411 quasi
423 4337 569 4410 quoddam
591 4338 741 4409 speculum
756 4337 861 4394 dirinae
875 4336 937 4410 pic·
991 4340 1111 4397 hastatis
1135 4346 1247 4413 tempus
1270 4356 1329 4395 non
1354 4344 1559 4411 cognoverunt,
1583 4338 1729 4410 regalibus
1742 4343 1842 4393 tamen

90 4426 154 4483 tatis
184 4426 424 4497 contemplamur,
463 4425 528 4482 ideo
551 4425 582 4481 in
614 4425 790 4481 necessitatis
816 4428 938 4483 articulo
992 4426 1841 4500 sacramentis,nonhumanispresumptionibussubjiciun-

90 4520 227 4587 taoquam
249 4514 283 4570 ad
307 4515 506 4570 firmissimum
528 4514 759 4587 inexpugnabilis
787 4515 936 4588 municipii
992 4524 1049 4574 tor.
1078 4517 1233 4574 Pretiosius
1263 4516 1361 4590 itaquo
1396 4517 1499 4588 opibus
1531 4516 1628 4585 Croesi,
1665 4516 1724 4571 imo
1754 4513 1841 4569 totius

91 4604 192 4659 asilum
216 4602 425 4676 confugientes,
449 4603 570 4660 consilio
594 4608 624 4659 at
646 4602 824 4660 orationibus
838 4606 939 4661 restris
992 4606 1094 4663 mundi
1116 4604 1193 4679 gazis
1217 4622 1288 4677 opus
1319 4605 1433 4661 charius
1456 4603 1628 4660 exhibebitis
1656 4604 1679 4657 si
1702 4602 1837 4673 petitioni

90 4698 121 4749 nt
157 4692 239 4749 nobis
273 4693 454 4763 succurratis,
491 4693 691 4764 deprecamur.
722 4694 799 4751 Ordo
830 4694 938 4766 quippe
992 4703 1096 4751 nostrae
1115 4695 1144 4751 in
1169 4695 1223 4751 hoc
1245 4694 1400 4750 admodum
1426 4692 1567 4749 universis
1590 4692 1722 4748 claustris
1741 4706 1839 4747 neces-

91 4786 197 4847 noster,
225 4782 293 4838 licet
324 4798 378 4854 per
411 4782 508 4838 omnis
545 4783 635 4838 simus
663 4782 746 4838 nobis
774 4783 937 4852 dissimiles,
992 4783 1076 4839 seriae
1111 4782 1282 4855 sategeritis.
1317 4782 1346 4837 si
1374 4781 1452 4837 enim
1485 4786 1572 4836 totam
1599 4781 1626 4836 S.
1661 4780 1841 4852 Scriptorum

91 4886 141 4943 per
161 4888 210 4925 ros
234 4872 392 4928 honoratur
416 4876 443 4927 et
467 4871 660 4929 beatificatur.
692 4874 791 4946 ltaque
814 4873 937 4929 relatum
992 4872 1183 4944 exponeretis,
1219 4870 1291 4927 nihil
1315 4875 1374 4927 tam
1409 4870 1489 4937 istite,
1517 4874 1575 4925 mm
1608 4869 1725 4925 charum
1757 4866 1842 4923 nobis

90 4965 131 5014 ast
154 4959 237 5016 uobis
270 4960 305 5017 de
335 4961 619 5033 operibus1restris,
648 4961 786 5034 quoniam
815 4961 940 5019 brevitor
991 4959 1129 5017 exhibere
1157 4960 1345 5032 possetisne
1370 4960 1482 5032 reliquo
1510 4962 1588 5013 orata
1614 4974 1667 5029 pro
1694 4956 1787 5023 nobis,
1809 4959 1842 5010 ut

90 5053 117 5103 et
148 5048 252 5104 lucidae
288 5049 419 5107 Ecclesia
453 5050 532 5121 liliis,
560 5055 698 5122 tanquam
737 5050 939 5108 desiderabiles
993 5048 1103 5122 Spiritu
1130 5050 1158 5106 S.
1189 5054 1287 5105 nostra
1309 5048 1427 5104 collecto
1456 5048 1576 5104 societas
1605 5045 1685 5102 nulla
1711 5060 1841 5119 unquam

89 5136 200 5193 divitias
224 5138 395 5207 contulistis,
422 5143 451 5194 et
478 5139 547 5211 quia
568 5154 621 5195 nac
640 5139 694 5196 hoc
721 5140 797 5195 dono
824 5140 936 5209 caretis,
992 5137 1103 5194 hostilis
1135 5137 1243 5195 fraudis
1274 5137 1484 5193 machinatione
1513 5136 1698 5192 disturbetur.
1729 5134 1759 5190 Si
1790 5132 1840 5206 qui

90 5225 210 5304 pedibus
245 5224 403 5281 sanchtatis
436 5232 539 5282 restrae
573 5226 729 5297 convoluti,
768 5243 868 5283 omnes
907 5227 938 5283 in
992 5227 1080 5299 coepit
1102 5210 1139 5283 iu¹
1156 5227 1239 5283 nobis
1261 5226 1368 5282 bonum
1383 5242 1465 5299 opus,
1491 5240 1674 5298 perseverare
1698 5223 1729 5280 in
1757 5222 1841 5279 nobis

89 5330 239 5370 commune
267 5314 393 5386 potimus
427 5314 542 5386 pietatis
570 5320 673 5371 restra
710 5315 880 5385 almitatem,
906 5321 939 5371 nt
992 5316 1127 5389 dignetur
1165 5316 1196 5371 in
1225 5314 1405 5387 beneplacita
1438 5314 1494 5371 sibi
1527 5313 1701 5386 operatione.
1742 5312 1841 5369 Valeat

91 5403 197 5476 aliquid
225 5418 312 5477 snper
333 5403 473 5476 Regulam
499 5406 529 5459 B.
560 5402 707 5461 Benedicti
729 5403 820 5460 Patris
847 5404 938 5461 nostri
994 5410 1125 5462 materna
1134 5404 1249 5462 dilectio
1262 5410 1364 5460 restra.
1855 5408 1861 5415 “

92 5492 259 5549 memoriale
296 5497 422 5549 rostrum
456 5492 626 5566 relinquatis
660 5494 816 5551 admodum
854 5494 938 5551 nohis
