3984 6034
62 203 138 257 ¹258
630 202 785 257 allusion.
797 231 830 241 -
844 200 907 255 ΗΒ.
929 200 974 269 111,
993 200 1040 257 DE
1059 200 1253 258 tseluteus.
1750 208 1818 262 test

60 348 135 387 eum
154 332 230 404 apud
245 348 275 387 se
291 333 326 387 ad
348 331 455 387 nudam
470 336 657 387 cutemsuam
671 336 770 403 ponat,
785 330 916 385 etetiam
934 332 1003 403 Asa
1028 330 1063 385 ad
1096 346 1161 387 eam
1187 330 1325 399 extendit,
1358 332 1410 387 iste
1436 332 1566 403 linguam
1604 332 1740 405 sapphiro
1769 334 1816 405 je-

60 420 110 474 ori
124 436 267 493 suosmpe
282 420 478 492 imponat,ita
493 422 569 493 quod
594 420 739 493 spiramen
756 420 817 491 eius
833 418 915 475 illum
965 418 1056 488 junus
1083 435 1158 491 saepe
1186 424 1286 491 ungat,
1312 420 1391 491 quud
1414 420 1491 475 calor
1513 425 1542 475 et
1567 420 1656 475 virtus
1680 436 1745 475 οηηη
1770 438 1816 476 ce·

60 514 178 580 tangat,
197 525 264 563 eum
293 509 387 580 ipsum'
412 515 493 564 extra
518 510 625 564 emittit
650 526 692 577 se,
715 514 743 562 et
761 515 830 562 ωηο
848 524 914 563 eum
971 506 1028 563 lida
1053 506 1225 563 humiditate
1249 508 1345 563 salivae¹
1362 508 1461 564 noxios
1483 508 1620 564 humores
1640 510 1688 581 qui
1704 510 1816 565 intelle-

60 599 95 651 in
111 614 144 652 se
163 598 248 666 toltit,
271 602 300 653 ct
320 603 389 653 tuuc
410 615 443 652 ex
467 598 523 653 boc
546 598 718 663 intellectos,
738 602 768 653 et
786 593 913 665 seientia,
969 601 1048 651 utum
1067 596 1493 669 bominisopprimuntlugant‚
1510 601 1539 653 et
1554 598 1694 653 sichomo
1709 599 1816 655 bouum

60 692 92 740 et
115 702 219 741 omnes
234 701 335 741 sensus
352 685 480 757 corporis
497 687 541 740 sni
556 686 765 754 confortantur,
779 691 807 739 et
826 685 865 740 ita
879 685 915 740 ab
969 685 1147 741 intellectum
1166 685 1254 757 capit.
1270 686 1307 741 Et
1320 686 1370 757 qui
1394 685 1424 740 in
1441 687 1482 739 ira
1498 684 1579 741 valde
1594 692 1734 755 movetur,
1751 704 1816 757 sap-

63 775 173 829 eodem
188 774 306 830 bomine
321 790 426 845 magna
445 776 499 841 ira,
515 780 544 829 et
557 774 687 840 stultitia,
712 779 740 830 et
755 774 915 847 indiscipli·
968 774 1087 844 pbirum
1103 774 1133 828 in
1152 790 1183 827 os
1204 789 1288 828 suum
1303 790 1370 828 mox
1386 779 1483 845 ponat,
1499 778 1528 829 et
1551 774 1591 829 ita
1606 775 1815 845 exstinguetur,

61 863 147 917 natio
171 862 351 929 aulernntur,
375 868 405 917 et
430 862 570 933 dyabulus
594 869 712 934 propter
741 862 914 916 munditiam
969 862 1047 916 stab
1062 877 1096 916 eo
1118 860 1249 917 cessabit.
1273 861 1391 927 Quodsi
1415 862 1485 933 lapis
1504 861 1558 916 iste
1572 862 1603 916 in
1617 862 1815 933 purissimum,

61 952 143 1005 banc
165 950 226 1007 odit
251 954 279 1005 et
305 951 388 1022 lugit.
418 952 452 1006 Et
474 952 497 1006 si
511 951 555 1006 vir
577 955 626 1006 sot
646 952 751 1006 mulier
763 950 798 1006 de
813 956 916 1007 natura
969 948 1077 1005 scilicet
1092 950 1206 1018 gebrant
1223 952 1292 1017 pult,
1313 950 1465 1017 annulum,
1481 948 1589 1021 absque
1609 950 1683 1005 tlecli
1697 952 1752 1005 mut
1766 967 1816 1021 pu·

61 1042 96 1095 in
125 1047 210 1110 gestu
233 1041 327 1095 munis
350 1040 463 1094 lorfiter
485 1041 575 1107 ardet,
590 1046 658 1095 tnnc
686 1039 863 1095 sardonicem
879 1039 913 1094 ad
970 1039 1041 1094 situs
1064 1043 1117 1103 est,
1139 1042 1168 1093 et
1190 1038 1214 1093 si
1237 1038 1324 1094 etiam
1345 1038 1514 1093 subendam
1534 1036 1628 1109 lapide
1652 1038 1723 1093 nibil
1740 1040 1817 1095 aliud

64 1130 186 1184 tencteri
203 1145 270 1183 suos
289 1134 387 1199 ponat,
403 1128 512 1184 femina
526 1134 622 1184 autem
638 1144 725 1200 super
744 1127 915 1183 umbilicum
970 1132 1024 1190 est,
1040 1143 1128 1198 quam
1143 1144 1258 1194 aurum,
1273 1133 1341 1182 tunc
1356 1128 1442 1181 homo
1456 1126 1590 1181 eumdem
1606 1126 1715 1198 absque
1729 1127 1815 1181 dlect-

62 1233 165 1285 suum,
185 1222 214 1273 et
232 1218 268 1272 de
288 1216 407 1273 libidine
421 1217 471 1273 illa
494 1217 652 1272 remedium
677 1216 834 1272 habebunt.
861 1216 915 1272 Sed
969 1217 1035 1283 mul,
1049 1216 1079 1271 in
1095 1232 1181 1287 quem
1201 1215 1274 1287 lapis
1289 1216 1344 1271 iste
1358 1216 1470 1286 positus
1490 1221 1542 1283 est,
1558 1216 1587 1269 in
1604 1231 1636 1269 os
1658 1231 1742 1271 suum
1763 1232 1816 1287 pro

62 1311 176 1360 etcum
198 1306 321 1378 quilibet
339 1306 427 1361 homo
442 1310 555 1361 mutam
579 1306 658 1361 aucit
672 1304 769 1374 habet,
785 1308 813 1358 et
839 1310 915 1375 post
970 1304 1112 1359 medicina
1128 1309 1228 1376 ponat,
1253 1309 1281 1359 et
1299 1304 1325 1359 ei
1341 1320 1398 1358 nou
1428 1302 1539 1370 oberit;
1564 1303 1587 1358 si
1611 1310 1708 1359 autem
1732 1305 1816 1375 quid·

64 1410 156 1465 qnam
169 1394 204 1448 de
219 1410 254 1449 ea
267 1394 414 1449 sudaverit
428 1393 529 1449 melius
546 1410 576 1447 se
590 1392 732 1459 habendo,
748 1409 813 1448 mox
832 1409 915 1447 eum·
970 1409 1058 1465 quam
1067 1392 1144 1447 aliud
1156 1392 1195 1447 ibi
1206 1396 1248 1446 est
1257 1408 1342 1463 quam
1354 1395 1543 1457 aurum,tunc
1553 1407 1611 1445 non
1621 1392 1740 1461 valet,et
1750 1408 1817 1447 eum

62 1482 135 1536 dem
150 1481 274 1552 lapidem
289 1482 319 1536 in
339 1482 447 1537 annulo
469 1482 601 1554 imponat
622 1481 713 1552 digito
728 1496 791 1548 suo,
807 1484 835 1534 et
863 1480 915 1535 de·
970 1483 1001 1537 in
1012 1499 1042 1537 us
1053 1498 1137 1536 snum
1148 1482 1388 1552 nonponat,quiu
1399 1480 1547 1534 diversitas
1559 1479 1600 1535 ibi
1610 1479 1815 1535 inannuloest.

61 1570 256 1626 nuoinaraubt
270 1571 423 1627 nuncadit
1006 1570 1078 1637 Etsi
1100 1570 1205 1641 aliquis
1228 1570 1315 1625 homo
1340 1568 1371 1624 in
1394 1569 1522 1641 maligno
1546 1568 1649 1640 spiritu
1671 1584 1816 1639 possessus

294 1659 357 1717 Car.
378 1660 424 1715 Vl.
446 1660 689 1716 -DsSaru1n0.
931 1646 1021 1727 Best,
1045 1658 1119 1714 alius
1143 1660 1229 1713 homo
1251 1658 1335 1741 laciat
1357 1657 1526 1729 sapphirum
1555 1656 1585 1711 in
1608 1662 1715 1711 terram
1737 1657 1816 1727 poni,

100 1746 241 1818 Sapbirus
262 1748 370 1802 calidus
389 1753 449 1816 est;
476 1748 633 1803 secundum
652 1751 766 1818 tempus
783 1745 913 1802 meridia·
968 1752 1118 1801 atterram
1133 1746 1257 1801 illumin
1276 1748 1353 1801 corio
1381 1761 1444 1813 suo,
1460 1751 1488 1800 et
1503 1746 1543 1799 ita
1558 1746 1593 1799 ad
1618 1744 1724 1799 collum
1739 1746 1816 1800 illius

60 1851 135 1889 num
155 1836 255 1890 erescit
269 1836 319 1906 (t),
335 1852 401 1891 cum
420 1837 462 1891 sol
488 1837 517 1892 in
539 1837 642 1892 ardore
656 1852 708 1891 suo
727 1843 787 1890 tam
802 1835 913 1890 fortiter
967 1832 1157 1903 suspendeat
1184 1833 1230 1887 diu
1257 1849 1264 1887 :
1290 1852 1304 1883 a
1333 1832 1417 1895 Οω,
1440 1831 1605 1903 turpissime
1630 1830 1758 1902 spiritus,
1781 1830 1816 1886 ab

58 1924 146 1978 ardet
159 1925 236 1994 qnod
252 1940 302 1979 aer
315 1924 497 1995 aliquantum
508 1924 543 1979 de
550 1924 653 1979 ardore
666 1924 911 1995 ejusobstruatur,
966 1920 1022 1975 boc
1037 1919 1154 1975 bomine
1173 1919 1343 1975 {estinanter
1368 1919 1478 1987 recede,
1494 1918 1568 1973 sicut
1590 1919 1619 1972 in
1638 1918 1732 1989 primo
1749 1933 1817 1971 casu

59 2016 92 2066 et
106 2017 176 2066 tunc
191 2012 329 2083 splendor
350 2013 417 2067 solis
432 2013 467 2067 de
492 2012 581 2067 nimio
604 2012 717 2077 ardore,
735 2026 821 2083 quem
845 2017 914 2065 tunc
966 2011 1018 2063 tuo
1048 2008 1141 2080 gloria
1163 2007 1323 2079 splendoris
1348 2007 1391 2061 tui
1415 2023 1432 2061 a
1456 2012 1483 2061 te
1507 2006 1643 2062 citissime
1667 2005 1785 2075 cecidit,
1801 2026 1815 2054 η

59 2100 160 2163 habet.
176 2117 271 2155 aerem
287 2102 328 2156 ita
349 2102 569 2168 transverberat,
585 2101 663 2171 quod
680 2099 756 2155 idem
778 2100 914 2171 splendor
966 2102 996 2150 et
1021 2095 1164 2167 malignus
1192 2099 1253 2167 ipse
1275 2095 1395 2167 spiritus
1419 2096 1544 2151 multum
1565 2094 1760 2166 torquebitur,
1787 2098 1817 2149 et

61 2195 132 2244 tuno
151 2195 210 2244 tam
236 2190 364 2261 pleniter
390 2206 448 2244 non
473 2196 594 2261 apparet
617 2195 650 2243 nt
668 2192 737 2243 ωηο
760 2189 912 2243 faciteam
965 2183 1002 2239 ab
1027 2185 1128 2240 eodem
1153 2184 1270 2239 bomine
1298 2184 1421 2252 recedet,
1447 2182 1502 2238 nisi
1533 2183 1691 2237 acerrimus
1714 2188 1743 2236 et
1763 2196 1815 2237 ue·

61 2279 303 2350 aeraliqnantnm
313 2282 489 2349 temperatus
499 2283 595 2343 est3et
606 2278 671 2332 ideo
681 2276 768 2331 etiam
782 2276 914 2331 turbidus
967 2273 1123 2344 quissimus
1146 2272 1263 2345 spiritus
1292 2274 1347 2339 sit,
1369 2278 1398 2328 et
1417 2272 1522 2326 melius
1547 2271 1673 2327 habebit.
1697 2268 1818 2336 Quodsi

61 2372 117 2434 est,
145 2374 175 2421 et
189 2368 275 2422 etiam
296 2367 387 2438 magis
402 2367 513 2439 igneus,
535 2382 622 2439 quam
645 2382 747 2420 aereus
762 2371 812 2419 aut
826 2381 913 2437 quarn
967 2361 1055 2416 etism
1080 2361 1220 2432 dyabolus
1238 2363 1330 2415 virum
1351 2361 1478 2432 aliquem
1492 2361 1529 2415 ad
1551 2376 1679 2415 amorem
1695 2356 1817 2429 alicujus

63 2462 250 2527 aquusns;et
263 2457 380 2525 plenam
392 2455 562 2510 charitatem
571 2454 719 2525 sapientias
731 2454 869 2523 designat.
880 2452 914 2507 Et
966 2449 1082 2503 leminea
1111 2448 1299 2519 instigaverit,
1326 2448 1365 2503 ita
1393 2448 1481 2519 quod,
1511 2448 1620 2520 absque
1646 2448 1764 2519 magicis
1787 2455 1818 2505 et

62 2545 153 2597 borno
169 2544 219 2615 qni
234 2544 287 2598 vett
311 2543 341 2597 in
356 2545 438 2597 oculo
462 2542 559 2607 habet,
579 2541 747 2612 sapphirum
773 2541 804 2595 in
826 2555 914 2595 manu
967 2536 1075 2609 absque
1094 2536 1323 2592 invocationibus
1344 2536 1520 2603 daemonum,
1537 2536 1567 2590 in
1588 2552 1716 2591 amorem
1737 2537 1817 2593 illius

62 2650 118 2689 sua
139 2638 247 2699 teneat,
270 2637 298 2687 et
317 2648 384 2687 eum
406 2632 435 2686 in
456 2632 520 2703 ipsu
540 2631 599 2685 sire
624 2630 691 2701 igue
715 2629 871 2695 calefaciet,
886 2634 915 2683 et
966 2625 1093 2680 insanire
1107 2624 1259 2696 inceperit,
1277 2628 1306 2679 et
1328 2624 1353 2679 si
1372 2624 1488 2680 mulieri
1511 2624 1567 2681 boc
1583 2625 1735 2681 molestum
1751 2626 1817 2680 fue-

61 2722 119 2777 uett
133 2723 163 2776 in
182 2722 266 2777 oculo
284 2737 337 2775 suo
357 2736 422 2775 cum
438 2719 535 2793 lapide
556 2718 670 2774 madido
689 2721 798 2788 tangat,
822 2722 850 2771 ot
870 2716 912 2771 sic
966 2714 1017 2783 rit,
1031 2713 1094 2785 ipsa
1108 2714 1256 2769 modicum
1272 2712 1332 2769 vini
1347 2730 1435 2785 super
1455 2712 1625 2787 sapphirum
1641 2718 1685 2768 ter
1704 2713 1814 2782 laudat,

62 2826 118 2883 per
146 2815 205 2865 tres
228 2809 289 2865 dies
312 2808 343 2864 in
370 2825 455 2864 mane
481 2814 510 2863 et
537 2808 569 2862 in
592 2812 674 2862 nocte
699 2806 793 2874 laciat,
817 2806 915 2860 etoett
967 2808 998 2858 et
1018 2802 1124 2858 totiens
1143 2802 1219 2857 dieat
1244 2819 1250 2857 :
1275 2823 1289 2853 a
1306 2803 1365 2874 Ego
1391 2801 1572 2857 vinum'boc
1591 2802 1619 2856 in
1649 2802 1816 2857 ardentibus

62 2898 268 2964 minorabitur,
297 2905 326 2953 et
350 2900 509 2952 evanescet.
534 2897 567 2951 st
593 2895 617 2949 si
643 2894 728 2949 atiani
752 2892 827 2950 oculi
854 2908 913 2964 pras
933 2891 1076 2981 Cviribus
1089 2895 1216 2961 superte
1230 2890 1330 2958 tundo,
1348 2890 1421 2946 sicut
1437 2893 1510 2945 Deus
1525 2891 1708 2962 splendorem
1721 2895 1815 2960 tuum,

64 2988 163 3043 dolore
179 2988 284 3043 rubent
306 2991 337 3042 et
354 2991 486 3054 seregent,
501 2991 552 3040 eut
578 2983 623 3039 cui
643 2983 777 3053 caligant,
796 2981 913 3055 sappbi-
967 2978 1174 3049 praevaricante
1196 2979 1312 3051 angelo,
1326 2978 1472 3045 abstraxit,
1491 2984 1523 3035 ut
1547 2980 1587 3034 ite
1605 2994 1733 3035 amorem
1749 2978 1815 3033 libi-

64 3093 132 3132 rum
151 3077 272 3147 jejunus
295 3076 328 3131 in
356 3090 493 3130 ossuum
521 3078 619 3144 ponat,
635 3077 665 3127 et
685 3071 721 3127 de
745 3071 834 3125 saliva
856 3070 915 3124 oris
968 3063 1045 3118 dinis
1069 3062 1195 3118 ardentis
1216 3064 1271 3118 viri
1295 3063 1383 3135 hujus
1404 3064 1440 3118 de
1464 3079 1510 3119 me
1528 3063 1684 3119 abstrahas.
1701 3084 1715 3114 a
1736 3062 1815 3129 erod

66 3167 111 3220 sui
125 3165 259 3220 madidus
280 3164 340 3232 fiat,
362 3170 391 3219 et
407 3171 475 3219 runc
488 3164 524 3218 de
539 3162 639 3217 eadem
661 3161 748 3215 sativa
762 3176 820 3232 qua
836 3160 914 3215 idem
968 3151 992 3205 si
1006 3150 1115 3205 femina
1130 3150 1180 3206 illa
1200 3150 1255 3205 hou
1278 3150 1371 3205 lacere
1393 3150 1531 3219 noluerit,
1555 3148 1630 3203 alius
1652 3150 1750 3216 humo,
1770 3148 1816 3204 uni

65 3254 140 3325 lapis
160 3252 328 3307 malefactus
347 3257 391 3306 est
409 3251 500 3322 digito
522 3250 652 3321 accipiat,
674 3254 704 3305 et
724 3249 822 3303 ocutos
848 3264 915 3302 suos
968 3254 1051 3294 amor
1064 3238 1114 3293 ille
1132 3239 1269 3294 molestus
1284 3243 1336 3307 est,
1357 3254 1409 3309 pro
1429 3238 1491 3311 ipsa
1505 3238 1582 3291 idem
1598 3236 1692 3304 saciat,
1714 3242 1743 3293 el
1755 3238 1816 3292 viro

67 3341 269 3407 circumliniat,
287 3340 327 3394 ita
347 3340 528 3411 quodetiam
549 3339 648 3393 oculos
662 3338 785 3393 interius
803 3341 913 3407 tangat,
967 3326 1029 3397 illo,
1044 3326 1144 3398 jejuno
1160 3332 1209 3382 eut
1229 3342 1346 3398 pranso,
1362 3332 1390 3382 et
1404 3332 1454 3381 aut
1473 3326 1573 3380 scienti
1595 3330 1645 3381 eut
1659 3326 1815 3397 ignoranti,

68 3435 98 3484 et
124 3429 314 3493 sanabuntur,
338 3434 367 3482 et
390 3427 459 3481 clari
482 3433 578 3481 eruut.
610 3426 664 3482 Sed
693 3431 721 3479 et
745 3424 831 3479 bomo
864 3423 912 3495 qui
968 3431 1021 3486 per
1035 3422 1093 3470 tres
1108 3416 1168 3471 dies
1187 3423 1237 3471 sut
1259 3417 1368 3487 plnres,
1395 3415 1429 3470 ud
1453 3414 1610 3469 bibendum
1631 3415 1688 3469 det.
1717 3414 1772 3472 Sed
1793 3415 1817 3470 si

68 3522 144 3573 ηοω,
170 3516 347 3584 eorummet
362 3520 415 3582 οη,
436 3515 478 3569 ig,
497 3514 574 3585 quod
601 3514 631 3568 in
646 3513 738 3584 capite
753 3517 783 3568 er
799 3512 831 3566 jn
850 3511 914 3565 feli.
968 3502 1056 3556 etiam
1077 3500 1185 3556 femina
1199 3502 1231 3556 in
1250 3518 1348 3556 amore
1370 3502 1491 3569 alicujus
1512 3502 1566 3556 viri
1587 3501 1679 3568 ardet,
1703 3507 1732 3557 et
1755 3501 1817 3555 viro

67 3622 126 3678 quo
141 3621 260 3677 corpore
279 3619 330 3658 suo
354 3602 546 3674 pernimiam
568 3602 780 3673 oppressionem
800 3598 914 3671 patien-
969 3591 1025 3645 boc
1040 3590 1192 3644 molestum
1208 3594 1261 3657 eat,
1276 3591 1337 3661 ipse
1355 3589 1463 3643 eaedem
1492 3590 1608 3644 leminea
1627 3606 1691 3643 cum
1706 3588 1773 3644 vino
1788 3596 1817 3643 ut

67 3695 137 3749 tiam
162 3694 269 3749 habere
288 3707 347 3747 non
374 3693 477 3764 potest,
508 3689 642 3745 eumdem
669 3687 795 3758 lapidem
823 3686 854 3741 in
882 3702 915 3740 os
968 3677 1106 3749 sapphiro
1132 3677 1226 3745 locist,
1255 3683 1285 3731 ut
1308 3676 1479 3749 pradictum
1503 3683 1557 3745 est,
1578 3678 1712 3732 incensus
1734 3693 1816 3732 amor

11 3770 12 3773 ¹
67 3798 152 3838 suum
166 3784 265 3854 ponat,
281 3785 310 3835 et
328 3780 402 3847 giclit
412 3779 442 3833 in
457 3794 492 3833 eo
505 3775 637 3832 cessabit.
968 3766 1017 3821 ille
1033 3766 1164 3821 cessabit.

104 3872 196 3927 Homo
221 3884 337 3942 qnoque
359 3867 409 3942 qui
424 3867 534 3922 bonum
557 3866 736 3921 intellectum
759 3868 788 3918 et
808 3864 914 3918 bonam
1199 3854 1262 3910 Car.
1283 3854 1342 3909 Vll.
1361 3882 1397 3896 -
1415 3854 1455 3908 Da
1473 3854 1584 3910 Sannio.

67 3959 216 4015 scientiam
251 3958 358 4013 babere
387 3956 540 4021 desiderat,
572 3954 741 4026 sapphirum
770 3952 800 4007 in
829 3967 914 4006 mane
1004 3942 1122 3999 Sardins
1157 3949 1224 4014 post
1273 3942 1424 3997 meridiem
1479 3942 1579 3996 crescit
1628 3939 1817 3996 inundatione

66 4049 133 4114 diei,
144 4046 262 4103 cottidie
276 4062 341 4101 cum
357 4046 391 4101 de
407 4045 480 4100 lecto
499 4043 600 4114 surgit,
609 4043 726 4114 jejunus
740 4042 771 4096 in
782 4057 813 4095 os
828 4055 913 4094 stium
968 4032 1140 4103 pluviarum,
1183 4047 1248 4087 cum
1280 4032 1350 4086 lolia
1392 4030 1559 4087 laubrorum
1606 4030 1742 4085 arborum
1785 4030 1816 4085 in

67 4142 164 4209 ponat,
189 4141 306 4192 ,teum
329 4134 441 4205 pape„
464 4133 577 4189 brevem
602 4129 914 4196 h0r⁸m‚501110021211.
968 4119 1149 4192 autumpnali
1189 4125 1320 4192 tempore
1362 4118 1558 4181 destruuntur,
1601 4118 1708 4172 scilicet
1747 4116 1817 4171 dum

11 4209 12 4284 ᾗ
69 4227 116 4281 diu
131 4226 161 4279 in
176 4241 225 4279 ore
240 4228 337 4278 teneat
351 4223 420 4277 dum
435 4221 470 4276 de
488 4222 580 4275 saliva
594 4236 650 4291 qua
670 4218 717 4273 ille
735 4217 912 4273 madefactus
932 4210 1012 4268 tlsol
1031 4209 1113 4263 valde
1140 4209 1251 4264 calidus
1275 4213 1319 4264 est
1340 4212 1369 4263 et
1391 4224 1440 4263 aer
1462 4207 1593 4280 frigidus,
1619 4210 1647 4261 et
1672 4208 1714 4281 sot
1734 4205 1816 4260 illum

11 4353 12 4356 ,
69 4318 111 4368 est
125 4311 299 4368 sufficienter
313 4312 343 4366 in
362 4325 392 4364 se
411 4308 515 4375 trabat,
543 4324 576 4362 ac
594 4323 661 4362 eum
682 4307 787 4362 deinde
809 4306 844 4359 de
862 4320 911 4359 ore
966 4298 997 4351 in
1022 4296 1162 4353 rubedine
1186 4313 1238 4351 sua
1260 4296 1346 4363 fovet.
1377 4296 1409 4351 Et
1447 4296 1513 4351 ideo
1543 4296 1602 4367 ipse
1630 4296 1665 4350 de
1695 4310 1759 4348 uere
1788 4297 1818 4347 el

70 4402 225 4468 sustollat,
246 4406 274 4455 et
298 4398 443 4455 modicum
468 4397 526 4452 vini
548 4401 646 4451 teneat
664 4396 699 4450 ad
720 4396 817 4465 ignem
837 4399 866 4448 et
882 4394 912 4447 in
967 4387 1002 4440 du
1030 4402 1106 4458 aqua
1127 4402 1217 4458 purus
1245 4390 1298 4453 est,
1323 4392 1352 4440 et
1377 4384 1408 4438 in
1436 4386 1512 4439 bone
1539 4383 1680 4455 temperie
1711 4382 1815 4437 caloris

69 4492 180 4547 vasculo
199 4489 356 4555 calefaciat,
374 4493 460 4560 atque
484 4488 579 4557 ipsum
603 4486 634 4540 in
656 4485 766 4539 fumum
783 4483 912 4554 eiusdem
965 4474 1038 4530 bene
1068 4478 1254 4545 temperatus,
1283 4477 1312 4528 et
1334 4472 1438 4527 virtute
1469 4488 1521 4526 sua
1548 4470 1733 4526 adversitates
1763 4485 1815 4540 pe·

69 4580 126 4634 viui
142 4582 248 4642 teneat,
264 4584 297 4632 ut
311 4578 379 4632 inde
393 4574 522 4631 sudando
541 4574 688 4639 madefiat,
703 4578 731 4627 et
753 4572 793 4623 sio
812 4570 913 4639 lingua
968 4562 1102 4617 stilentioe
1150 4562 1261 4616 avertit.
1308 4559 1389 4625 Quod
1429 4560 1453 4613 si
1488 4562 1575 4614 homo
1611 4560 1646 4614 de
1684 4556 1816 4629 pluribus

68 4683 117 4721 sua
132 4668 167 4721 de
181 4664 356 4721 humiditate
370 4662 447 4718 illius
466 4662 589 4732 linguat,
604 4659 738 4714 acutiam
760 4655 912 4712 deeodem
965 4651 1095 4723 pestibus
1133 4656 1161 4706 et
1201 4648 1418 4704 infirmitatibus
1449 4649 1479 4703 in
1517 4649 1610 4720 capite
1653 4647 1741 4717 dolet,
1772 4646 1814 4701 ita

68 4756 134 4810 vino
155 4755 286 4822 salivam,
309 4754 345 4808 de
363 4751 515 4824 quaidem
538 4750 613 4821 lapis
630 4747 760 4815 incaluit,
785 4745 815 4799 in
843 4760 912 4798 ven·
966 4741 1043 4813 qnod
1070 4740 1138 4795 inde
1167 4738 1244 4793 velut
1272 4754 1371 4793 emens
1394 4736 1526 4801 eflicitur,
1552 4736 1679 4791 sardium
1707 4741 1757 4790 aut
1782 4734 1813 4790 iu

68 4849 138 4898 trem
159 4840 236 4895 itlius
250 4840 377 4895 bominis
392 4838 480 4906 ducit,
497 4842 525 4893 et
548 4838 589 4891 sic
610 4835 658 4890 illa
672 4849 779 4907 purum
798 4832 912 4887 intelle·
965 4830 1062 4902 pilleo,
1079 4835 1129 4884 aut
1149 4830 1179 4883 in
1203 4843 1310 4899 panno,
1336 4830 1385 4881 aut
1407 4828 1437 4881 in
1465 4826 1542 4881 corio
1568 4842 1656 4898 super
1679 4825 1815 4879 verticem

67 4937 143 4985 ctum
164 4936 194 4983 et
211 4944 314 4999 puram
337 4926 484 4983 scientiam
504 4924 632 4991 babebit,
650 4928 679 4978 et
694 4922 781 4977 etiam
804 4924 911 4975 stoma·
966 4919 1028 4989 ejus
1049 4918 1130 4989 liget,
1145 4923 1174 4973 et
1196 4917 1293 4973 dicat:
1313 4940 1327 4965 a
1345 4916 1421 4972 Sicut
1443 4916 1516 4971 Deus
1532 4916 1658 4985 primum
1679 4912 1815 4985 angelum

11 5015 12 5036 ¹
68 5018 136 5073 cbus
154 5017 216 5088 ejus
242 5032 276 5071 ex
305 5016 361 5070 boc
384 5030 470 5069 santis
504 5015 568 5069 erit.
604 5013 659 5069 Sed
703 5017 733 5067 et
759 5009 809 5081 qui
838 5006 912 5063 stul·
965 5007 995 5062 in
1014 5008 1139 5062 abissum
1156 5008 1268 5077 dejecit,
1285 5006 1324 5061 ita
1344 5006 1487 5060 insaniem
1511 5005 1585 5059 hunc
1604 5005 1639 5059 de
1657 5008 1684 5058 te
1707 5004 1739 5057 N.
1765 5001 1815 5057 ab·

69 5113 112 5163 tus
135 5111 185 5173 est,
211 5105 250 5160 ita
278 5104 355 5175 quod
384 5104 481 5158 omnis
515 5100 634 5157 scientia
662 5100 691 5154 in
724 5116 759 5155 eo
798 5097 907 5163 delicit,
966 5096 1101 5151 seidatet
1129 5095 1400 5152 bonemscientiam
1417 5092 1488 5147 mibi
1514 5092 1624 5160 reddat,
1647 5112 1661 5141 a
1681 5097 1710 5145 et
1731 5106 1814 5145 cura·

68 5196 116 5252 sed
148 5201 247 5251 tamen
275 5194 402 5267 prudens
434 5207 495 5246 esse
523 5190 610 5245 vellet
637 5195 667 5245 et
694 5189 821 5262 prodens
850 5201 911 5241 esse
965 5184 1053 5240 bitur.
1082 5186 1115 5240 Et
1134 5185 1181 5239 cui
1207 5184 1320 5238 auditus
1343 5184 1441 5255 aliqua
1465 5182 1634 5236 infirmitate
1658 5179 1816 5241 obduratus

70 5300 123 5340 non
158 5288 262 5356 potest,
308 5296 362 5338 uec
397 5286 463 5353 post
503 5277 649 5334 maliciam
688 5275 814 5349 respicit,
858 5288 911 5330 nec
966 5278 1020 5341 est,
1035 5273 1130 5345 ipsum
1151 5270 1276 5345 lapidem
1291 5288 1364 5343 puro
1387 5270 1601 5342 rinointingat,
1619 5275 1648 5325 et
1667 5268 1814 5325 madidum

104 5447 142 5519 (l)
157 5446 282 5501 blarbod.
300 5443 398 5514 Lepid.
418 5445 476 5497 teu.
