3984 6034
181 227 233 281 ³63
907 218 933 273 S.
953 216 1189 274 lllLllEGbltlllS
1880 221 1936 275 eet

367 351 577 409 RESPONSUM
602 330 843 409 nttuunauuls.
1045 353 1068 405 Α
1083 356 1128 406 tus
1143 358 1194 406 ost.
1211 352 1359 424 adaugeat
1376 351 1516 407 Dominus
1532 351 1654 424 gratiam
1669 369 1750 410 suam
1766 353 1797 410 irs
1809 354 1888 411 vobis
1904 362 1936 410 et

182 493 238 550 εὑ
468 487 514 544 bol
548 489 558 541 1
600 489 611 541 Ι
688 487 727 542 ad
750 487 816 542 M.
1083 439 1113 494 in
1128 441 1261 496 omnibus
1274 441 1324 514 qui
1340 441 1485 497 vobiscum
1504 447 1580 508 sunt,
1595 449 1624 498 et
1642 443 1727 498 iaciat
1741 448 1770 497 ut
1785 445 1814 498 in
1830 445 1935 516 spiritu

203 510 220 548 u
250 490 472 645 Wdiiiuiiirit
488 490 704 634 aisoiirmaisiiae
725 489 1027 649 'capg'zzlaeemsuqom
1083 528 1290 585 ¹³⁰¹¹⁰V⁰¹⁸¹¹²⁵¹²
1313 547 1455 586 ¹¹¹⁹¹¹¹⁰l⁰³
1477 531 1538 586 sins
1558 531 1634 602 apuu
1655 533 1820 601 Dominum,
1838 538 1866 588 ct
1880 550 1935 588 no-

1084 618 1146 686 stri,
1162 623 1191 673 et
1205 619 1373 687 multorum,
1383 619 1433 691 qui
1444 635 1524 692 spem
1535 636 1616 674 suam
1632 620 1661 676 in
1670 620 1750 676 vobis
1762 627 1933 693 posuerunt.

216 714 306 770 Chare
325 711 377 776 fili,
402 710 569 783 parabolam
586 710 661 765 hanc
685 710 762 777 audi,
789 726 876 783 qnam
903 710 934 764 iu
961 725 1029 764 sera
1083 706 1223 762 Salutaris
1236 707 1334 780 itaque
1350 707 1505 764 sanctitatis
1519 713 1620 765 vestrae
1635 709 1808 765 documenta
1817 716 1935 782 exopta-

179 803 289 858 visione
303 799 372 856 ridi.
1083 811 1147 850 mus
1163 813 1178 850 a
1198 797 1278 852 vobis
1293 797 1402 866 audire,
1418 801 1446 852 et
1461 801 1568 852 statum
1589 798 1655 852 ritae
1682 804 1788 855 nostrae
1812 799 1935 870 diligen·

217 891 355 956 Quadam
373 888 478 944 nobilis
494 891 523 943 et
542 888 663 959 pulchra
677 886 796 942 domina
809 885 973 942 cubiculum
993 901 1028 940 ex
1083 888 1127 940 ter
1141 900 1158 939 a
1172 885 1253 940 robis
1267 885 1440 957 intelligere,
1455 890 1484 942 et
1497 886 1639 958 quidquid
1654 887 1736 942 vobis
1757 889 1831 943 Dans
1845 904 1936 960 super

181 983 399 1038 aurooruatum
423 976 534 1043 habuit,
549 992 614 1047 quae
630 976 795 1048 frequenter
822 976 893 1030 duas
917 976 1029 1050 puellas
1082 974 1136 1029 hoc
1163 974 1342 1044 revelaverit,
1371 975 1456 1030 nobis
1490 975 1651 1048 dignamini
1684 977 1853 1042 rescribere;
1877 978 1935 1033 hoc

181 1072 327 1142 elegantes
349 1066 445 1121 vultns
467 1065 605 1120 habentes
635 1081 730 1121 secum
766 1065 896 1121 habitare
929 1064 1026 1135 elegit.
1083 1061 1204 1117 seientes
1223 1062 1300 1133 quod
1320 1060 1445 1117 consiliis
1466 1068 1496 1116 et
1516 1061 1634 1117 monitis
1655 1061 1755 1118 vestris
1777 1079 1830 1133 pro
1849 1080 1934 1134 posse

180 1160 275 1215 ltultoe
291 1160 387 1212 autem
402 1153 493 1211 turbae
507 1153 655 1210 dominam
674 1155 749 1210 hanc
762 1154 904 1222 videntes,
927 1155 1027 1211 laciem
1082 1155 1179 1206 nostro
1195 1150 1392 1222 obtemperare
1412 1150 1599 1205 decrevimus.
1630 1152 1701 1206 Nam
1731 1150 1813 1206 nobis
1835 1151 1934 1223 injun-

180 1249 244 1320 ejus
270 1246 467 1309 laudaverunt,
497 1261 529 1300 ae
550 1258 616 1299 cnm
643 1244 693 1298 illa
718 1244 848 1300 habitare
863 1245 1026 1299 voluerunt.
1083 1244 1161 1296 ctum
1176 1242 1219 1295 eat
1232 1244 1264 1295 ut
1276 1239 1450 1310 pauperibus
1463 1239 1630 1307 serviamus,
1648 1239 1722 1310 quod
1743 1239 1804 1295 sine
1830 1255 1933 1311 grave-

180 1337 291 1404 Onibus
315 1335 377 1408 ipsa
400 1333 484 1389 dixit:
500 1333 617 1388 llnnera
630 1349 694 1404 que
709 1332 790 1389 vobis
808 1333 933 1404 placent,
948 1332 1028 1389 vobis
1083 1328 1149 1384 dine
1159 1327 1362 1384 tumultuantis
1376 1327 1465 1382 animi
1479 1327 1665 1399 implerenon
1681 1343 1842 1400 possumus.
1857 1328 1934 1394 Oua·

179 1425 264 1490 dabo,
285 1424 352 1495 quia
371 1438 425 1478 nec
443 1421 527 1487 mihi,
554 1437 607 1477 nec
627 1421 708 1476 vobis
733 1421 882 1493 prodesset
897 1425 928 1477 ut
941 1421 1027 1476 simul
1082 1421 1211 1491 propter,
1232 1415 1343 1472 avobis
1358 1417 1430 1471 scire
1444 1416 1641 1472 desideramus
1656 1420 1753 1472 utrum
1772 1417 1854 1472 nobis
1873 1418 1932 1472 uti-

179 1528 316 1568 essemus.
333 1511 519 1567 Nobilitatem
533 1510 610 1565 enim
626 1515 655 1565 et
667 1510 912 1581 pulchritudinem
932 1525 1027 1565 meam
1082 1507 1138 1562 lins
1156 1505 1192 1561 sit
1206 1505 1242 1561 ad
1267 1506 1422 1562 claustrum
1438 1521 1491 1560 nos
1515 1505 1673 1571 recludere,
1697 1521 1733 1560 su
1748 1505 1778 1562 in
1802 1508 1932 1562 tumultu

179 1602 314 1674 vulpibus
339 1605 367 1655 et
382 1599 502 1655 canibus
517 1604 546 1655 et
564 1600 595 1654 in
617 1599 766 1655 irrisiones
788 1599 856 1655 dare
876 1600 954 1655 nolo.
972 1599 1025 1656 Sed
1048 1595 1136 1692 ssisto
1151 1609 1343 1667 perseverare.
1360 1596 1435 1650 Deus
1447 1594 1524 1650 vobis
1540 1594 1651 1666 aperiat
1662 1595 1742 1666 quod
1757 1595 1812 1650 sibi
1831 1596 1861 1651 iu
1877 1596 1933 1652 hoe

179 1691 312 1764 quoedem
334 1705 440 1761 rugosa
467 1689 573 1743 mulier
592 1688 681 1743 rubra
705 1693 733 1744 et
756 1688 840 1760 nigra
867 1687 939 1742 tacie
960 1687 1027 1742 huic
1082 1684 1321 1756 melinsplaceat.
1959 1680 1962 1688 '

178 1779 270 1835 nobili
296 1779 420 1834 dominre
446 1777 604 1833 assimilare
622 1777 722 1844 soluit,
742 1793 775 1832 ac
798 1776 977 1831 nobilitatem
1000 1781 1028 1832 et
1263 1806 1470 1863 RESPONSUM
1500 1805 1747 1863 ffiLDEGARffls·

178 1866 426 1942 pulchritudinem
455 1866 546 1936 ipsius
577 1866 696 1936 indigne
731 1865 806 1921 tulit.
837 1867 903 1921 ltoec
926 1865 1026 1920 eadem

179 1972 285 2027 rugosa
299 1955 405 2010 mulier
416 1969 502 2025 super
526 1953 673 2008 montibus
694 1953 833 2020 ambulat,
850 1956 878 2006 et
892 1952 922 2006 in
934 1952 1027 2023 regio-

178 2044 264 2099 nibns
278 2059 310 2098 ac
323 2044 354 2098 iu
370 2041 504 2097 omuibus
528 2042 600 2097 locis
623 2041 723 2109 currit,
748 2040 865 2096 laudem
888 2045 917 2096 et
936 2040 1026 2095 hono-

179 2148 239 2188 rem
254 2147 398 2204 quoerens,
423 2136 452 2186 et
469 2146 557 2185 nemo
577 2129 620 2185 illi

178 2223 234 2275 lste
256 2219 387 2292 inquieta
406 2222 436 2274 et
448 2217 664 2288 indisciplinata
689 2233 705 2271 a
729 2216 844 2272 diabolo
868 2222 920 2280 est,
932 2219 973 2294 ‘et
992 2215 1028 2270 ab
1118 2218 1150 2274 ln
1166 2231 1232 2272 vera
1257 2215 1365 2271 visione
1383 2213 1568 2286 vigilantibus
1587 2214 1676 2270 oculis
1694 2215 1725 2270 iu
1740 2214 1843 2287 spiritu
1864 2233 1933 2271 meo

179 2308 470 2380 omnibussbigenda
496 2317 547 2362 est.
564 2305 703 2372 Quaedam
718 2305 805 2361 otiam
825 2306 931 2361 mulier
954 2321 1028 2360 mer·
1081 2306 1143 2361 baec
1170 2305 1257 2360 verba
1285 2303 1379 2359 audivi
1399 2321 1406 2358 :
1430 2301 1520 2369 Ofili,
1536 2303 1586 2374 qui
1607 2303 1700 2358 forma
1729 2303 1779 2359 llei
1798 2320 1839 2366 es,
1856 2304 1935 2360 hanc

179 2397 267 2453 catria
283 2398 319 2453 de
335 2397 414 2453 omni
429 2401 490 2452 arte
504 2397 539 2452 ad
552 2411 581 2450 se
594 2394 784 2466 collegitque
803 2394 893 2450 oculis
906 2395 1028 2466 pulchra
1082 2393 1309 2467 propositionem
1325 2393 1402 2454 audi,
1420 2391 1557 2463 quoniam
1569 2391 1655 2447 Filius
1670 2391 1720 2448 liei
1729 2393 1763 2447 ad
1777 2393 1843 2449 illos
1860 2393 1935 2448 dixit

179 2486 216 2542 ad
230 2485 387 2542 videndum
403 2489 479 2553 sunt,
493 2489 522 2540 et
545 2484 678 2540 studebat
692 2488 769 2539 uteo
782 2484 925 2555 ignotast
938 2482 1028 2537 mira·
1082 2483 1133 2556 qui
1147 2482 1223 2555 apud
1249 2497 1278 2537 se
1302 2481 1356 2537 boc
1377 2481 1510 2536 dixerunt
1530 2481 1606 2552 quod
1631 2479 1816 2551 sibimetipsis
1838 2483 1936 2553 elege-

179 2576 248 2632 bilia
262 2572 473 2630 hominibusin
487 2573 548 2627 visu
564 2577 592 2626 et
614 2573 644 2626 in
664 2571 763 2627 anditn
788 2572 903 2628 iaceret.
926 2573 1028 2627 Postea
1081 2579 1168 2628 rant:
1184 2572 1279 2627 Homo
1301 2569 1422 2643 quidum
1441 2568 1629 2625 descendebat
1650 2571 1686 2625 ab
1712 2571 1877 2628 Jerusalem
1900 2572 1934 2627 in

178 2681 247 2720 vero
260 2662 427 2736 crystallum
441 2661 591 2733 pulchram
612 2665 640 2715 et
655 2661 741 2716 nimis
760 2677 863 2733 puram
877 2660 912 2716 ad
930 2660 1027 2732 ignem
1081 2660 1192 2717 lesiclso
1213 2661 1290 2729 (tue.
1307 2658 1348 2730 x).
1368 2660 1426 2714 lice
1441 2658 1517 2714 idem
1538 2657 1625 2714 Filius
1640 2657 1691 2712 [tei
1706 2658 1741 2714 de
1759 2658 1854 2731 primo
1879 2661 1934 2716 ho-

180 2755 249 2810 sotis
268 2752 372 2824 posuit,
398 2767 463 2823 qum
496 2750 531 2805 de
569 2752 628 2806 sole
651 2750 691 2805 sic
705 2750 924 2815 accendebatur,
949 2749 1027 2822 quod
1082 2750 1161 2806 mine
1182 2748 1262 2804 dixit.
1283 2747 1485 2818 Quicurnper
1505 2748 1817 2819 rumoremserpentis,
1841 2765 1933 2820 quem

181 2844 279 2898 lumen
294 2839 428 2896 omnibns
442 2839 531 2895 dedit.
553 2839 633 2894 Unde
655 2840 743 2894 etiam
759 2839 821 2912 ipsa
835 2855 937 2894 omnes
952 2843 1029 2893 artes
1082 2855 1135 2912 per
1152 2839 1304 2895 mulierem
1328 2836 1449 2904 audivit,
1474 2837 1563 2891 sensit
1584 2835 1661 2908 quod
1685 2851 1802 2908 peccare
1822 2838 1934 2911 potnit,

181 2946 247 2984 suas
263 2929 294 2984 in
317 2923 515 2982 moderatione
528 2926 638 2982 habuit.
661 2927 752 2993 Nunc,
769 2925 812 2982 fili
827 2926 878 2994 mi,
902 2926 1028 2998 primam
1047 2930 1112 2994 cin
1127 2928 1244 3000 optione
1259 2925 1313 2982 sibi
1328 2926 1382 2981 hoc
1395 2925 1483 2997 elegit
1495 2927 1572 2997 quod
1587 2941 1640 2997 per
1655 2941 1804 2981 rumorem
1829 2927 1934 2982 andie-

180 3019 330 3075 mnlierem
354 3020 383 3072 et
414 3016 526 3089 puellas
552 3017 613 3086 ejus
637 3016 770 3083 attende;
801 3015 851 3072 sed
876 3015 1028 3071 mulierem
1082 3023 1134 3073 rat.
1154 3017 1230 3074 ldens
1246 3015 1322 3072 enim
1351 3014 1432 3087 qnasi
1447 3014 1490 3070 air
1511 3020 1562 3084 est,
1579 3020 1608 3070 et
1621 3015 1699 3088 optio
1715 3017 1795 3088 qnasi
1811 3015 1934 3073 lamina.

181 3123 315 3179 rugosam
326 3107 406 3161 omui
421 3105 517 3160 studio
538 3104 617 3175 iuge,
642 3105 795 3160 mulierem
810 3109 907 3160 autem
921 3120 1028 3160 merca·
1082 3106 1137 3163 Sed
1163 3105 1278 3178 quando
1308 3106 1397 3160 homo
1421 3103 1547 3176 aliquam
1576 3119 1692 3159 causam
1720 3104 1775 3160 sibi
1797 3105 1934 3177 elegerit,

180 3198 280 3252 tricem
302 3196 337 3250 ad
365 3200 394 3250 te
419 3193 532 3264 collige.
564 3193 660 3249 Prima
682 3193 762 3249 enim
782 3193 886 3249 mulier
904 3194 1029 3249 charitas
1083 3211 1205 3267 eamque
1226 3209 1279 3266 per
1299 3193 1446 3265 optionem
1474 3192 1529 3248 sibi
1555 3193 1712 3262 attraxerit,
1734 3193 1826 3264 ipsam
1846 3195 1937 3250 valde

180 3291 224 3340 est
246 3301 311 3340 cum
332 3284 446 3355 puellis,
471 3281 604 3338 videlicet
627 3282 826 3337 benevolentia
840 3287 869 3337 et
883 3282 1027 3353 largitate.
1084 3291 1170 3354 amat,
1188 3283 1261 3340 sicut
1274 3289 1302 3338 et
1316 3283 1406 3338 Adam
1422 3281 1572 3353 optionem
1584 3281 1691 3338 amavit
1705 3298 1792 3355 quam
1802 3299 1853 3355 per
1868 3299 1936 3338 mu-

181 3374 235 3430 Sed
259 3372 365 3429 mulier
387 3385 505 3442 rugosa,
533 3371 652 3426 rubeam
672 3375 701 3425 et
727 3371 840 3442 nigram
858 3370 959 3426 iaciem
976 3372 1027 3426 ba·
1082 3372 1183 3429 lierem
1198 3371 1317 3440 audivit,
1341 3371 1408 3444 quia
1427 3371 1575 3427 mulierei
1590 3369 1629 3426 sic
1644 3371 1778 3443 adjuncta
1807 3371 1862 3427 mit
1880 3389 1935 3428 ve-

180 3465 262 3529 bens,
285 3477 367 3517 amor
398 3459 542 3515 saecularis
560 3466 613 3525 est,
629 3475 687 3532 quo
706 3461 785 3530 turpi
815 3459 910 3515 studio
930 3459 1029 3514 lascivi
1083 3463 1126 3518 lut
1142 3461 1232 3517 menti
1248 3459 1358 3516 electio.
1374 3460 1493 3525 Quando
1508 3459 1597 3515 Adam
1626 3460 1680 3514 boe
1703 3460 1818 3526 iecerat,
1838 3459 1874 3515 de
1890 3463 1936 3515 vi-

180 3552 312 3608 bomines
341 3549 375 3604 ad
403 3548 525 3604 invicem
550 3565 580 3602 se
614 3547 797 3619 complicant.
832 3549 933 3604 Mulier
962 3565 1029 3604 vero
1083 3551 1162 3606 sione
1186 3551 1262 3622 pacis
1286 3549 1442 3617 descendit,
1459 3553 1488 3603 et
1513 3547 1616 3603 similis
1641 3548 1719 3604 lunse
1746 3565 1811 3622 quae
1830 3549 1934 3606 deficit

181 3639 333 3696 mercatrix
358 3637 545 3709 philosophia
568 3636 675 3705 existit,
708 3653 773 3709 quae
801 3652 919 3692 omnem
935 3642 1029 3693 artem
1083 3639 1172 3695 iactus
1199 3642 1251 3693 est.
1285 3637 1339 3694 Sed
1367 3637 1496 3708 quamvis
1523 3637 1693 3708 peregrinus
1720 3642 1803 3706 esset,
1831 3641 1936 3693 tamen

180 3727 316 3795 institnit,
342 3732 371 3781 et
393 3741 458 3798 quoe
480 3726 655 3798 crystallum,
680 3724 709 3780 id
736 3729 779 3779 est
799 3724 886 3794 iidem
907 3725 1027 3788 invenit,
1083 3729 1246 3785 Creatorem
1276 3743 1359 3782 slsum
1386 3724 1477 3794 seivit,
1498 3741 1530 3780 ac
1545 3726 1573 3780 in
1599 3725 1648 3780 illa
1674 3725 1836 3797 cognitione
1851 3726 1935 3782 lunae

1086 1924 1124 1979 Ul
1139 1922 1249 1978 Obrisls'
1261 1921 1390 1979 imitetur
1405 1921 1576 1994 exemplum,
1591 1920 1641 1993 qui
1657 1924 1782 1977 utoerus
1799 1922 1934 1978 Semuri-

1119 2016 1205 2068 tonus
1213 2011 1356 2067 bominem
1378 2010 1428 2083 qui
1442 2013 1474 2068 s'ss
1496 2010 1624 2066 latrones
1643 2009 1795 2079 inciderat,
1818 2011 1935 2066 curavit

643 2131 708 2198 dau
725 2130 774 2186 ,eg
789 2144 890 2185 omn„
904 2129 1026 2184 dicunt,
1113 2117 1168 2173 per
1180 2116 1212 2155 se
1228 2103 1256 2156 et
1267 2099 1451 2168 stabularios,
1465 2098 1549 2155 idest
1564 2099 1719 2171 apostolos.

180 3831 246 3872 cum
261 3830 318 3887 que
336 3814 371 3870 ad
387 3814 478 3868 Deum
497 3813 675 3885 pervenitur.
693 3815 750 3884 Ego
765 3818 864 3869 autem
891 3814 922 3868 in
937 3815 1028 3869 Deum
1083 3832 1148 3889 que
1162 3817 1307 3872 interdum
1322 3815 1431 3882 crescit,
1453 3813 1556 3869 similis
1570 3813 1633 3870 luit.
1659 3815 1700 3869 Et
1714 3813 1820 3871 incidit
1842 3813 1872 3869 s'n
1888 3815 1937 3870 la·
1983 3857 1984 3866 ,

179 3903 294 3960 conlido
314 3902 392 3974 quod
414 3918 481 3957 eum
499 3901 534 3957 iis
558 3907 671 3973 partem
693 3901 810 3970 babeas,
838 3902 977 3974 quonism
999 3902 1029 3956 iu
1083 3907 1181 3960 trenes
1198 3902 1299 3974 (ibid),
1315 3903 1393 3974 quod
1408 3903 1566 3974 proprietas
1582 3903 1733 3958 voluntatis
1756 3903 1846 3974 ipsius
1874 3903 1937 3959 luit

180 3993 265 4065 ignea
283 3992 415 4062 crystallo
444 4007 565 4046 munera
592 3990 734 4062 passionis
759 3995 787 4045 et
811 3991 1029 4046 resurrectionis
1083 4009 1147 4063 qne
1167 3993 1260 4064 ipsum
1277 3991 1399 4062 decepit,
1420 3990 1665 4062 quemadmodum
1679 3991 1750 4046 latro
1765 4007 1817 4062 per
1831 3991 1936 4047 sibilos

181 4080 296 4136 Domini
309 4082 367 4135 lieo
379 4080 519 4135 obtulisti.
1084 4081 1243 4134 dolositatis
1272 4079 1404 4134 homines
1427 4079 1545 4150 decipit,
1570 4079 1662 4134 donec
1689 4096 1738 4133 eos
1763 4079 1849 4152 capit.
1873 4081 1936 4146 Qus·

1082 4169 1170 4223 etiem
1179 4168 1413 4240 despoliaverunt
1426 4183 1493 4224 eum
1505 4167 1606 4240 (ibid),
1621 4169 1728 4223 scilicet
1744 4167 1843 4223 eadem
1859 4183 1929 4239 pro-

437 4239 605 4294 EPlSTOLA
634 4238 765 4295 CXXXVI·
1045 4235 1066 4288 Β
1082 4258 1187 4329 prietes
1202 4258 1238 4312 ab
1254 4255 1439 4328 omnigloria
1453 4273 1539 4328 quam
1557 4255 1585 4310 in
1605 4255 1736 4328 paradiso
1760 4257 1870 4323 babuit,
1883 4273 1933 4309 re-

218 4380 247 4420 N·
268 4377 425 4418 ”mamm
444 4377 477 4414 gq-
495 4375 620 4415 nomm
639 4376 781 4416 pfflpffiufl
802 4378 828 4416 Ιχ
848 4377 991 4418 tuq-mmm
1081 4346 1259 4401 iuiiiliiflsses
1272 4345 1407 4400 hominos
1418 4345 1611 4416 despoiidssifls
1626 4344 1814 4400 substantium
1827 4360 1932 4400 eorum

469 4465 504 4503 Μ)
529 4463 740 4505 mmmm,
1081 4433 1277 4502 distribuunt;
1297 4433 1363 4489 ideo
1387 4433 1586 4506 unnsquisque
1609 4433 1695 4489 homo
1715 4433 1764 4506 qui
1786 4433 1851 4488 lelix
1872 4435 1933 4489 erit

1081 4523 1172 4594 fugiat
1186 4523 1262 4594 quod
1286 4523 1401 4594 propria
1423 4523 1553 4577 voluntas
1568 4538 1620 4577 sua
1633 4522 1689 4577 sibi
1708 4521 1839 4593 elegerit,
1860 4537 1931 4594 qum

1080 4612 1135 4684 ipsi
1149 4616 1206 4666 tam
1222 4611 1324 4666 nociva
1339 4616 1390 4674 est,
1408 4610 1654 4684 quemadmodum
1672 4610 1751 4678 adse,
1768 4610 1845 4683 quo'd
1861 4627 1930 4666 mu-

1081 4699 1179 4754 lierem
1194 4715 1275 4754 suam
1296 4699 1416 4765 audivit,
1433 4699 1613 4770 maximaque
1643 4700 1762 4755 vulnera
1790 4697 1816 4754 ei
1833 4697 1902 4755 iacit
1919 4719 1927 4756 :

214 4791 343 4848 llomiuie
358 4790 391 4845 ll.
414 4787 507 4844 divini
526 4786 646 4842 luminis
657 4786 810 4856 splendore
830 4786 967 4855 radianti,
990 4789 1024 4842 N.
1080 4787 1120 4842 ita
1135 4792 1165 4842 ut
1178 4787 1202 4842 si
1213 4787 1308 4843 sanari
1320 4786 1389 4855 vult,
1408 4789 1503 4860 ipsum
1517 4803 1583 4843 cum
1598 4802 1703 4859 magno
1718 4787 1840 4860 suspirio
1861 4803 1929 4843 me-

176 4879 308 4937 sacerdos
321 4878 457 4949 indignus
476 4882 505 4932 et
518 4876 654 4948 magister
680 4891 841 4948 pauperum
864 4876 895 4930 iu
925 4876 1027 4932 Lutbe·
1079 4875 1175 4932 dicum
1190 4881 1450 4949 qnaerereopcrtet,
1464 4876 1629 4949 qniaetiam
1636 4875 1927 4948 transgressioltdam

129 4961 139 4970 “
176 4987 253 5038 rum,
275 4967 383 5023 scilieet
407 4949 444 5020 in'
469 4964 555 5020 domo
587 4964 736 5035 hospitali,
764 4981 832 5020 eum
859 4963 1026 5035 apparuerit
1079 4964 1110 5020 in
1123 4966 1385 5038 peregrinationem
1412 4966 1498 5038 hujus
1525 4964 1619 5021 exsilii
1640 4964 1728 5032 misit,
1748 4965 1788 5020 ita
1803 4963 1881 5037 quod
1896 4966 1928 5021 in

176 5060 270 5130 gloria
284 5055 397 5113 ltomini
411 5069 476 5110 cum
493 5053 591 5109 electis
600 5052 714 5108 sociari.
1079 5054 1198 5110 scientia
1211 5055 1281 5110 boni
1296 5061 1325 5110 et
1346 5054 1416 5110 mali
1430 5055 1476 5110 six
1495 5053 1613 5110 vivebat
1629 5053 1719 5118 Quem
1735 5069 1788 5109 uec
1815 5053 1928 5109 sacriti-

212 5145 339 5203 (iratiam
359 5150 388 5199 et
410 5141 642 5199 benevolentiam
667 5157 755 5213 quam
778 5141 864 5196 multi
885 5142 916 5196 in
944 5142 1025 5198 vobis
1078 5143 1154 5199 cium
1169 5143 1251 5210 Abel,
1266 5144 1344 5216 quod
1365 5144 1422 5199 Noe
1437 5160 1489 5218 per
1505 5142 1726 5198 aedificationem
1745 5141 1843 5198 altaris
1860 5159 1929 5214 pcr-

177 5234 290 5306 experti
304 5231 492 5303 snntsoepius
512 5231 681 5296 recolentes,
704 5229 812 5300 gratiss
832 5229 1024 5302 omnipotenti
1078 5233 1156 5300 iecit,
1180 5248 1234 5288 nac
1252 5233 1445 5288 ministerium
1485 5231 1657 5288 obedientie
1690 5231 1823 5298 Abrahae,
1846 5233 1926 5304 qnod

177 5326 237 5379 lleo
258 5322 410 5377 referimus
429 5319 507 5392 qnod
529 5319 560 5374 iu
574 5323 633 5375 um
647 5318 744 5389 fragili
758 5334 836 5387 sexu,
852 5319 973 5375 muliere
989 5322 1024 5376 ab
1079 5320 1187 5392 llcyses
1200 5336 1252 5392 per
1265 5319 1358 5391 legem
1373 5319 1546 5392 complebat,
1559 5320 1654 5375 levare
1675 5322 1850 5390 potuerunt;
1875 5319 1926 5374 sed

175 5411 297 5467 infantia
315 5407 727 5480 uiribuscorporisdestituta,
754 5406 866 5463 virilem
891 5409 1021 5465 animum
1077 5409 1274 5464 Samaritanus
1298 5424 1363 5464 aum
1388 5407 1499 5464 levavit.
1532 5407 1729 5465 Samaritanus
1752 5407 1806 5464 iste
1835 5407 1926 5464 Filius

175 5504 205 5556 et
217 5497 371 5554 virtutibus
387 5513 446 5552 non
461 5497 560 5567 paucis
575 5496 745 5552 adornatum
764 5496 894 5552 conferre
920 5495 1022 5568 digus·
1079 5496 1128 5552 liei
1141 5502 1194 5564 cst,
1210 5497 1260 5570 qni
1276 5501 1353 5553 totus
1374 5497 1403 5553 in
1419 5497 1543 5553 sacrario
1572 5496 1698 5569 Spiritus
1721 5496 1822 5566 sancti,
1838 5495 1865 5552 id
1883 5501 1926 5552 est

179 4578 309 4650 Exoptat
320 4574 356 4631 ab
384 4591 419 4630 ea
432 4571 577 4629 salutarie
593 4572 695 4628 audire
708 4573 887 4642 mcunsmta,
902 4577 1027 4646 perotus

467 4662 505 4718 iis
527 4661 731 4735 obtemperare.
