3984 6034
93 221 141 274 :tet
752 219 997 278 salvtis-*tut
1016 219 1050 284 ll,
1072 220 1161 277 vtstu
1183 219 1225 273 ιἰ.
1797 225 1847 277 brt

93 349 254 405 beraudam
278 350 440 415 Ecclesiam,
464 350 653 421 vosmetipsos
678 351 866 420 abnegantes,
886 352 939 407 sic·
958 356 984 408 h
998 353 1028 406 in
1043 351 1218 408 abundantia
1233 351 1362 422 ejusdem
1382 351 1545 406 securitatis
1573 351 1749 408 viriditatem
1769 369 1843 409 veru¹

92 444 231 508 ntetego
245 438 372 508 passioni
397 453 444 494 me
465 437 586 508 subjeci,
601 443 630 493 et
655 439 827 510 sanguinem
843 456 940 496 meum
994 440 1175 496 rectitudinis
1199 440 1331 494 servituti
1353 439 1472 496 illorum
1500 439 1551 512 qui
1579 441 1701 497 terrenis
1729 441 1842 498 inhiant

93 543 147 598 pro
169 526 369 598 redemptione
387 532 481 582 vestre
503 526 574 596 indi,
597 527 825 584 teneritudinem
847 528 942 584 caruis
994 529 1279 602 exhihe13qnouiam
1299 529 1335 585 ad
1356 529 1512 585 utilitatem
1529 531 1658 603 ipsorum
1682 531 1715 586 iis
1733 533 1845 588 actibus

93 615 212 670 meseia
231 617 285 671 hoc
301 631 359 670 uon
383 615 577 683 considerans,
600 616 649 671 sed
668 616 792 672 salntem
816 623 941 674 vestram
993 617 1120 688 insudat,
1133 617 1183 690 qui
1197 618 1337 688 obsequio
1353 616 1524 672 munitionis
1539 623 1568 673 et
1582 619 1762 675 detensionis
1780 637 1840 676 aum

92 703 209 759 faciem.
228 705 299 759 Nam
313 705 359 759 hic
382 703 509 775 sanguis,
530 704 582 776 qui
597 704 675 760 vohis
694 705 800 761 effusus
814 711 866 771 est,
882 721 941 761 non
994 705 1094 762 fideles
1113 705 1224 762 animos
1244 707 1279 761 ad
1302 721 1427 777 superna
1442 706 1547 777 gaudia
1573 709 1743 778 perducunt.
1764 709 1800 765 Ut
1818 715 1847 764 et

92 799 135 846 cst
153 792 335 864 sangnisille
356 792 453 865 quiin
474 794 563 848 reteri
576 794 757 849 Testamenta
773 796 825 849 snb
839 798 943 851 umbro
995 793 1038 849 illi
1061 795 1111 868 qni
1131 793 1235 850 militia
1255 794 1431 851 tortitudinis
1454 799 1483 850 ot
1505 796 1692 866 protectionis
1713 813 1773 852 anie
1793 799 1845 854 hos

92 882 290 954 spargebatur,
325 882 376 938 sed
411 882 529 953 sanguis
562 897 643 939 meus
669 884 737 939 nori
767 884 941 940 Testamenti
998 899 1072 955 quos
1096 883 1172 940 tueri
1191 883 1297 940 dehent
1319 882 1475 940 fortissime
1495 881 1663 940 defenduut.
1683 885 1714 941 iti
1736 884 1798 941 hac
1815 886 1846 941 in

91 971 140 1043 qui
155 970 192 1026 ed
207 972 329 1026 satutem
345 970 522 1042 populorum
536 971 620 1026 datus
633 975 685 1028 ast.
697 972 940 1046 QuomodotEge
994 971 1161 1029 hominibus
1189 989 1242 1044 per
1265 972 1442 1028 voluntatem
1470 977 1558 1034 tuam,
1589 971 1711 1028 ollensl
1737 973 1847 1029 idcireo

91 1061 141 1132 qui
156 1075 220 1115 sum
249 1060 352 1114 unicus
378 1060 565 1115 matriamen
590 1059 724 1116 uidelicet
743 1061 940 1134 integerrimas
994 1063 1171 1134 precedunt,
1185 1067 1328 1134 quamam
1344 1059 1400 1118 illis
1416 1061 1569 1117 virtutibus
1589 1061 1736 1118 adornatis
1751 1062 1845 1118 mira-

93 1147 219 1219 llirgiuis
242 1147 344 1217 Pilius,
363 1149 535 1219 sauguinem
557 1165 654 1204 meum
673 1151 704 1205 iu
727 1164 878 1223 crucepro
898 1167 941 1206 re·
994 1149 1092 1205 biliter
1111 1150 1182 1222 ipsis
1202 1149 1306 1205 educas
1327 1165 1430 1221 corpus
1455 1149 1519 1204 ritu
1539 1149 1582 1204 tui
1607 1150 1643 1205 de
1664 1149 1760 1206 fructu
1784 1150 1844 1212 illo,

94 1236 259 1309 demptione
283 1236 436 1292 homiuum
457 1237 519 1292 indi
538 1236 588 1309 qui
605 1253 650 1292 me
670 1253 724 1309 per
746 1238 834 1295 tidem
853 1239 941 1312 inspi-
995 1253 1083 1310 quem
1113 1243 1189 1295 terra
1221 1237 1252 1294 in
1280 1237 1405 1310 puritate
1437 1235 1587 1294 viriditatis
1617 1239 1737 1309 profert,
1772 1238 1845 1294 sicut

95 1324 185 1382 ciunt.
201 1325 361 1380 Etutenm
383 1329 453 1379 tunc
474 1339 527 1395 pro
551 1324 723 1381 liberatione
746 1325 866 1381 humani
888 1340 940 1397 ge·
995 1325 1083 1381 etiam
1099 1323 1358 1398 Unigenitastuus
1373 1341 1407 1381 ax
1426 1331 1508 1381 utero
1523 1325 1672 1398 virginalis
1702 1325 1847 1397 pudicitie

94 1414 172 1467 neris
194 1411 272 1479 dedi,
296 1411 402 1468 iterum
418 1412 504 1467 etiam
529 1418 558 1467 et
581 1428 659 1468 nnuc
672 1412 704 1469 iu
722 1412 806 1469 altari
821 1428 873 1484 pro
885 1411 941 1467 ho·
994 1415 1180 1486 corporaliter
1196 1415 1324 1480 renisus,
1341 1429 1446 1485 pnuem
1468 1415 1533 1470 vitre
1548 1415 1730 1470 credentibus
1750 1415 1781 1470 iu
1797 1431 1845 1470 se·

94 1501 224 1556 minibus
248 1500 341 1567 trado,
365 1500 475 1556 scilicet
494 1516 545 1572 pro
568 1501 740 1572 purgatione
757 1501 872 1557 illorum
891 1500 942 1572 qui
995 1503 1117 1575 metipso
1133 1501 1358 1558 misericorditer
1372 1502 1461 1558 dedit.
1483 1502 1538 1558 Sed
1563 1507 1591 1558 el
1605 1503 1659 1558 hoc
1674 1503 1846 1560 miraculum

93 1605 161 1645 eum
184 1589 308 1645 tidetiter
337 1588 506 1661 suscipiunt.
538 1590 571 1644 ln
591 1605 673 1644 crena
699 1589 779 1644 enim
800 1589 943 1660 passionis
996 1589 1061 1646 ideo
1076 1590 1172 1658 facies,
1190 1596 1223 1646 ut
1245 1590 1331 1646 adam
1355 1590 1473 1660 sanguis
1487 1590 1618 1661 ejusdem
1645 1591 1789 1665 Unigeniti
1803 1593 1844 1647 tui

90 1695 163 1734 meas
183 1694 287 1749 corpus
307 1685 338 1732 et
362 1677 536 1748 sauguinem
550 1693 649 1733 meam
670 1678 750 1732 vobis
765 1678 801 1733 ad
821 1678 943 1733 maudu-
962 1655 983 1708 B
998 1679 1048 1750 qni
1078 1679 1113 1734 ad
1134 1678 1320 1735 salvationem
1343 1678 1506 1734 animarum
1530 1679 1699 1746 effunditur,
1722 1679 1847 1736 letificet

88 1767 216 1824 candum
229 1773 259 1821 et
277 1765 313 1820 ad
328 1765 487 1821 bibendum
503 1764 586 1821 dedi:
599 1772 742 1836 quatenus
755 1771 785 1820 et
801 1782 850 1821 ros
865 1782 942 1822 nnuc
996 1765 1164 1823 interiorem
1189 1767 1246 1822 rim
1270 1765 1433 1834 bominum,
1453 1765 1483 1822 id
1510 1773 1555 1823 est
1567 1768 1678 1824 animas
1693 1783 1794 1824 eorum
1814 1768 1846 1824 ia

88 1857 120 1911 in
144 1854 229 1910 altari
242 1855 320 1910 idem
341 1855 372 1908 in
387 1854 529 1909 memoria
540 1869 605 1909 mea
623 1854 744 1909 leniatis.
762 1855 843 1910 Unde
854 1854 942 1911 etiam
998 1854 1196 1911 remissionem
1211 1862 1393 1928 peccatorum
1420 1856 1562 1927 ipsorum.
1587 1856 1758 1922 Quomodo?
1773 1855 1846 1922 Quia

87 1944 119 2000 in
141 1944 291 2016 apertione
315 1942 441 1998 raritatis
463 1942 527 1998 dico
560 1943 640 1998 robis
671 1943 721 2015 qui
753 1959 799 1999 me
819 1942 943 1999 tideliter
996 1949 1029 1999 ιιι
1049 1943 1127 2016 prins
1151 1943 1213 1999 riui
1238 1944 1282 2000 tui
1301 1959 1404 2016 corpus
1426 1959 1479 2015 pro
1499 1943 1699 2018 redemptione
1724 1945 1846 2001 humaui

87 2032 235 2088 subsecuti
258 2032 341 2088 estis:
376 2033 439 2086 Non
471 2031 571 2086 bibam
599 2031 704 2087 amodo
729 2032 784 2087 hoc
805 2033 942 2104 poculum
995 2032 1110 2104 generis
1144 2031 1174 2088 ia
1197 2047 1280 2088 cruce
1310 2031 1439 2088 oblatum
1461 2039 1517 2088 ast:
1542 2033 1583 2089 ita
1607 2033 1694 2090 etiam
1717 2039 1746 2090 et
1767 2049 1845 2090 nnuc

88 2121 231 2192 augustine
253 2121 283 2176 in
306 2120 462 2192 gravedine
484 2121 544 2187 itta,
568 2135 657 2193 quam
679 2135 756 2176 uuuc
779 2120 815 2176 de
836 2120 942 2177 ludaeis
996 2137 1061 2176 carn
1085 2127 1115 2178 et
1131 2122 1249 2192 sanguis
1268 2121 1330 2193 ejus
1349 2121 1383 2177 ad
1408 2121 1530 2178 salutem
1552 2122 1731 2178 credentium
1755 2122 1786 2178 iu
1801 2117 1845 2178 el-

87 2211 193 2282 patior,
213 2225 304 2280 usqae
331 2209 363 2263 in
386 2208 463 2264 diem
487 2208 569 2264 illum
593 2224 659 2264 cum
681 2208 717 2264 de
743 2213 835 2263 morte
850 2223 942 2263 resur·
995 2209 1051 2265 tari
1064 2217 1278 2266 consecrantur.
1304 2209 1486 2282 Quapropter
1505 2225 1571 2266 cnm
1586 2209 1640 2267 hoc
1654 2210 1685 2264 iu
1699 2213 1845 2265 voluntate

88 2316 171 2372 gens,
186 2304 279 2354 morte
296 2303 441 2371 prostrata
460 2297 538 2353 diem
556 2297 722 2353 adustionis
740 2297 870 2365 afferam,
890 2295 942 2352 ubi
996 2303 1046 2354 tua
1063 2299 1235 2355 mirabiliter
1259 2299 1367 2354 lactum
1388 2298 1485 2364 inerit,
1509 2304 1579 2354 tnnc
1594 2304 1623 2354 et
1645 2299 1718 2354 illud
1741 2297 1797 2354 erit
1812 2303 1845 2354 ut

87 2387 168 2442 idem
178 2389 315 2459 poculum
328 2385 535 2456 redemptionis
558 2391 660 2441 restrse
679 2386 777 2442 bibam
791 2385 941 2441 vobiscum
994 2384 1091 2456 ipsum
1117 2391 1329 2440 sacramentum
1344 2385 1484 2441 exhilaret
1500 2385 1614 2452 faciem,
1630 2385 1659 2442 id
1684 2390 1726 2440 est
1749 2385 1843 2441 Eccle-

88 2475 139 2546 qni
163 2475 222 2529 mei
244 2473 323 2536 estis,
344 2474 502 2530 ueritatem
526 2473 725 2530 exsultationis
746 2473 825 2529 vobis
845 2477 940 2528 osten·
995 2473 1067 2530 siam
1089 2474 1153 2530 oleo
1176 2472 1380 2529 misericordie
1398 2473 1554 2546 pertusam,
1571 2473 1640 2546 qnia
1654 2489 1721 2530 cum
1736 2473 1843 2547 gaudio

88 2562 178 2630 deus3
210 2562 280 2634 qnia
318 2561 443 2634 perditio
480 2563 585 2618 veteris
613 2561 742 2618 criminis
778 2561 939 2632 abjicietur,
994 2561 1064 2618 fldei
1091 2562 1251 2631 credentes,
1268 2563 1491 2620 misericordiam
1518 2563 1734 2636 amplectentes,
1755 2563 1845 2620 oculis

87 2657 191 2723 aperto
206 2650 288 2706 robis
302 2666 392 2722 reguo
407 2651 474 2707 illo:
500 2650 577 2724 qnod
595 2653 677 2706 Pater
691 2667 773 2706 mans
795 2649 940 2722 diligenti·
996 2651 1112 2707 llomiui
1126 2652 1239 2725 pulchri
1251 2655 1406 2724 apparent3
1420 2651 1558 2722 quoniam
1573 2667 1639 2708 oum
1651 2654 1728 2707 salus
1741 2651 1845 2708 muudi
1875 2669 1881 2675 ·

85 2741 140 2796 bus
153 2756 185 2794 se
204 2740 388 2812 preparavit.
406 2739 481 2805 Quid
504 2739 581 2796 hoc?
598 2738 739 2804 Quoniam
763 2744 941 2794 mortemne
994 2740 1026 2796 iu
1040 2756 1123 2796 cruce
1147 2740 1276 2812 pendeus
1291 2739 1439 2796 hominem
1454 2740 1489 2796 de
1513 2741 1617 2813 laqueo
1637 2739 1744 2798 diaboli
1759 2741 1845 2797 mise-

89 2844 180 2900 quam
203 2829 235 2882 in
260 2843 343 2884 cruce
367 2844 468 2900 possus
483 2842 548 2883 sum
570 2828 755 2884 salvationem
778 2828 941 2882 animarum
994 2827 1148 2884 ricorditer
1167 2827 1310 2895 liberavit,
1335 2835 1403 2882 tnnc
1428 2827 1516 2883 etiam
1540 2828 1672 2884 homines
1695 2827 1844 2884 avinculo

86 2918 228 2985 sentietis,
250 2932 317 2972 cum
340 2917 427 2972 etiam
452 2922 517 2987 post
539 2916 777 2972 resurrectionem
793 2931 888 2971 meam
908 2915 940 2970 iu
959 2923 1178 3008 Bpeccatorum
1207 2916 1331 2989 benigue
1355 2915 1485 2984 absolsit,
1508 2922 1539 2972 ut
1563 2921 1593 2972 et
1615 2915 1671 2989 ipsi
1692 2915 1723 2972 in
1744 2917 1846 2974 laetitia

84 3007 254 3062 ascensione
287 3022 353 3061 mea
378 3005 517 3078 Spiritum
548 3005 726 3077 paracletum
752 3004 933 3077 accipientes,
992 3005 1131 3078 simplicis
1145 3005 1240 3062 cordis
1262 3003 1305 3060 sui
1328 3003 1455 3062 fideliter
1470 3005 1501 3060 in
1519 3005 1607 3062 ileum
1622 3005 1771 3063 credentes
1791 3006 1845 3062 mi-

86 3095 245 3151 noritatem
270 3111 353 3151 nosce
376 3093 515 3150 doctrinas
550 3092 727 3164 suscipietis:
751 3095 793 3149 ita
817 3097 847 3149 et
870 3108 936 3165 pro·
990 3096 1095 3150 seriem
1127 3093 1305 3167 patientibus
1329 3109 1395 3149 cum
1425 3093 1529 3150 ardore
1553 3093 1714 3150 devotionis
1738 3094 1842 3151 subve-

85 3190 150 3256 pter
164 3199 274 3240 nomen
291 3200 388 3240 meum
411 3183 517 3238 multas
531 3183 733 3238 tribulationes
746 3181 933 3249 sustinebitis,
989 3183 1054 3240 nire
1076 3198 1135 3238 uon
1157 3184 1299 3238 desinant.
1324 3183 1356 3237 Et
1378 3182 1410 3237 iu
1432 3183 1488 3238 hoc
1504 3197 1602 3238 amore
1620 3182 1720 3238 ildetes
1742 3183 1845 3238 ardere

86 3291 159 3347 qaas
173 3281 204 3330 ct
227 3289 282 3345 ago
302 3274 451 3329 vobiscum
466 3271 632 3340 sestineb03
656 3287 715 3327 uon
732 3273 811 3344 qiicd
831 3271 936 3327 amodo
993 3271 1110 3339 debent,
1127 3276 1158 3326 ut
1172 3271 1256 3342 panis
1271 3270 1320 3327 illc
1341 3271 1392 3342 qui
1418 3271 1506 3327 ritem
1523 3285 1554 3326 se
1573 3271 1756 3343 gustantibus
1768 3287 1844 3343 prae·

88 3365 162 3420 ullas
187 3362 317 3419 miserias
340 3361 531 3434 corporaliter
552 3361 645 3432 patiar
668 3366 699 3415 ut
717 3361 808 3432 prins,
826 3376 892 3416 cum
906 3360 937 3414 iu
990 3362 1050 3428 bet,
1067 3375 1167 3416 sensus
1189 3359 1320 3431 ipsorum
1343 3359 1393 3431 qni
1410 3375 1525 3432 semper
1539 3360 1570 3414 in
1588 3358 1776 3415 instabilitate
1792 3375 1843 3415 va·

87 3454 199 3508 mundo
211 3452 402 3523 corporaliter
419 3467 523 3515 essem,
538 3465 639 3520 passus
648 3464 728 3516 snm;
743 3449 792 3504 sed
806 3449 875 3520 qnia
888 3463 938 3503 vos
991 3450 1093 3505 cillant
1105 3448 1265 3515 confirmet,
1282 3463 1317 3503 ue
1333 3447 1457 3503 intentio
1470 3447 1564 3504 cordis
1578 3463 1681 3503 eorum
1693 3447 1724 3502 in
1735 3447 1844 3504 malum

87 3557 135 3598 eas
150 3541 271 3596 nomine
284 3555 350 3595 meo
365 3537 521 3604 sustinetis,
537 3539 587 3593 ubi
600 3542 631 3593 et
644 3553 698 3609 ego
709 3536 774 3592 illas
791 3536 938 3593 vobiscum
991 3535 1124 3604 declinet,
1140 3536 1190 3592 sed
1205 3540 1236 3591 nt
1246 3537 1283 3592 ad
1298 3536 1353 3591 huc
1364 3535 1441 3608 quod
1456 3536 1514 3592 rita
1524 3541 1566 3592 est
1576 3536 1689 3592 fortiter
1701 3535 1842 3592 ascendat.

86 3630 234 3696 sustineo;
255 3628 394 3700 quoniam
411 3644 462 3683 vos
481 3627 511 3682 in
527 3643 573 3682 me
592 3628 661 3682 estis
675 3632 704 3682 et
726 3641 781 3696 ego
796 3625 827 3681 in
847 3625 936 3680 robis.
1027 3625 1111 3681 Panis
1134 3629 1229 3680 autem
1253 3624 1306 3680 iste
1330 3640 1396 3681 caro
1417 3623 1479 3692 Filii
1501 3625 1558 3680 mei
1584 3629 1638 3690 est,
1658 3639 1747 3697 qnam
1766 3625 1846 3680 nulla
1881 3641 1884 3648 ¹

122 3719 157 3774 Et
179 3717 231 3785 ιιι,
247 3722 279 3771 ut
304 3717 483 3784 dictumest,
500 3721 655 3788 corpuset
677 3715 849 3787 sanguinem
875 3714 939 3770 l'ilii
993 3713 1152 3769 obscuritas
1165 3713 1197 3768 in
1215 3711 1339 3784 peccatis
1358 3712 1497 3781 obfuscat,
1525 3727 1579 3768 uec
1600 3712 1660 3768 ulla
1682 3711 1797 3768 macula
1813 3711 1844 3767 iu

86 3808 144 3865 mai
168 3823 221 3862 vos
244 3805 294 3878 qiii
317 3805 348 3861 iu
375 3821 420 3861 me
447 3804 572 3862 fideliter
602 3804 769 3868 credidistis,
792 3804 828 3859 ad
852 3803 940 3859 aboli-
992 3800 1193 3873 iniquitatibus
1211 3800 1372 3857 obnubilat:
1389 3800 1429 3856 ita
1448 3805 1482 3855 nt
1502 3799 1552 3872 qui
1576 3814 1639 3855 eam
1661 3798 1748 3870 digne
1778 3813 1844 3855 ιιι-

85 3896 197 3952 ιιοιιιιιι
210 3895 367 3950 criminum
388 3899 549 3949 vestrorum
567 3892 742 3964 percipietis,
769 3896 801 3946 ut
813 3907 867 3963 per
885 3892 940 3946 hoc
992 3889 1131 3962 ceperint,
1147 3888 1177 3944 in
1196 3889 1294 3944 anima
1315 3893 1345 3943 et
1369 3903 1489 3960 corpore
1512 3886 1618 3943 coelesti
1643 3887 1755 3943 lumine
1779 3899 1843 3958 per·

86 3989 301 4040 sacramentum
321 3981 472 4037 exhilarati
491 3984 626 4037 virtutem
648 3996 780 4052 superum
795 3979 938 4036 couforta-
994 3977 1162 4046 laudantur,
1181 3984 1241 4034 eta
1263 3977 1383 4033 maculis
1405 3974 1551 4033 interioris
1575 3975 1668 4031 sordis
1689 3989 1749 4031 sues
1774 3975 1842 4031 lide-

84 4072 175 4128 tionis
207 4069 419 4142 adipiscamini,
453 4070 525 4124 sicut
559 4075 587 4125 et
611 4069 700 4126 David
731 4084 829 4124 servus
858 4083 941 4124 niens
994 4067 1062 4124 liter
1084 4067 1288 4122 emundentur.
1317 4067 1349 4122 Et
1371 4064 1438 4122 ideo
1468 4065 1548 4121 nulla
1570 4063 1712 4121 dubitatio
1736 4063 1768 4120 iu
1789 4063 1845 4120 ista

86 4162 116 4217 iu
139 4161 288 4215 voluntate
311 4159 423 4215 ardoris
448 4157 504 4214 mei
527 4158 631 4213 clamat
653 4157 764 4214 dicens:
781 4161 822 4213 ne
832 4157 942 4227 fructu
995 4153 1842 4229 sacratissimacamesit;quoniamquiprimumhomiuem

85 4265 207 4321 opernm
229 4251 343 4304 tuorum
369 4246 528 4304 satiabitur
548 4249 637 4309 terrm
661 4246 820 4319 producens
840 4247 941 4314 {enum
958 4253 1048 4308 nnec
1071 4246 1107 4301 de
1126 4259 1211 4300 carne
1236 4259 1290 4300 neo
1307 4244 1342 4300 de
1367 4259 1429 4298 osse
1452 4243 1597 4309 formavit,
1619 4241 1686 4298 hnic
1708 4241 1845 4315 possibile

84 4339 246 4407 imantia,
270 4339 299 4392 et
316 4334 435 4392 indum
454 4333 587 4391 ceritati
609 4334 772 4402 hominnm
788 4337 820 4389 nt
837 4333 943 4390 ederem
997 4339 1041 4390 est
1055 4337 1264 4389 sacramentum
1288 4332 1365 4388 istud
1390 4331 1444 4388 hoc
1467 4330 1554 4387 modo
1578 4331 1703 4402 operari.
1720 4328 1843 4398 lludc,o

84 4425 245 4501 pmoemde
268 4426 389 4482 terrun
408 4426 507 4479 vinnm
527 4422 651 4494 latificet
674 4439 725 4479 cor
749 4421 882 4479 hominis.
903 4421 943 4478 m
996 4422 1145 4495 virginalis
1177 4427 1268 4493 ortus,
1299 4428 1332 4478 tu
1359 4421 1471 4495 surgis,
1500 4420 1614 4491 crescis,
1639 4419 1778 4489 dilataris,
1812 4435 1844 4475 ac

84 4515 230 4572 atomi
242 4513 351 4581 faciem
362 4513 482 4569 inolent
497 4516 525 4568 et
533 4511 622 4586 ponis
635 4527 684 4568 cor
697 4511 822 4569 bominis
835 4511 942 4580 coufir-
996 4527 1136 4585 maguum
1151 4527 1264 4568 ramum
1283 4509 1315 4567 in
1325 4509 1423 4568 multis
1437 4509 1617 4583 germinibus
1630 4507 1777 4582 producis,
1794 4523 1847 4581 per

85 4607 148 4660 met
171 4603 263 4675 (Prot.
287 4603 353 4675 nn).
381 4603 454 4669 Quid
472 4601 547 4658 hoel
567 4602 589 4658 0
606 4602 691 4670 usus,
711 4600 793 4673 cujus
806 4599 940 4672 magnid-
996 4616 1083 4674 quem
1097 4600 1219 4657 ccelesiis
1232 4600 1391 4656 ιιιιιιιιιιι
1410 4598 1610 4665 edificabitur,
1625 4612 1686 4654 nou
1707 4611 1741 4652 ex
1769 4595 1845 4652 virili

86 4693 185 4748 cantia
206 4709 293 4764 super
315 4707 415 4747 omnes
436 4695 487 4754 est,
502 4688 539 4745 de
553 4688 611 4746 tide
632 4679 682 4744 ill'a
701 4704 759 4760 qna
782 4693 813 4743 tu
842 4687 875 4744 iu
897 4704 941 4743 ve·
995 4689 1115 4755 semine,
1137 4687 1187 4744 sed
1209 4703 1243 4743 ex
1262 4686 1382 4759 mystico
1402 4685 1561 4758 spiramine
1576 4685 1705 4742 venians.
1729 4683 1801 4738 llam
1815 4681 1846 4736 in

84 4783 172 4838 ritate
200 4780 382 4853 cognosceris
416 4780 457 4835 ιιι
479 4778 557 4852 quod
579 4779 643 4851 ipsa
663 4777 773 4832 fructus
796 4777 940 4832 virtutum
995 4781 1061 4832 ortu
1086 4778 1138 4832 tuo
1152 4789 1213 4830 nou
1235 4791 1266 4830 es
1288 4773 1395 4847 ligatus
1423 4773 1483 4829 ulla
1514 4771 1711 4828 maculositate
1748 4766 1844 4824 crimi-

84 4871 116 4926 iu
131 4869 277 4942 sapientia
294 4876 346 4926 tua
369 4871 424 4937 est)
449 4866 601 4924 satiabitur
622 4866 722 4935 homo,
743 4865 876 4922 videlicet
889 4865 941 4938 qui
994 4881 1076 4935 num,
1101 4863 1150 4920 sed
1177 4863 1301 4920 llomisti
1333 4862 1363 4919 in
1387 4860 1587 4919 mirificatione
1617 4860 1767 4926 virtutum,
1794 4853 1844 4929 qni

84 4957 157 5015 fidei
193 4959 343 5014 adherens
372 4956 497 5014 esuriem
530 4955 708 5011 infidelitatis
735 4954 767 5011 iu
787 4955 834 5011 via
853 4953 939 5027 justi-
994 4969 1028 5012 cx
1054 4955 1165 5010 inarato
1188 4967 1258 5024 agro
1282 4950 1346 5008 talis
1368 4950 1423 5008 uos
1446 4949 1596 5006 surrexisti
1622 4948 1672 5022 qui
1696 4961 1847 5018 nunqnam

85 5048 135 5105 tire
157 5046 269 5119 abjicit,
288 5062 354 5102 cum
377 5045 458 5119 prius
490 5045 640 5102 veritatem
667 5044 804 5117 ignoraus
822 5043 940 5116 jejunus
993 5045 1053 5101 ullo
1069 5059 1134 5098 casu
1165 5040 1348 5109 mortalitatis
1369 5045 1535 5108 marcescet,
1558 5037 1609 5096 sed
1624 5037 1675 5111 qui
1697 5035 1728 5092 iu
1758 5033 1848 5108 pleni-

84 5149 103 5188 ι
137 5131 311 5190 rectitudine
346 5131 501 5188 deiecerat·
534 5131 590 5187 Sed
620 5144 697 5186 nunc
726 5129 757 5185 in
788 5128 939 5185 saturitate
992 5131 1093 5191 tudine
1118 5129 1270 5187 viriditatis
1293 5145 1353 5187 sure
1376 5143 1492 5201 semper
1514 5125 1640 5185 dnrshtt.
1665 5124 1848 5197 Quapropter

84 5222 234 5279 bonorum
261 5235 383 5293 operum
411 5221 572 5293 producens
605 5219 812 5276 contritionem
848 5217 940 5275 animi
993 5227 1024 5280 et
1037 5222 1090 5278 boc
1113 5226 1325 5276 sacramentnm
1348 5218 1477 5291 corporis
1501 5221 1530 5272 et
1545 5213 1698 5289 sauguinis
1719 5213 1763 5270 tui
1785 5216 1848 5270 tau-

87 5312 143 5381 sni,
176 5311 236 5366 illis
268 5313 319 5382 qni
351 5311 382 5365 iu
412 5308 595 5381 simplicitate
634 5313 712 5378 ιιιιιι,
752 5307 939 5381 fragilitatem
993 5305 1044 5362 diu
1063 5305 1094 5361 iu
1118 5306 1213 5362 oltlcio
1237 5306 1365 5362 veritatis
1389 5306 1421 5360 iu
1452 5302 1576 5359 Ecclesia
1608 5300 1764 5358 colendum
1791 5297 1846 5365 est,

88 5417 170 5457 suam
203 5399 389 5456 considerans
420 5399 586 5470 exemplum
613 5397 783 5454 humititatis
815 5396 939 5453 fideliter
994 5411 1146 5468 quousque
1167 5395 1198 5451 in
1223 5395 1281 5451 line
1303 5392 1405 5450 muudi
1428 5391 1601 5448 novissimus
1626 5391 1716 5447 homo
1740 5386 1849 5452 reniet,

87 5491 210 5564 prebet,
229 5487 281 5545 ubi
301 5487 390 5546 etiam
412 5503 479 5543 cam
501 5486 633 5558 permina
653 5486 793 5544 virtutum
817 5500 938 5556 surgens
993 5483 1045 5557 qni
1066 5483 1212 5557 peridem
1242 5482 1410 5557 mysterium
1441 5481 1581 5539 ueraciter
1610 5479 1764 5536 salvandus
1794 5483 1848 5545 est,

272 5587 413 5687 Parnon.
437 5585 581 5655 CXCVll.
1648 5585 1688 5645 ιι
