3984 6034
83 159 144 214 693
716 155 859 212 selures,
873 157 974 212 -hlu
995 153 1046 224 ΙΙΙ,
1066 155 1157 213 Vlsro
1177 157 1206 212 x.
1791 158 1846 214 ees

80 291 191 360 moris,
214 291 266 365 qui
279 291 316 348 ad
334 289 462 363 lapidem
484 289 566 347 illum
584 304 721 361 magnum
745 306 831 362 saper
844 305 932 363 quem
949 291 1073 348 ddebes
1096 291 1247 350 adversum
1269 297 1307 348 te.
1333 292 1463 350 (lateatis
1491 309 1523 348 es
1554 293 1585 350 in
1609 293 1722 366 spirite,
1749 299 1841 350 terre-

80 382 225 451 praetatos
238 379 352 436 lucidus
364 379 468 434 sedens
485 377 519 433 in
531 378 637 434 throno
651 379 807 450 appperuit
827 378 860 434 in
873 394 936 434 mo·
990 380 1057 434 stris
1075 381 1107 436 in
1122 395 1217 436 earne.
1233 380 1313 436 Unde
1334 395 1400 453 quse
1418 381 1545 438 orelestia
1566 387 1634 440 suut
1650 382 1739 439 debes
1759 398 1839 438 ama-

80 469 159 524 dum
183 467 336 524 testudinis
357 466 485 522 advoluti
505 465 692 521 videbanturs
714 467 747 520 Et
765 482 853 537 super
872 466 938 522 illue
989 483 1031 533 re,
1054 472 1083 524 et
1101 484 1166 540 quse
1180 467 1328 526 terrestria
1343 474 1412 525 eunt
1426 471 1603 526 conculcare.
1620 471 1654 526 ln
1674 487 1764 543 opere
1786 487 1838 526 aa·

80 557 195 627 gradus
209 556 292 610 sedes
310 555 402 626 posita
415 560 495 609 erat:
521 570 608 624 super
630 569 717 626 quam
739 554 856 624 juvenis
872 554 936 626 qui·
989 560 1049 612 tem
1059 557 1216 613 ooelestium
1232 557 1399 613 demonstro
1412 557 1465 613 tibi
1489 573 1648 628 supernum
1671 558 1839 629 praemium

80 645 156 701 dam
168 645 272 700 sedens
281 643 395 699 virilem
410 647 440 700 et
455 642 583 698 nobilem
598 643 708 697 vultum
721 642 821 714 pallidi
840 647 939 700 umen
989 643 1020 699 in
1039 646 1185 701 voluntate
1201 661 1266 701 varo
1285 644 1379 700 uernis
1402 649 1457 700 tnoe
1472 661 1537 702 cum
1556 646 1599 700 vis
1609 647 1747 718 perlicere
1763 647 1841 718 quod

80 733 202 800 coloris,
241 737 270 787 et
296 732 417 802 capillos
443 730 597 801 subnigros
625 747 716 802 usque
748 732 785 786 ad
806 732 938 801 scapulas
990 732 1131 805 injustum
1155 738 1207 802 est,
1230 733 1270 789 ibi
1290 733 1408 790 ostendo
1432 733 1485 789 tibi
1504 734 1674 806 martyrium
1687 751 1785 792 meum
1813 741 1841 792 et

81 821 150 892 ejus
164 819 328 876 diftluentes
346 818 478 885 hahebat,
504 833 650 889 purpurea
675 818 773 872 tunica
800 818 936 890 ,indutus
990 837 1090 893 peenas
1109 837 1181 894 quas
1207 820 1332 878 suetiam
1352 827 1469 894 propter
1490 827 1529 890 te,
1560 823 1648 878 itaut
1673 827 1705 878 tu
1719 823 1750 878 in
1775 841 1841 880 eon·

81 908 141 975 Qui
156 926 174 962 a
187 907 281 979 eapite
296 922 387 978 usque
403 905 440 962 ad
469 904 637 961 ombilicum
660 905 723 975 ejus
746 905 820 961 mihi
847 922 937 978 appa·
991 909 1087 966 trariis
1104 909 1252 966 desideriis
1278 909 1406 981 tibiipsi
1433 910 1549 966 resistas
1571 915 1690 983 propter
1712 927 1840 968 amoram

82 997 166 1063 ruit;
179 995 230 1051 sed
243 996 280 1051 ab
295 994 432 1050 ombilico
443 994 579 1050 deorsum
594 993 783 1049 obumbratus
797 993 869 1049 mihi
902 995 938 1049 ad
991 997 1135 1070 passionis
1158 1013 1240 1055 meos.
1271 998 1432 1054 Plurimum
1453 999 1630 1056 intellectum
1645 1000 1734 1056 habes
1752 999 1783 1054 in
1801 1005 1841 1066 te,

83 1084 246 1140 videndum
273 1084 378 1140 fuerat.
406 1084 440 1138 Et
460 1082 522 1155 ipse
546 1082 705 1152 respiciens
727 1082 758 1137 in
786 1083 937 1150 mundum,
991 1085 1137 1156 plurimus
1163 1085 1251 1140 etiam
1276 1101 1375 1140 seuam
1394 1085 1461 1141 iude
1491 1086 1689 1157 requireture
1708 1092 1745 1142 te.
1769 1087 1842 1144 llvrl·

85 1174 217 1228 maxima
239 1171 409 1227 tortitudine
433 1169 605 1226 vociferabat
615 1169 652 1224 ad
682 1169 814 1224 homines
830 1170 882 1240 qui
909 1169 940 1223 ia
991 1178 1054 1230 tum
1069 1172 1122 1228 tihi
1149 1173 1250 1230 datum
1279 1177 1331 1240 est,
1356 1174 1481 1230 multum
1502 1173 1591 1230 etiam
1605 1191 1623 1231 a
1636 1179 1665 1230 te
1693 1174 1842 1246 requiren-

85 1279 122 1317 eo
136 1265 232 1327 erant,
246 1260 345 1316 dicens
360 1261 402 1316 :0
418 1258 497 1314 stulti
511 1258 643 1314 homines
658 1256 814 1330 quitepida
828 1262 857 1312 et
875 1266 938 1312 tur·
991 1262 1063 1317 dum
1088 1265 1141 1318 ost.
1165 1262 1219 1316 Sed
1250 1261 1281 1317 in
1304 1261 1439 1317 omnibus
1453 1261 1496 1317 his
1514 1264 1600 1333 eaput
1614 1267 1643 1317 et
1666 1261 1842 1334 adjutorium

86 1349 168 1421 piter
190 1348 327 1404 marcetis
347 1349 378 1402 in
393 1347 474 1403 vobis
494 1346 578 1418 ipsis,
599 1346 731 1401 nolentes
755 1346 799 1400 vel
823 1345 940 1401 oculum
992 1355 1075 1404 tunm
1109 1365 1184 1405 sirm.
1214 1350 1285 1404 Nem
1305 1365 1430 1420 superno
1456 1354 1534 1404 tactu
1557 1354 1659 1418 taetm,
1681 1351 1706 1406 si
1731 1350 1843 1406 invoce-

86 1454 183 1494 unum
197 1437 309 1510 aperire
319 1436 353 1493 ad
373 1435 539 1504 videndum,
565 1433 637 1506 quid
651 1434 681 1489 iu
695 1434 825 1490 bonitate
853 1433 939 1505 spiri·
993 1437 1068 1495 veris
1090 1452 1147 1506 me,
1163 1453 1335 1509 responsum
1349 1437 1451 1494 audies
1463 1454 1480 1492 a
1493 1453 1558 1506 me,
1574 1439 1599 1493 si
1621 1438 1779 1510 pulsaveris
1807 1439 1843 1494 ad

87 1531 137 1581 tus
160 1525 248 1581 vestri
277 1523 351 1592 sitis,
366 1523 416 1580 sed
441 1538 555 1594 semper
572 1522 678 1578 ardetis
691 1522 807 1594 operari
828 1522 938 1576 malum
990 1525 1121 1597 Januam,
1144 1525 1195 1581 tibi
1215 1525 1371 1595 aperietur.
1404 1525 1434 1580 ln
1465 1525 1568 1598 spiritu
1587 1525 1843 1598 perspicacissimae

86 1613 170 1686 quod
182 1612 271 1669 habet
298 1610 531 1682 eoncupiscentia
554 1610 649 1666 carme
662 1614 773 1678 vestroe,
801 1625 936 1666 reeusm-
957 1585 1120 1672 Bscientie
1144 1629 1201 1685 quo
1216 1613 1340 1669 donatus
1353 1628 1395 1681 es,
1410 1627 1497 1669 omne
1520 1614 1599 1685 qaod
1622 1612 1674 1670 tibi
1701 1613 1771 1670 utile
1789 1619 1842 1681 est,

87 1705 134 1756 tes
147 1699 255 1756 &sein
275 1701 353 1756 boue
366 1698 544 1755 conscientie
557 1704 587 1753 et
605 1699 638 1753 in
652 1696 940 1769 reeteepeeuletione
993 1702 1081 1759 hahes
1104 1701 1135 1758 in
1159 1706 1198 1758 te.
1223 1702 1257 1756 Et
1285 1701 1423 1774 quoniam
1447 1701 1503 1758 hoe
1521 1701 1606 1758 estin
1630 1707 1668 1768 ta,
1693 1701 1798 1758 ideireo
1814 1707 1844 1758 et

86 1787 181 1844 animi
205 1788 303 1854 vestri,
327 1787 410 1859 quasi
433 1787 615 1843 intellectam
631 1785 701 1842 honi
736 1790 766 1842 et
792 1783 862 1841 mali
880 1801 940 1840 non
993 1788 1070 1846 oculi
1097 1788 1153 1844 mei
1182 1789 1344 1846 aeuthsime
1378 1789 1595 1861 perspicientes,
1619 1789 1844 1848 considerabunt

87 1877 233 1944 habeatis,
247 1893 301 1932 nec
313 1875 438 1948 gloriam
452 1877 528 1932 hanc
556 1879 588 1930 nt
614 1875 723 1931 malum
749 1873 845 1929 sciatis
859 1873 938 1928 davi·
993 1878 1064 1949 quid
1077 1875 1226 1933 inveniant
1239 1877 1270 1932 in
1291 1882 1329 1933 te.
1341 1877 1522 1950 Quapropter
1536 1879 1572 1934 de
1595 1878 1770 1936 conscientia
1793 1883 1844 1934 tua

87 1970 152 2021 tare
167 1971 196 2021 et
216 1966 326 2020 bonum
345 1963 503 2036 perticere:
519 1962 615 2018 audite
628 1978 677 2017 me
693 1960 796 2018 Silium
812 1960 940 2017 bominis
992 1965 1111 2038 requiro
1126 1966 1246 2021 vulnera
1261 1965 1429 2022 etdolorem
1443 1966 1538 2022 cordis
1550 1966 1594 2024 tui
1610 1982 1618 2023 τ
1634 1967 1665 2023 iu
1684 1965 1791 2039 quibus
1814 1971 1842 2024 te

88 2054 235 2109 dicentem
250 2053 366 2109 advos:
384 2053 515 2120 Ohomo,
537 2051 649 2122 respice
670 2049 850 2122 quidesses:
869 2051 941 2106 dum
992 2069 1134 2122 coerceas,
1169 2069 1234 2110 oum
1261 2055 1385 2110 senseris
1402 2059 1431 2110 te
1456 2055 1601 2112 voluntate
1631 2059 1679 2110 tna
1704 2054 1781 2112 trabi
1805 2056 1844 2110 ad

87 2141 255 2214 coagulatio
265 2141 296 2196 in
311 2145 410 2196 ventre
427 2140 529 2196 matris
546 2143 603 2195 tura
626 2137 724 2195 luieh‘l
742 2137 855 2194 Etenim
872 2141 941 2194 tane
993 2149 1153 2215 peccatam.
1171 2143 1205 2200 lit
1227 2157 1293 2198 oum
1308 2143 1349 2199 ita
1367 2144 1398 2199 in
1419 2159 1454 2200 eo
1465 2143 1606 2200 exarseris
1623 2147 1653 2198 nt
1676 2143 1754 2215 quod
1768 2145 1844 2199 totus

88 2231 199 2286 inscius
223 2236 253 2285 et
280 2229 425 2300 impotens
449 2229 492 2284 tui
519 2228 551 2284 in
569 2225 759 2282 vivificatione
784 2242 858 2282 erae.
886 2227 941 2283 Sed
994 2230 1163 2302 liqualeetus
1172 2230 1219 2286 rix
1230 2231 1374 2302 suspirare
1398 2231 1515 2286 valeas:
1539 2247 1603 2286 eece
1627 2235 1696 2286 tune
1722 2230 1844 2303 inspicio

90 2325 163 2375 tuoe
175 2318 260 2374 datus
278 2315 389 2372 esttibi
412 2314 567 2388 spirituset
594 2315 683 2371 motio
703 2331 737 2370 aa
751 2314 939 2383 sensibilitas;
993 2324 1032 2374 te.
1048 2319 1123 2384 Quid
1136 2324 1206 2376 tune
1234 2318 1341 2375 leeies‘l
1364 2319 1395 2376 Si
1419 2327 1488 2376 tene
1503 2319 1534 2375 in
1548 2320 1602 2376 hoc
1618 2319 1727 2388 labore,
1742 2319 1844 2375 vulne·

90 2413 126 2462 ut
139 2408 239 2462 vivens
251 2405 392 2460 movearis
409 2407 439 2458 et
453 2407 482 2458 te
501 2417 631 2473 movens,
645 2402 790 2473 intelliges
816 2401 940 2457 lructum
994 2410 1057 2460 rato
1069 2406 1154 2462 eorde
1181 2411 1211 2462 et
1237 2407 1419 2462 madentibus
1442 2407 1544 2474 oeulis,
1564 2421 1718 2462 concussus
1740 2405 1844 2462 umore

89 2493 237 2552 utilitatis.
255 2493 370 2549 liabens
384 2492 462 2548 enim
477 2490 627 2547 seientiam
651 2490 722 2547 boni
749 2496 779 2547 et
800 2489 869 2546 mali
898 2496 942 2547 at·
991 2493 1094 2564 judicii
1109 2493 1164 2550 mei
1179 2493 1357 2550 invocaveris
1372 2509 1429 2562 me,
1450 2498 1479 2549 et
1503 2493 1527 2548 si
1549 2499 1618 2548 tune
1632 2493 1719 2550 etiam
1733 2493 1765 2549 in
1788 2494 1844 2549 hoo

90 2598 150 2656 que
165 2581 322 2638 efficaciam
331 2580 471 2653 operandi
486 2581 563 2636 ande
579 2595 713 2636 excusare
735 2584 764 2635 te
778 2594 838 2636 non
854 2580 940 2647 vales,
994 2583 1120 2637 elamore
1138 2581 1366 2654 perseveraveris
1391 2587 1423 2638 ut
1451 2581 1502 2638 tibi
1523 2596 1687 2638 succurram
1710 2581 1845 2638 adversus

90 2670 165 2743 quin
177 2669 276 2726 omnia
291 2669 414 2725 hoaaes
429 2668 474 2724 his
487 2667 594 2724 habeas
607 2667 638 2722 in
655 2668 755 2736 te3ita
771 2673 803 2723 ut
828 2683 943 2724 summe
996 2670 1243 2742 nequitiasearnis
1257 2674 1313 2726 ture
1329 2675 1359 2726 et
1379 2675 1480 2726 eontra
1507 2685 1620 2741 pugnas
1651 2670 1844 2743 malignorum

90 2759 280 2831 inspiratione
313 2757 487 2824 admonitus,
513 2758 605 2812 lleam
634 2757 738 2827 diligas
765 2758 796 2813 ia
822 2758 942 2812 veritate
995 2758 1170 2830 spirituum:
1193 2758 1295 2814 laoiam
1319 2773 1404 2813 omne
1423 2757 1501 2830 quod
1525 2757 1579 2813 tibi
1597 2757 1661 2813 lieri
1689 2757 1843 2825 desideras,

91 2847 252 2918 etinstitio,
272 2847 381 2920 tibique
393 2845 509 2902 resistas
533 2846 566 2901 in
591 2845 823 2916 concupiscentia
836 2853 866 2901 et
891 2846 941 2902 de·
961 2873 982 2928 c
996 2851 1084 2918 atque
1093 2847 1212 2902 domam
1224 2845 1408 2902 habitationis
1417 2862 1491 2902 mere
1505 2845 1655 2918 ponamin
1668 2849 1706 2900 te.

91 2938 245 2994 lactatione
257 2936 420 3007 injustitiae,
433 2937 474 2990 ite
487 2940 520 2990 ut
533 2939 560 2990 te
570 2934 602 2990 in
614 2935 661 2990 his
680 2935 810 2990 crucies:
836 2940 865 2991 et
887 2935 942 2990 hoe
1035 2936 1116 2990 Nune
1140 2950 1220 3006 argo,
1233 2933 1277 2990 fili
1295 2933 1346 3002 mi,
1359 2932 1474 3006 {respice
1496 2938 1606 3006 quanto
1622 2934 1720 2990 labore
1741 2938 1771 2990 et
1794 2949 1845 2990 su-

91 3026 182 3082 modo
210 3025 379 3096 martyriam
407 3038 505 3079 meum
533 3024 619 3091 colas,
650 3021 704 3078 tibi
730 3023 761 3078 in
784 3023 829 3078 his
858 3023 942 3080 ardo·
998 3023 1068 3079 dore
1092 3023 1123 3078 in
1146 3039 1215 3096 agro
1231 3023 1376 3080 laberetur
1396 3026 1551 3095 antequam
1574 3021 1684 3078 semiue
1713 3025 1845 3090 seratur,

91 3115 174 3171 ribus
196 3129 374 3186 repugnans,
394 3127 509 3168 erucam
530 3127 626 3166 meam
639 3110 748 3167 scilicet
762 3112 794 3167 in
808 3118 859 3167 tao
877 3128 943 3168 eor-
998 3111 1047 3167 sed
1061 3117 1218 3183 postquem.
1231 3110 1340 3166 semine
1355 3112 1512 3166 seminatas
1539 3109 1637 3180 luerit,
1658 3111 1707 3166 dat
1720 3110 1845 3166 tructam

93 3220 167 3275 pore
187 3202 354 3273 heiulando,
384 3200 415 3256 id
439 3206 482 3255 est
502 3199 604 3256 illicita
626 3199 768 3256 desideria
794 3200 941 3272 fugiendo,
998 3216 1093 3256 suurn.
1125 3201 1199 3271 Ergo
1226 3201 1343 3256 attende
1366 3205 1396 3256 et
1412 3199 1566 3258 considera
1582 3199 1652 3256 hmo.
1685 3200 1785 3256 Nonne
1803 3213 1846 3254 re-

93 3307 162 3347 cum
183 3296 212 3348 te
230 3291 354 3346 delectat
368 3304 497 3362 peceare.
518 3290 551 3344 et
568 3303 620 3344 cur
648 3288 702 3344 tihi
716 3293 760 3344 est
785 3294 866 3344 tanta
892 3304 942 3358 po·
996 3306 1065 3346 ense
1092 3295 1175 3346 terrm
1200 3289 1230 3346 id
1258 3295 1405 3360 prestare,
1434 3294 1465 3344 nt
1481 3289 1607 3346 tructam
1626 3287 1846 3360 gignatabsque

93 3383 183 3436 testam
204 3378 338 3435 videlieet
349 3383 382 3434 ut
403 3377 513 3434 devites
528 3377 635 3433 malum
658 3381 685 3432 et
704 3376 791 3433 lecim
813 3377 943 3433 bonum?
997 3378 1102 3435 sudore
1112 3376 1240 3433 leheris?
1253 3376 1309 3433 Sed
1323 3391 1388 3433 eum
1409 3376 1482 3432 mihi
1497 3375 1637 3446 placuerit
1651 3375 1717 3448 ipse
1743 3375 1844 3432 lausti-

95 3471 136 3524 lle
159 3466 371 3523 scientiaenim
393 3465 463 3522 boni
478 3470 507 3521 et
520 3465 680 3538 mali3qua
707 3464 845 3536 intelligis
865 3465 943 3536 qaod
998 3468 1051 3524 bus
1065 3465 1335 3538 superabundanter
1347 3465 1388 3520 ita
1402 3465 1542 3536 repletur,
1561 3469 1592 3520 ut
1603 3465 1734 3520 homines
1753 3465 1845 3520 abun·

94 3557 183 3614 homo
194 3572 234 3623 es,
249 3555 321 3611 mihi
338 3569 530 3627 responsurus
554 3569 595 3609 ee.
611 3553 666 3609 Sed
684 3554 792 3609 honum
811 3557 943 3608 contem-
999 3553 1167 3610 deotissime
1195 3551 1397 3608 sufficientiam
1425 3551 1561 3620 habeant,
1575 3550 1730 3623 aliqnando
1758 3550 1845 3606 etiam

93 3645 152 3711 nis,
172 3647 202 3699 et
219 3645 329 3699 malum
343 3642 472 3715 operarie
487 3642 635 3698 ardensis
646 3641 809 3697 carnalibus
827 3640 944 3697 desida-
998 3640 1241 3713 superabundent,
1258 3639 1487 3696 eteumvoluero
1506 3638 1546 3694 ita
1556 3638 1597 3693 eis
1609 3643 1785 3706 attenuatur,
1813 3644 1846 3693 ut

93 3734 157 3802 riis,
183 3732 252 3805 qaia
270 3732 380 3787 benum
402 3730 455 3786 tihi
476 3730 558 3802 qnasi
573 3744 660 3800 grave
680 3729 817 3786 videtur:
835 3729 943 3786 malum
998 3725 1847 3801 hominesaliquandoprunimieiamevixvivent,aliquaa·

94 3827 193 3879 autem
217 3820 248 3877 in
275 3824 303 3875 te
326 3819 409 3875 leche
426 3818 577 3874 excitator.
599 3819 631 3872 ut
646 3833 713 3872 earn
735 3817 858 3873 hocsit:
882 3832 943 3873 non
998 3819 1131 3875 doetiam
1141 3816 1265 3873 multiiu
1279 3815 1336 3872 illis
1349 3816 1489 3872 attenuati
1509 3814 1654 3871 deficiant.
1680 3814 1843 3870 &eundum

94 3912 137 3966 vis
159 3914 187 3964 te
205 3908 413 3978 constringere,
440 3906 490 3962 sed
520 3906 612 3961 libere
635 3921 762 3976 peecare.
796 3905 870 3971 Quid
889 3905 944 3962 feei
998 3906 1118 3963 modum
1130 3907 1206 3962 hune
1216 3904 1348 3961 homines
1360 3921 1413 3976 per
1423 3919 1471 3959 me
1483 3901 1705 3976 positi3soilioet
1733 3902 1843 3958 homini

95 3998 212 4072 quaudo
240 4011 294 4068 pro
322 3993 390 4051 tein
408 4010 492 4050 eruce
506 4009 684 4066 passussnm
716 3992 746 4049 in
775 3994 943 4050 infirmitate
996 3997 1042 4053 illi
1057 3995 1107 4068 qui
1120 3995 1292 4050 bonooorde
1305 4008 1404 4050 semen
1421 3991 1501 4048 verbi
1516 3991 1573 4046 mei
1588 3989 1845 4046 voluntariesuaei·

95 4087 199 4154 earnis,
223 4100 290 4140 oum
332 4083 494 4140 contremui
527 4099 560 4137 ae
593 4083 771 4154 angustiatus
796 4099 861 4139 sum
889 4099 943 4156 ego
999 4085 1052 4157 pit,
1068 4099 1173 4157 magna
1187 4083 1262 4140 dona
1275 4081 1398 4154 Spiritus
1413 4080 1504 4138 macti
1528 4085 1559 4136 nt
1572 4079 1730 4152 bonoagro
1745 4093 1844 4148 super-

97 4176 186 4232 Filius
209 4172 354 4230 hominis?
381 4173 424 4228 0b
437 4172 494 4226 boe
511 4171 628 4242 requiro
654 4188 671 4226 a
694 4177 723 4226 te
742 4171 891 4227 adversum
914 4177 943 4227 te
964 4153 986 4206 ὓ
998 4173 1178 4230 abundanter
1203 4171 1308 4228 tribuo.
1334 4171 1384 4227 llle
1405 4175 1504 4226 eutem
1531 4169 1583 4240 qui
1607 4167 1763 4240 aliquemo
1781 4181 1844 4222 rer-

97 4263 269 4336 martyrium
284 4262 363 4334 qnod
376 4261 484 4334 pateris
496 4261 527 4316 iu
539 4261 685 4331 voluptate
703 4259 798 4315 earnis
824 4265 890 4328 ture,
915 4268 945 4317 el
999 4263 1067 4318 bum
1083 4276 1179 4318 meum
1197 4260 1309 4332 recipit,
1323 4260 1480 4332 aliquando
1501 4259 1588 4314 etiam
1613 4257 1741 4328 recipere
1764 4271 1844 4310 reeu-

96 4356 126 4410 in
160 4352 280 4424 reliquis
307 4349 574 4423 perturbationibus
600 4366 633 4405 ae
665 4348 774 4405 illicitis
794 4350 944 4406 desideriis
998 4357 1051 4417 sat,
1076 4356 1118 4405 est
1141 4349 1225 4422 quasi
1250 4365 1319 4422 ager
1340 4347 1417 4420 quod
1447 4347 1502 4404 hoe
1530 4351 1660 4418 tempore
1690 4343 1773 4412 viret,
1791 4343 1846 4399 hoo

97 4443 156 4498 tuis
174 4457 240 4514 quse
268 4445 337 4495 sunt
363 4443 463 4494 eontra
485 4438 662 4494 voluntatem
686 4453 793 4505 meam,
813 4443 899 4510 atque
913 4440 945 4494 in
999 4444 1096 4494 autern
1110 4437 1222 4494 arescit.
1240 4437 1390 4494 lliehomo
1404 4440 1502 4492 tamen
1525 4435 1645 4491 omnino
1674 4449 1732 4489 non
1755 4430 1843 4504 perit;

96 4530 161 4587 aliis
184 4528 353 4602 hujusmodi
377 4526 513 4598 nequitiis
529 4541 592 4598 qun
607 4526 893 4598 heceuhsequuntur
914 4527 945 4582 in
999 4528 1068 4600 quia
1082 4527 1214 4598 quamvis
1235 4526 1342 4582 lernam
1356 4525 1387 4582 in
1407 4525 1504 4580 anima
1518 4523 1653 4596 patiatur,
1666 4520 1776 4593 aliquid
1801 4527 1845 4577 ta-

96 4619 202 4692 quibns
230 4623 260 4674 te
274 4633 335 4674 non
349 4621 433 4689 potes
446 4631 582 4670 excusare
600 4615 673 4687 quin
692 4615 805 4670 noveris
830 4616 945 4687 quando
1000 4631 1068 4670 men
1082 4614 1213 4686 quemvis
1232 4629 1335 4684 parom
1363 4611 1516 4668 viriditatis
1529 4610 1636 4676 habet;
1662 4607 1772 4664 sedhic
1794 4621 1847 4678 per

95 4710 170 4765 bane
185 4712 215 4763 et
232 4707 307 4761 male
326 4702 465 4775 operaris.
1000 4701 1099 4760 omnia
1137 4703 1268 4769 moritur,
1300 4701 1351 4774 qui
1377 4701 1456 4756 nulla
1482 4698 1641 4756 intentione
1675 4697 1761 4752 verbe
1781 4710 1846 4750 mea

131 4794 186 4851 Sed
211 4809 270 4850 non
305 4791 409 4863 abjicio
430 4792 565 4862 copulem
587 4795 672 4847 easta
699 4791 800 4862 legalis
827 4791 947 4864 coujun-
1000 4791 1127 4862 recipere
1149 4795 1275 4861 exoptat,
1300 4795 1328 4846 et
1355 4789 1405 4861 qni
1426 4805 1480 4846 nec
1504 4785 1701 4844 admonitione
1724 4781 1846 4854 Spiritus

96 4882 209 4951 ottonis,
235 4897 302 4954 quae
325 4895 378 4952 per
395 4879 525 4938 divinam
551 4879 705 4936 eonsilium
730 4880 884 4936 constituta
904 4884 947 4936 eet
999 4880 1102 4946 saneti,
1118 4878 1310 4935 needoetrioe
1325 4877 1488 4946 hominum,
1506 4892 1556 4933 eor
1570 4890 1653 4931 suum
1673 4873 1733 4928 ullo
1760 4870 1846 4928 modo

96 4973 129 5027 in
163 4969 438 5042 multiplicationem
469 4967 679 5040 procreationis
709 4967 838 5024 filiorum
860 4969 944 5036 bdae3
1000 4967 1125 5024 excitare
1152 4967 1214 5022 vult
1237 4967 1406 5023 edbertum.
1432 4961 1646 5032 desipueris,
1674 4961 1847 5028 ohamo,et

97 5059 148 5116 ubi
169 5059 224 5114 hoc
251 5058 371 5112 insero
393 5055 538 5113 desiderio
560 5056 649 5128 prolis
683 5061 713 5112 et
730 5073 790 5112 non
816 5057 847 5112 in
874 5056 947 5112 rusa
1000 5056 1073 5112 seira
1087 5056 1128 5112 vis
1141 5071 1193 5112 eur
1206 5056 1268 5112 haee
1284 5055 1415 5112 iteilent.

98 5149 244 5218 voluptate
266 5146 362 5201 carnis
375 5145 412 5200 eb
426 5144 513 5200 iissit
539 5145 645 5216 quihus
659 5144 730 5200 illud
749 5144 812 5200 sine
838 5144 946 5211 injuria
1036 5143 1090 5200 Sed
1104 5149 1135 5200 et
1149 5160 1201 5199 nee
1221 5143 1400 5200 divinitatem
1419 5137 1749 5198 mortali.obtntnvales
1769 5135 1845 5207 aspi·

99 5235 211 5292 licitum
224 5240 277 5302 est,
292 5234 452 5290 secandam
473 5233 552 5305 qnod
573 5233 616 5289 eis
632 5233 664 5288 in
680 5233 745 5304 lege
758 5233 946 5305 eivmspre-
1000 5249 1084 5300 aare;
1113 5234 1153 5288 sic
1185 5249 1238 5289 aec
1266 5239 1374 5288 secrete
1401 5230 1463 5302 ejus
1492 5227 1608 5286 mortali
1628 5241 1713 5282 sensa
1737 5225 1847 5297 poteris

99 5329 214 5396 ceptam
227 5327 282 5390 cst,
292 5322 400 5379 scilieet
418 5323 521 5377 saeclo
537 5320 640 5378 deditis
651 5325 681 5376 et
698 5336 757 5377 non
771 5321 874 5392 spiritu
899 5337 947 5376 se·
1001 5339 1112 5396 sapere,
1124 5323 1181 5380 nisi
1196 5321 1379 5396 quantumin
1393 5319 1584 5392 permissione
1600 5317 1689 5389 ipsias
1703 5315 1757 5372 tibi
1777 5331 1847 5388 pos·

100 5412 235 5485 gregatis.
261 5413 374 5468 bonnm
391 5425 462 5482 ergo
481 5410 559 5482 quod
584 5409 674 5466 hahes
696 5426 714 5464 e
736 5426 793 5478 me,
827 5410 948 5482 diligere
1002 5409 1083 5466 sibile
1111 5415 1164 5467 est.
1191 5412 1232 5467 Ta
1254 5413 1350 5465 eutem
1369 5408 1520 5464 vacillante
1548 5399 1645 5462 animo
1672 5410 1735 5474 tno,
1749 5404 1805 5459 huc
1820 5407 1850 5458 et
