3984 6034
85 185 151 236 iose
803 177 879 232 vivs
902 177 929 232 s.
952 175 1113 232 nisteour.
1361 141 1364 147 ’
1769 185 1833 242 tout

79 310 182 366 viiset
205 307 392 381 reliquiariis,
422 323 475 378 pro
499 306 683 372 veris,certis
707 312 737 361 et
763 305 932 361 indubitatis
950 307 1176 378 Anouagesimo
1199 307 1332 374 secundo,
1362 308 1490 368 dierera
1510 313 1540 364 tlt
1567 311 1674 366 mensis
1700 313 1831 382 Augusti,

79 401 171 455 sacris
190 397 330 470 reliquiis,
345 396 381 450 ab
402 396 521 464 antiquo
549 395 670 449 etultra
695 396 845 450 homiuum
867 411 929 449 me·
985 393 1170 464 pontificatus
1192 394 1219 448 S.
1246 395 1277 450 Ι).
1298 395 1330 450 Ν.
1362 411 1388 451 o.
1412 411 1438 450 o.
1462 398 1617 453 Clementis
1640 403 1731 454 occari
1755 415 1831 454 anno

81 488 208 542 moriam
217 487 253 541 ab
275 485 488 540 omnibusvere
511 481 681 538 Christianis
704 481 861 536 orthodoxe
881 499 931 535 ca-
985 480 1090 552 primo,
1106 481 1296 553 presentibus
1310 483 1418 538 ibidem
1439 501 1497 539 rev.
1519 479 1643 541 'nobilib
1671 489 1789 560 magnii.
1803 497 1832 544 et

79 576 197 632 tholicis
207 589 322 646 semper
337 579 367 627 et
380 572 488 644 ubique
509 576 674 626 reverenter
701 571 812 626 habitas
825 577 855 626 et
868 571 930 624 cul·
985 569 1098 626 eximiis
1111 571 1178 626 viris
1189 588 1221 626 ec
1233 571 1368 642 dominis,
1386 574 1467 628 llom.
1486 575 1618 645 bdolpho
1630 575 1734 644 ll'oltlg
1755 576 1831 629 dioto

79 669 138 732 tes,
154 679 186 718 ac
202 661 346 717 deiisdem
370 676 429 714 nou
457 675 522 714 raro
549 655 724 713 antehaceh
741 657 930 728 archiepisco·
986 659 1163 727 lletteruich,
1188 662 1324 715 canonico
1349 661 1475 732 Spirensi
1511 671 1539 716 et
1565 665 1718 734 preposito
1737 664 1832 718 Sancti

82 753 131 822 pis
164 749 359 822 llouguntiuis
386 748 507 802 summis
533 746 650 818 regibus
690 752 720 802 et
750 746 930 819 principibus
984 748 1105 804 Andreae
1120 750 1292 817 Wormntim
1310 749 1450 805 dictorum
1475 752 1639 824 principum
1659 752 1732 806 utiles
1756 769 1830 822 prve-

79 837 291 895 communicari
316 852 349 891 uc
376 834 534 891 transmitti
566 835 675 900 solitas,
700 836 776 890 bona
804 834 859 890 lide
880 835 929 888 de·
984 837 1266 905 iecto;li.AEtherio
1284 837 1428 894 liclimant
1446 839 1473 894 S.
1496 839 1622 910 theolog.
1651 841 1724 895 doct.
1745 841 1830 894 colle·

79 926 290 998 prebendevint
316 924 574 996 etcompererint:
604 923 643 979 ita
668 924 744 996 quod
769 923 804 978 de
829 939 929 978 aarum
984 923 1127 996 gdatorum
1156 925 1341 980 ecclesiarum
1378 926 1411 982 D.
1450 925 1574 998 Virginis
1609 925 1778 982 odilredus
1803 929 1831 980 et

78 1016 139 1071 tide
161 1021 199 1084 et·
213 1014 333 1070 veritate
361 1029 447 1069 uemo
473 1029 540 1068 vere
574 1012 753 1068 Christianus
782 1013 929 1083 ambigere
983 1013 1080 1069 Sancti
1096 1014 1172 1069 Petri
1187 1021 1267 1070 extra
1294 1030 1392 1070 muros
1420 1013 1651 1083 bloguutinenses
1676 1013 1831 1084 respective

76 1105 172 1176 possit
186 1107 236 1158 aot
257 1103 369 1159 debeat.
387 1103 425 1157 lia
438 1118 495 1174 qua
510 1100 629 1157 decebat
651 1101 811 1156 reverentia
830 1101 930 1156 suimi·
984 1105 1274 1172 demonstrantem,
1291 1105 1373 1159 alma
1389 1101 1764 1172 Universitatislloguutinm
1777 1117 1830 1174 pro

78 1209 138 1264 quc
151 1192 334 1258 demissione,
350 1191 469 1246 nomine
484 1195 514 1243 et
538 1204 572 1244 ex
586 1195 669 1260 parte
696 1186 929 1242 reverendissimi
982 1196 1113 1264 tempore
1127 1195 1256 1259 rectore;
1273 1191 1304 1246 ll.
1330 1191 1495 1246 balthasaro
1521 1190 1603 1244 Bnler
1628 1189 1664 1245 ab
1694 1189 1829 1256 dolebas,

79 1286 110 1337 el
119 1279 310 1338 illustrissimi
324 1279 439 1335 Domini
450 1279 539 1334 nostri
565 1277 772 1349 archiepiscopi
787 1281 817 1330 et
843 1275 926 1348 priu-
983 1279 1126 1334 dictorum
1153 1278 1328 1352 principium
1355 1278 1541 1344 cubiculario,
1562 1279 1595 1332 ll.
1618 1279 1700 1333 letan.
1717 1279 1827 1349 liugero

77 1372 152 1442 cipis
180 1369 313 1424 electoris
341 1367 510 1438 ldoguutini,
540 1365 716 1422 serenissimi
738 1365 928 1436 principibus,
984 1369 1102 1430 bavaro,
1119 1367 1515 1439 ddprtnctpumcapettauo,
1531 1365 1564 1420 ad
1596 1366 1742 1435 praemissa
1765 1383 1830 1436 spe·

76 1459 134 1513 sub
166 1458 228 1528 ipsa
256 1462 361 1512 sauctae
388 1456 481 1509 missae
507 1454 714 1520 cerebratiooe,
739 1469 804 1507 cum
831 1453 930 1507 mullis
982 1458 1095 1512 cialiter
1110 1455 1256 1528 requisitis
1273 1460 1303 1510 et
1316 1456 1432 1509 vocatis.
1459 1455 1529 1519 Qua
1552 1455 1650 1506 omnia
1668 1453 1828 1524 etsiognta,

76 1547 224 1602 aliisburc
244 1546 438 1600 instrumento
460 1560 518 1597 uon
552 1542 665 1597 insertis
690 1541 830 1614 reliquiis,
856 1557 928 1612 prn-
983 1548 1172 1621 injflmdieto
1198 1549 1260 1604 1000
1275 1553 1303 1604 et
1326 1547 1382 1616 die,
1398 1547 1471 1602 circa
1487 1547 1586 1602 horam
1613 1546 1829 1616 septimarum.

76 1633 208 1687 sentibus
228 1632 263 1687 ad
287 1631 342 1686 boc
362 1629 525 1702 specialiter
544 1630 692 1704 requisitis
707 1630 819 1684 notario
835 1635 865 1684 et
885 1635 925 1683 te·
948 1603 1213 1704 ”temeridiauam
1228 1651 1308 1691 sacro
1325 1635 1403 1706 prius
1419 1635 1512 1690 missia
1541 1634 1655 1696 ollicio;
1679 1634 1747 1704 ipsis
1763 1635 1828 1688 reli-

74 1721 169 1776 stibus
191 1720 410 1792 infrascriptis,
437 1719 468 1775 in
491 1719 541 1773 ttei
566 1719 693 1785 nomine,
726 1719 762 1774 ad
788 1718 879 1791 ipsius
899 1725 928 1772 et
982 1725 1265 1794 quiissuperultare
1288 1724 1398 1796 positis,
1427 1724 1528 1778 devote
1552 1722 1660 1786 habito,
1683 1738 1733 1792 per
1761 1727 1830 1777 tuuc

76 1807 210 1863 omnium
237 1811 403 1864 Sanctorum
435 1822 554 1862 suorum
575 1807 697 1877 gloriam
735 1805 924 1860 tradidimus:
981 1812 1014 1865 l).
1042 1827 1133 1867 rever.
1157 1810 1366 1882 archiepiscopi
1396 1809 1554 1880 liuguntini
1575 1809 1727 1880 deputatos
1749 1823 1828 1862 eom-

76 1898 169 1952 Dcum
187 1897 298 1952 Patrem
315 1895 431 1950 Domini
443 1895 533 1950 nostri
548 1897 614 1950 lesu
631 1894 746 1960 l’hristi,
773 1909 839 1948 cum
868 1910 926 1965 quo
980 1897 1128 1952 missarios
1150 1913 1236 1970 supra
1253 1903 1435 1965 memoratos,
1455 1913 1512 1952 una
1540 1896 1646 1952 ibidem
1672 1895 1764 1950 adhuc
1784 1913 1829 1950 ex-

74 1986 285 2040 omuessaucti
309 1984 431 2040 feliciter
451 1983 552 2038 vivunt
576 1989 751 2055 etrcguant,
779 1982 927 2037 humiliter
980 1985 1119 2054 sistentes,
1141 1988 1334 2059 tactisprimo
1354 2003 1407 2058 per
1424 1987 1501 2058 ipsos
1527 1986 1632 2041 sanctis
1662 1985 1712 2040 ilai
1736 1985 1827 2040 Evan-

73 2079 105 2128 et
120 2073 263 2128 exanimo
278 2078 438 2145 precautes,
453 2073 555 2128 uilloc
578 2074 778 2143 qualecunque
806 2072 926 2125 servitu-
979 2075 1072 2144 galiis,
1089 2075 1270 2130 adtenorem
1285 2074 1417 2130 datarum
1434 2074 1606 2141 litterarum,
1624 2079 1731 2128 verset
1761 2075 1828 2142 legi·

72 2161 113 2215 tis
129 2167 235 2216 nostre
254 2161 425 2232 obsequium
445 2161 502 2215 iltis
516 2161 553 2215 ad
576 2161 747 2229 gloriamsi
774 2161 925 2226 bonorem,
978 2164 1050 2216 time
1065 2163 1150 2231 dicta,
1170 2168 1241 2231 acta,
1267 2168 1356 2233 gesta,
1376 2161 1479 2216 tradita
1502 2159 1600 2227 luisse,
1620 2175 1674 2230 ego
1689 2157 1829 2228 Georgius

73 2249 280 2304 serenitatibus
301 2264 369 2303 vcro
391 2249 521 2318 ipsorum
544 2247 684 2319 nobisque
718 2247 853 2303 omuibus
881 2263 926 2300 eo·
979 2250 1125 2315 llolitoris,
1154 2251 1286 2321 publicus
1314 2249 1454 2316 notarius,
1482 2247 1764 2316 reverendorumque
1775 2245 1826 2300 do-

73 2355 141 2392 rum
163 2337 368 2392 intercessione
400 2337 432 2392 ad
471 2337 592 2390 salutem
620 2334 751 2406 pronciat
778 2339 925 2390 eternam.
979 2340 1124 2393 minorum
1149 2337 1267 2410 capituli
1287 2353 1407 2392 summm
1443 2335 1513 2391 mdis
1541 2351 1627 2390 sacrm
1653 2335 1827 2406 lloguntinae

72 2430 179 2480 Amen.
196 2423 926 2497 luquoromomniumetsiugulorumlidemprm-
979 2424 1157 2491 secretarius,
1182 2423 1307 2494 juratus,
1335 2439 1477 2478 unacum
1501 2423 1621 2478 testibus
1644 2437 1730 2493 supra
1758 2422 1825 2476 scri-

73 2513 353 2582 sentesbascolieri,
372 2513 646 2585 propriaquomanu
671 2511 860 2575 subscribere,
892 2527 924 2564 oc
978 2513 1175 2583 ptis,'mecum
1191 2512 1226 2566 sd
1243 2513 1297 2566 hoc
1312 2511 1474 2582 specialiter
1498 2511 1533 2565 dc
1548 2526 1624 2564 uovo
1640 2510 1758 2578 rogatis,
1797 2509 1825 2562 in

74 2602 488 2672 sigillisvicariatusnostriet
516 2600 607 2672 ipsius
631 2599 783 2654 abbatissae
802 2603 830 2654 et
859 2615 924 2653 con·
977 2599 1745 2666 ueritatistestimouiumevidentissimum,hacmeae
1769 2615 1826 2653 mu-

74 2696 180 2745 veutus
204 2688 356 2746 memorati
381 2688 547 2744 monasterii
576 2687 747 2766 communiri
768 2687 922 2742 voluimus.
977 2703 1032 2742 uvis
1048 2687 1257 2760 subscriptione
1280 2687 1395 2760 propria
1420 2704 1451 2742 uc
1475 2687 1586 2758 signeto
1602 2687 1761 2742 notariatus
1790 2684 1824 2740 ad

110 2781 260 2834 betasunt
282 2779 343 2833 trac
357 2778 387 2833 iu
415 2776 639 2848 metropolitana
661 2777 775 2832 civitate
800 2777 925 2846 liogan-
978 2777 1139 2846 marginem
1154 2775 1238 2830 solito
1262 2775 1402 2847 apposito.
1426 2789 1523 2830 coram
1547 2773 1690 2830 universis
1712 2779 1741 2829 et
1770 2775 1826 2828 sin-

72 2865 124 2930 tie,
141 2866 171 2920 iu
187 2867 292 2922 sacello
307 2865 393 2920 curiae
414 2865 665 2921 serenissimorum
681 2865 857 2936 principum,
868 2863 923 2917 sub
978 2863 1053 2934 gulis
1063 2867 1194 2918 attestor.

72 2970 151 3009 anuo
177 2954 334 3011 nativitatis
374 2953 478 3010 Christi
509 2953 663 3009 millesimo
690 2953 922 3027 quingentesimo
1257 2949 1345 3004 Locos
1364 2963 1535 3004 siorttouotr.

74 3127 182 3134 -—---

418 3249 631 3378 VITA
683 3246 998 3376 SANCTl
1052 3245 1445 3374 Distssuul

229 3503 377 3548 EPiSCOPl
402 3503 443 3546 ΕΤ
465 3500 687 3546 CONFESSORIS
709 3501 743 3544 tu
766 3499 975 3549 DYSBMBERG,
1000 3495 1194 3542 contumuit
1218 3495 1407 3540 Moouu‘rtrtt
1431 3497 1463 3540 ΙΝ
1486 3497 1671 3552 GERMANlA,
1778 3465 1785 3471 ι

469 3666 504 3750 ll
540 3663 753 3750 struem
790 3661 1147 3750 HILDEGARDE
1179 3658 1431 3746 SCRIPTA.

315 3851 392 3908 (Aeto
407 3849 562 3897 Sanctorum
578 3845 700 3895 Boltmtd.
715 3844 777 3896 Jtrlii
793 3849 856 3896 totu.
872 3844 906 3903 ll,
918 3843 962 3894 die
973 3847 997 3904 8,
1012 3857 1038 3907 p.
1055 3844 1110 3899 sut.
1125 3855 1156 3892 ex
1171 3855 1219 3891 rue.
1236 3843 1261 3891 S.
1279 3841 1381 3892 Maximi
1396 3841 1579 3902 Trevirensis.)

870 3997 1020 4009 —-—

803 4108 1087 4197 MONITUM.

106 4432 133 4486 S.
165 4429 293 4486 llisibodi
322 4428 413 4482 vtum
441 4423 556 4497 scripsit
580 4424 607 4480 S.
648 4420 827 4493 llildegurdis
847 4437 895 4475 au.
921 4422 1001 4487 tlte,
1019 4420 1102 4491 jussu
1130 4417 1284 4490 llelingeri,
1318 4415 1454 4472 Montisa
1487 4415 1590 4472 Saucto
1622 4416 1812 4480 denominati,

69 4501 294 4572 abbatisquiuti.
311 4500 375 4553 vita
394 4495 444 4553 illa
464 4495 492 4550 S.
511 4493 639 4551 Disibudi
670 4491 874 4548 soluetuuica
898 4495 950 4554 est,
967 4507 1031 4562 qum
1056 4489 1175 4544 aSurio
1204 4489 1290 4555 edita,
1326 4486 1408 4541 citeri
1429 4487 1534 4556 passim
1559 4488 1640 4554 solet,
1667 4503 1701 4541 eo
1719 4491 1814 4540 aucto-

69 4577 201 4627 ramento
217 4572 334 4637 donata,
349 4576 412 4624 uta
438 4566 576 4622 divinitus
597 4563 722 4620 revelata
739 4569 925 4617 »censeatur
942 4561 988 4616 Sic
1010 4564 1086 4614 certe
1109 4563 1231 4614 testatur
1254 4558 1316 4629 ipsa
1340 4561 1466 4613 nomi:
1499 4575 1513 4608 v
1536 4557 1663 4612 Prolatus
1693 4557 1814 4611 visiones

69 4643 211 4698 tibrioitae
224 4643 432 4699 Meritum...
461 4652 495 4692 ex
519 4636 625 4691 diuinas
652 4635 760 4707 pietate
791 4632 953 4704 sapientire,
975 4645 1072 4686 vocem
1098 4631 1133 4684 de
1159 4631 1230 4684 coeto
1245 4631 1286 4683 sio
1312 4627 1456 4684 dicentem
1480 4627 1585 4682 audivi.
1616 4649 1627 4676 ι
1654 4627 1687 4682 lit
1715 4641 1814 4682 rursus

68 4729 149 4768 uum.
165 4715 221 4768 m:
239 4732 253 4759 «ι
270 4712 345 4779 ileo,
358 4709 630 4783 qumprolatasuut,
644 4721 698 4777 per
723 4704 862 4777 Spiritum
886 4708 1028 4769 sanctum,
1058 4701 1094 4756 ad
1111 4701 1233 4772 gloriam
1254 4699 1383 4756 nominis
1408 4699 1499 4770 ipsius
1526 4697 1565 4753 ad
1586 4698 1813 4770 memoriamque

88 4784 181 4839 relati
202 4783 327 4853 patroni,
353 4789 439 4854 etque
466 4779 501 4835 ad
526 4779 743 4850 castigationem
772 4775 953 4831 audientium
996 4771 1158 4840 hominum,
1201 4772 1293 4825 veraci
1320 4771 1492 4826 revelatione
1507 4769 1808 4826 manifestatasuut.»

66 4799 137 4909 fiira
152 4850 412 4923 sanellildegardts
427 4850 556 4919 assertio,
573 4850 609 4906 de
633 4849 799 4904 narratione
819 4845 938 4900 couiusu
962 4848 989 4898 el
1011 4841 1153 4910 intricata,
1174 4859 1227 4898 ner
1242 4842 1308 4896 ullis
1331 4841 1406 4896 veris
1429 4840 1572 4896 historicis
1601 4839 1812 4895 characteribus

69 4924 203 4997 praedita,
216 4938 364 5003 quamque
378 4921 449 4976 adeo
460 4921 578 4992 dignam
600 4935 659 4975 uon
675 4915 786 4973 censuit
815 4915 938 4979 llabilio,
956 4929 1021 4985 qum
1046 4913 1122 4968 inter
1136 4913 1306 4968 Sanctorum
1334 4911 1445 4967 ordinis
1470 4911 1514 4966 soi
1532 4914 1601 4965 Acta
1623 4911 1718 4966 locum
1732 4925 1813 4965 occu·

66 5001 183 5068 paret«
202 4992 330 5049 Disibodi
341 5006 387 5047 ras
397 4996 502 5064 gestas,
512 4990 617 5061 inquit,
638 4989 710 5045 locis
723 4989 783 5043 lere
797 4985 1000 5041 communibus
1010 4983 1174 5054 amplicavit
1190 4982 1218 5038 S.
1238 4983 1426 5054 hildegardis.
1444 5003 1458 5035 n

102 5064 342 5121 lucubrationem
370 5063 442 5118 bene
464 5061 580 5132 leugam
606 5060 712 5132 saepius
733 5064 762 5113 et
784 5062 892 5114 attente
921 5055 1024 5124 evolvi,
1054 5061 1115 5110 tum
1143 5053 1174 5109 iu
1202 5070 1254 5109 ms.
1280 5059 1378 5108 uostro
1407 5069 1440 5108 ex
1465 5051 1494 5108 S.
1523 5050 1667 5109 Maximini
1690 5051 1812 5108 Treuiris

65 5135 322 5208 perllostreydum
343 5139 470 5205 accepto,
484 5139 546 5186 turn
560 5134 592 5187 iu
612 5131 675 5203 ipsa
700 5129 776 5186 Surii
802 5128 930 5184 editione
961 5126 1093 5181 licentius
1118 5125 1251 5196 expolita,
1274 5125 1319 5180 rel
1345 5123 1437 5179 otalii
1459 5123 1627 5194 loquuntur,
1656 5127 1810 5196 corrupta:

67 5213 252 5280 utnusquam
266 5207 339 5262 mibi
354 5218 514 5277 apparuere
529 5202 573 5258 vel
602 5201 676 5257 levis
702 5201 819 5273 quidem
846 5197 962 5266 iudicia,
986 5197 1062 5253 uude
1088 5195 1139 5251 tuli
1161 5195 1308 5266 scriptioni
1337 5193 1521 5250 revelationis
1547 5194 1737 5276 praerogativa
1764 5194 1811 5249 ad-

67 5279 151 5334 scribi
163 5278 263 5352 possit,
279 5293 339 5333 uou
355 5275 447 5347 magis
457 5288 544 5346 quam
555 5271 732 5345 quibuslibet
747 5270 811 5326 aliis
834 5268 864 5326 id
923 5283 977 5323 uvas
1004 5272 1167 5322 sanctorum
1194 5265 1353 5338 Legendis;
1381 5265 1437 5320 nisi
1458 5265 1597 5320 revelatas
1629 5265 1735 5319 dixeris
1768 5282 1810 5320 sa·

69 5364 182 5406 orarum
214 5348 388 5406 Litteramm
415 5345 572 5402 uouuollas
597 5344 764 5408 sententias,
798 5356 871 5413 ques
925 5345 990 5396 uota
1019 5342 1119 5394 auctor
1143 5337 1283 5409 singulari
1319 5335 1555 5407 interpretatione
1583 5337 1722 5406 exposuit,
1751 5341 1812 5392 tote

69 5421 98 5476 in
115 5420 289 5493 explicandis
313 5417 470 5474 moralibus
495 5414 645 5480 doctrinis,
670 5429 743 5485 quas
766 5412 791 5466 ei
815 5429 832 5467 a
855 5412 968 5482 reliquo
983 5425 1071 5482 opere
1095 5408 1242 5476 avulseris,
1266 5407 1387 5463 historia
1425 5407 1480 5462 iste
1501 5405 1711 5478 qualiscunque
1739 5422 1810 5480 psu-
