3984 6034
70 103 155 187 ’6666
675 130 830 188 uersum.
851 161 886 174 -
900 131 966 188 uis.
987 131 1009 188 1.
1029 131 1076 188 ns
1095 131 1252 188 6666666.
1770 140 1839 196 roeo

190 262 265 321 Car.
286 259 361 320 CCV.
375 261 468 318 -116
484 260 645 318 locrrouro
658 261 698 334 (l)
713 262 760 335 (11,
769 262 827 336 63).
953 263 1122 320 leamdam
1142 263 1261 322 herbam
1295 264 1427 338 accipiat,
1455 272 1485 322 ot
1511 267 1542 324 in
1565 267 1679 340 6666166,
1708 269 1836 326 crinibus

116 351 311 424 polypodium
325 349 451 407 calidum
473 355 502 406 et
515 350 622 406 siccum
636 356 690 407 est.
713 353 806 408 llomo
823 355 932 416 autem,
987 351 1107 423 abrasis,
1122 359 1223 424 punet3
1241 356 1270 408 el
1288 352 1434 426 ligamine
1448 355 1529 426 ligat,
1551 355 1686 414 similiter
1704 362 1734 414 et
1748 373 1834 428 super

77 440 135 511 qui
149 440 180 496 in
199 438 355 496 visceribus
377 438 466 506 dolet,
488 437 512 492 si
527 453 621 494 macer
639 443 683 494 est
696 443 726 494 et
747 438 771 494 61
786 455 844 494 666
858 439 933 494 mul·
987 445 1086 509 pectus
1107 445 1204 513 ponat,
1226 457 1280 498 nec
1303 443 1334 498 in
1349 443 1444 500 triduo
1459 459 1524 500 eum
1539 445 1660 513 scierat,
1676 445 1834 502 61661666-

76 534 147 584 tum
165 528 340 596 inllrmatur,
360 526 549 599 polypodium
567 525 699 598 accipiat,
725 533 754 582 et
774 528 933 583 secundum
987 545 1036 584 aus
1063 545 1128 586 suos
1150 529 1297 585 reducitur
1328 530 1383 596 uui
1416 537 1515 588 autem
1543 538 1708 604 pertulum
1732 550 1835 606 corpus

77 617 146 688 ejus
160 616 275 672 tertiam
290 620 401 688 partem
413 614 532 671 salviam
549 615 576 670 ei
585 615 682 682 addat,
696 622 725 671 el
739 615 769 672 iu
783 617 933 688 pulvorem
987 633 1103 674 suumn
1127 618 1250 690 paralysi
1272 618 1417 692 fatigatur,
1438 621 1569 676 eamdem
1592 622 1712 679 horbam
1734 623 1766 678 in
1780 639 1834 694 po·

76 706 205 777 redigat,
222 711 251 760 et
264 707 412 777 pulverem
425 701 661 772 istumcumedat,
675 710 703 759 et
718 706 809 760 malos
822 705 932 776 (166666-
987 707 1085 762 culum
1098 723 1184 764 suum
1205 712 1303 778 ponat,
1324 713 1356 763 ut
1370 708 1438 764 inde
1453 725 1586 780 saporem
1600 709 1713 779 haheat,
1732 717 1760 768 st
1774 713 1835 768 ire·

77 810 128 852 res
145 793 261 850 minuit.
277 793 359 860 erod
379 791 404 848 ei
422 793 501 849 idem
516 793 603 849 homo
617 794 743 849 miiitum
758 794 931 864 infirmatur,
986 799 1109 867 quanter
1123 795 1210 866 bibat,
1227 801 1256 852 et
1271 796 1428 852 curabitur.

75 882 194 944 vinum,
211 881 421 948 melleaddlto,
441 881 592 952 adignem
614 887 729 954 coquat,
751 888 779 938 ct
799 899 933 955 perpau-
986 883 1059 940 Car.
1088 883 1162 940 CCX.
1184 913 1219 928 -
1245 885 1286 941 lla
1311 885 1477 942 1166666666
1496 900 1596 942 aarum
1616 887 1655 958 (4)
1683 888 1728 959 (11,
1753 887 1831 961 ele]

76 985 154 1024 num
167 970 295 1025 colatum
315 968 476 1041 inlrigidari
497 969 573 1024 sinat
586 973 615 1024 ct
638 969 807 1042 predictum
830 971 933 1042 pulve·
1022 972 1110 1044 blajor
1136 973 1269 1043 bulltctta
1292 973 1397 1045 frigida
1430 979 1458 1030 el
1493 974 1622 1043 humida,
1650 979 1680 1030 et
1707 975 1745 1032 ob
1778 977 1834 1034 boc

75 1073 143 1112 rem
158 1056 303 1122 immittat,
319 1063 349 1113 st
370 1057 460 1114 bibat.
486 1058 577 1113 Homo
600 1061 707 1126 autem,
723 1057 773 1130 qui
797 1058 828 1112 in
843 1057 931 1114 visce·
985 1060 1097 1118 iortiter
1111 1062 1221 1118 crescit.
1247 1063 1279 1118 ln
1301 1061 1364 1133 ipso
1378 1067 1475 1118 autem
1499 1063 1632 1120 acumina
1653 1069 1682 1119 st
1705 1063 1737 1120 in
1750 1063 1832 1137 frigi·
1944 1113 1950 1122 ‚

77 1146 164 1202 ribus
184 1163 272 1203 sanus
286 1152 330 1202 est
343 1150 374 1202 et
392 1145 444 1219 qui
462 1145 586 1218 pingues
604 1163 705 1204 carnes
725 1148 855 1219 corporis
877 1149 932 1204 ha·
986 1148 1145 1206 6111616666
1169 1166 1271 1222 pravos
1291 1152 1428 1207 humores
1452 1151 1584 1221 extrahit,
1604 1167 1670 1208 cum
1691 1153 1835 1208 ulceribus

76 1235 141 1304 bet,
169 1251 224 1292 nec
264 1238 413 1308 pulverum
442 1235 531 1291 isium
572 1236 707 1292 comedat
740 1252 794 1293 nec
830 1242 931 1309 potum
985 1239 1256 1312 superponitur-Si
1286 1239 1351 1311 quis
1378 1237 1465 1295 etiam
1488 1239 1625 1296 scrofulas
1653 1240 1684 1295 in
1712 1256 1832 1312 corpore

76 1323 173 1392 bibat,
186 1341 223 1380 ue
238 1325 301 1380 sani
315 1325 454 1382 humores
469 1324 501 1379 in
515 1341 551 1380 eo
561 1324 760 1381 debilitentur.
985 1344 1037 1384 suo
1057 1329 1155 1394 babel,
1176 1333 1331 1400 66666666
1355 1333 1536 1400 rumpentur,
1553 1328 1684 1385 eumdem
1708 1329 1830 1384 herbam

180 1413 253 1470 Car.
275 1413 360 1469 CCVl.
382 1443 419 1454 —
436 1414 667 1470 lerraaorsrau.
687 1411 731 1486 (11,
755 1413 825 1484 116).
983 1417 1065 1488 juxta
1100 1417 1221 1474 caudam
1256 1418 1411 1486 abrumpet
1448 1417 1607 1472 secundum
1646 1416 1830 1472 latitudinem

121 1501 279 1557 Vehedistcl
300 1501 501 1572 frigiditatem,
522 1519 589 1574 qum
613 1504 649 1558 de
671 1518 737 1558 rore
764 1510 815 1566 est,
844 1503 875 1558 iu
898 1518 931 1558 se
985 1507 1185 1573 sommiorum,
1210 1509 1239 1560 et
1273 1510 1376 1560 coclara
1403 1504 1528 1576 abjiciat,
1556 1508 1585 1559 et
1605 1519 1693 1575 super
1719 1509 1833 1576 partem

76 1589 179 1656 habet,
194 1595 223 1644 el
243 1588 324 1644 raldo
343 1588 423 1644 utilis
436 1595 488 1644 est.
504 1588 534 1646 Si
548 1589 642 1661 quisa
663 1590 769 1646 sterben
784 1589 929 1663 [stechedo
949 1560 1064 1650 Billam
1082 1610 1169 1667 quarn
1193 1591 1313 1650 retinuit
1331 1594 1387 1650 mel
1411 1592 1501 1661 liniat,
1522 1597 1551 1647 et
1564 1591 1604 1648 sic
1622 1608 1676 1664 per
1699 1597 1757 1648 tres
1771 1591 1833 1648 dies

77 1677 137 1748 661.)
153 1679 182 1733 16
197 1679 293 1743 corde,
309 1693 360 1734 seu
375 1677 407 1732 in
418 1678 516 1750 aliquo
531 1678 586 1733 6116
599 1679 798 1734 membrorum
812 1695 931 1734 suorum
985 1690 1015 1740 el
1052 1688 1147 1740 noctes
1173 1698 1261 1752 super
1299 1681 1435 1738 scrofulas
1474 1685 1575 1754 ponat;
1613 1685 1643 1736 et
1678 1685 1834 1752 postquam

79 1765 170 1834 dolel,
198 1767 347 1822 Velredistel
371 1767 500 1839 accipiat,
529 1772 558 1822 cl
584 1767 731 1825 modicum
751 1769 930 1823 661666666-
985 1771 1124 1828 exsiccata
1147 1771 1243 1838 luerit,
1260 1770 1364 1826 iterum
1386 1774 1529 1826 recentem
1553 1769 1656 1826 eodem
1674 1769 1761 1824 modo
1788 1784 1835 1824 sn-

80 1855 158 1910 clttcr
168 1856 273 1926 6616666,
296 1861 326 1910 et
349 1855 404 1911 hoc
425 1856 456 1912 in
475 1857 590 1912 modica
602 1872 679 1928 aqua
700 1857 733 1912 in
753 1872 870 1912 succum
884 1872 929 1912 66·
985 1864 1136 1934 perponat,
1161 1865 1191 1916 ct
1215 1860 1345 1916 scrolnlre
1376 1859 1515 1916 minorari
1543 1858 1692 1930 incipient.
1724 1857 1833 1924 Quarta

80 1943 219 2015 (158⁸le
236 1944 334 2000 statim
355 1945 462 2018 inipso
484 1944 556 2000 hora
572 1961 639 2002 cum
657 1962 674 2000 u
694 1945 803 2002 6166666
827 1942 932 2016 latiga-
984 1955 1082 2006 antem
1105 1948 1152 2005 die
1174 1947 1317 2004 triliceam
1339 1947 1461 2004 farinam
1486 1962 1552 2002 cnm
1576 1947 1662 2002 melle
1688 1951 1833 2018 temperet

80 2037 141 2101 tur,
157 2032 198 2088 sic
211 2032 300 2102 bibat,
316 2037 345 2088 et
359 2033 463 2088 melius
482 2033 610 2090 habebit.
984 2043 1015 2094 et
1032 2037 1224 2102 commisceat,
1248 2039 1277 2090 et
1301 2035 1338 2091 ad
1356 2035 1541 2092 latitudinem
1566 2034 1733 2092 earumdem
1758 2050 1833 2090 acro-

190 2121 254 2177 066·
274 2120 424 2177 CCV¹1·-
444 2121 619 2179 Dssthssffld
632 2120 670 2192 (ἳ)
685 2120 731 2192 [ll,
748 2117 823 2192 ¹⁶4]-
984 2127 1109 2184 16166666
1130 2125 1273 2194 coniicias,
1292 2129 1322 2180 et
1342 2123 1383 2180 eis
1411 2123 1555 2180 ackeleiam
1578 2123 1671 2195 primo
1696 2138 1833 2196 superpo-

120 2207 229 2264 i'icaria
250 2208 356 2280 frigida
375 2214 420 2264 cst
439 2213 468 2263 et
487 2208 617 2264 humida.
642 2210 734 2264 liomo
758 2213 855 2263 autem
879 2205 931 2279 qui
985 2215 1046 2278 nal,
1061 2214 1091 2266 et
1103 2210 1226 2281 desuper
1236 2209 1377 2265 mellicam
1392 2209 1635 2278 massamiurinve,
1650 2209 1833 2282 etsicquoti·

82 2296 218 2352 ardentes
231 2295 326 2352 febres
347 2296 467 2368 patitur,
492 2296 621 2352 ficariam
646 2301 676 2351 et
696 2295 741 2351 bis
763 2299 876 2351 lunium
894 2293 930 2349 dc
984 2298 1031 2356 die
1047 2313 1100 2369 per
1114 2313 1217 2353 novem
1230 2298 1291 2353 dies
1305 2298 1400 2362 iaciat,
1414 2305 1444 2354 et
1460 2297 1548 2367 ultra,
1563 2298 1633 2354 dum
1648 2303 1830 2354 evanescant.

81 2385 216 2442 basilisca
238 2384 270 2440 in
301 2401 375 2455 puro
397 2384 464 2440 vino
488 2389 602 2457 coquat,
623 2388 653 2440 st
672 2382 836 2455 infrigidari
860 2398 930 2454 per-
984 2387 1052 2444 car.
1075 2386 1160 2443 ccxl.
1183 2413 1218 2428 -
1241 2387 1282 2442 [16
1307 2386 1469 2442 1166666666
1497 2401 1595 2443 ninom
1620 2386 1658 2458 (5)
1686 2386 1730 2457 [ll,
1758 2387 1829 2453 170.)

82 2472 189 2537 mittat,
203 2478 233 2528 ct
245 2489 298 2544 pur
320 2473 450 2547 singulos
472 2472 533 2530 dies
545 2472 663 2544 jejunus
676 2487 709 2528 66
731 2470 785 2526 hoc
799 2470 866 2526 6166
879 2469 930 2526 bi·
1020 2475 1111 2531 ldinor
1131 2475 1265 2543 hufflatta
1284 2473 1376 2530 calida
1398 2479 1450 2532 ast.
1479 2475 1512 2530 lit
1541 2475 1566 2530 si
1591 2474 1657 2547 quis
1682 2475 1771 2530 homo
1796 2473 1832 2530 da

81 2563 142 2633 but,
168 2567 196 2618 ⁰²
217 2562 254 2618 ⁸d
277 2567 390 2618 11061611)
411 2577 478 2618 61116
501 2577 531 2618 ⁵⁰
556 2562 677 2618 ⁰⁰l¹⁰⁰³l
694 2560 731 2616 δᾶ
756 2561 872 2627 lectum,
901 2562 931 2614 0²
984 2565 1102 2621 diversis
1127 2564 1197 2620 cibis
1224 2565 1414 2620 immoderate
1442 2564 1608 2637 sumpserit,
1638 2568 1669 2618 et
1693 2563 1775 2635 jecor
1798 2561 1831 2617 it-

83 2653 125 2707 sic
138 2651 225 2707 iaciat
239 2651 308 2706 duur
324 2655 452 2705 sanetur.
984 2655 1041 2710 lius
1060 2654 1174 2710 lmdilur
1199 2656 1227 2709 el
1242 2652 1407 2716 indurescit,
1432 2652 1477 2708 hic
1502 2651 1634 2707 eamdem
1660 2651 1782 2707 herbam
1804 2654 1834 2706 61

201 2739 271 2796 car.
299 2739 411 2795 curru.
437 2769 470 2780 -
493 2739 534 2794 lie
558 2738 641 2795 Wsrr
662 2738 710 2810 [ll,
736 2736 809 2808 166).
983 2740 1028 2797 bis
1043 2744 1156 2796 tanturn
1174 2740 1321 2796 deradice
1344 2739 1529 2812 plantaginis,
1546 2744 1575 2794 st
1598 2755 1662 2794 mus
1686 2737 1762 2810 quod
1789 2745 1834 2792 eat

124 2831 203 2900 cht
225 2828 330 2901 frigida
350 2833 402 2897 est,
424 2833 453 2883 et
470 2826 545 2884 idem
560 2827 650 2898 trigue
663 2825 861 2882 acutissimum
875 2829 927 2879 est.
949 2829 1059 2912 neiron
1090 2829 1198 2884 viscum
1226 2828 1282 2899 piri
1310 2833 1451 2901 quaerum
1484 2827 1602 2884 minoris
1637 2826 1768 2896 basanite
1801 2824 1831 2878 iu

84 2918 242 2991 llomoqui
258 2919 288 2974 in
303 2933 424 2990 corpore
443 2933 524 2972 suoa
539 2915 667 2988 qualibet
680 2915 815 2987 paralysi,
831 2914 930 2984 eujus·
984 2916 1110 2974 modicas
1147 2916 1300 2972 incisiones
1339 2915 1454 2971 incidat.
1491 2915 1538 2987 [ut
1576 2914 1729 2970 incisiones
1764 2912 1832 2968 istus

84 3023 198 3080 cunque
233 3005 409 3063 fortitudinis
446 3005 495 3073 sit,
522 3004 670 3075 inligatur,
696 3008 768 3074 weyt
791 3002 822 3058 in
855 3018 932 3075 aqua
983 3006 1097 3073 subula,
1122 3009 1171 3062 aul
1199 3005 1256 3060 alio
1283 3004 1393 3060 minuto
1419 3002 1611 3059 instrumento
1640 3003 1775 3074 periuret,
1805 3005 1834 3056 et

84 3097 197 3153 fortiter
211 3098 323 3167 coquat,
341 3100 371 3150 et
386 3109 438 3166 per
452 3109 581 3165 pannum
595 3093 681 3158 colel,
696 3092 788 3148 herba
801 3090 929 3162 abjectu:
984 3095 1016 3150 in
1036 3095 1178 3150 lornmina
1208 3094 1262 3149 iata
1289 3091 1461 3165 preadictum
1496 3107 1584 3148 muesz
1609 3091 1721 3163 inligat,
1747 3096 1776 3144 et
1803 3088 1832 3144 iu

85 3184 189 3242 deinde
211 3183 342 3240 arvinam
364 3184 538 3252 vulturis,et
561 3180 721 3238 secundum
746 3179 930 3236 medietatam
985 3199 1091 3255 purum
1127 3183 1226 3238 vinum
1263 3186 1361 3254 ponat.
1406 3182 1460 3238 Sed
1498 3181 1534 3238 ad
1566 3181 1681 3252 pondus
1720 3178 1833 3236 nummi

86 3276 149 3346 ejus
168 3288 270 3345 sepum
286 3272 321 3328 da
334 3286 417 3328 cerro
436 3272 468 3327 in
489 3271 637 3342 prmiatam
661 3286 766 3343 aquam
784 3273 882 3342 ponat,
902 3273 932 3322 ct
985 3271 1106 3342 accipiat
1128 3277 1271 3327 tumorem
1294 3269 1344 3342 qui
1375 3276 1424 3325 aul
1448 3269 1480 3326 in
1501 3269 1581 3341 lolio,
1609 3274 1659 3324 aul
1680 3268 1712 3324 in
1733 3282 1833 3324 ramu-

86 3365 388 3436 simulcoquat,etex
409 3359 455 3416 uia
469 3364 649 3432 unguentum
669 3359 765 3426 iaciat,
780 3362 809 3414 el
825 3356 932 3428 saepius
984 3361 1063 3416 aculo
1090 3358 1172 3415 nucis
1204 3358 1283 3415 reiut
1304 3357 1380 3426 taba,
1409 3362 1460 3412 aul
1486 3359 1564 3414 velut
1602 3357 1664 3430 pisa
1685 3354 1833 3422 intumuit,

86 3450 257 3521 seinungal,
273 3447 448 3520 etparalysis
462 3447 594 3502 cessabit.
985 3455 1015 3505 et
1054 3449 1116 3505 hacc
1154 3448 1185 3502 in
1219 3446 1388 3520 praediclum
1428 3445 1528 3502 vinum
1560 3446 1668 3514 mittat,
1708 3450 1737 3500 et
1772 3450 1831 3500 tam

146 3539 215 3596 Car.
231 3537 317 3594 cclx.
333 3566 369 3578 -
392 3537 432 3592 lle
464 3536 772 3608 ercammarum,
792 3533 861 3607 166).
984 3552 1107 3610 pransus
1127 3551 1214 3608 quam
1242 3535 1369 3606 jejunus,
1398 3549 1458 3589 uon
1488 3539 1611 3590 coctum·
1638 3534 1689 3591 sed
1721 3537 1833 3589 1661666

120 3627 309 3696 Hymebmact
335 3625 426 3682 calida
459 3630 512 3694 est,
544 3628 573 3681 et
607 3641 724 3681 omnem
754 3624 931 3681 viriditatem
984 3625 1050 3681 rino
1067 3625 1234 3696 impositum
1260 3622 1349 3690 bibat,
1367 3623 1489 3694 etjecur
1509 3621 1664 3678 curabitur.
1680 3621 1759 3678 Adit.
1775 3620 1830 3691 66.)

87 3731 167 3771 suam
205 3716 241 3772 ab
281 3714 414 3771 acumine
447 3714 514 3768 solis
551 3713 648 3770 habet.
689 3714 762 3771 Nam
799 3712 929 3785 quadam
1091 3713 1158 3770 Car.
1185 3711 1286 3768 CGllll.
1312 3711 1527 3768 -116616666
1552 3711 1600 3782 (11,
1633 3708 1720 3784 1161.)

86 3804 180 3860 herber
204 3804 351 3875 praecipue
370 3803 407 3858 de
429 3803 499 3870 6616,
537 3802 670 3874 quaedam
696 3808 793 3857 661666
826 3801 861 3857 de
889 3801 931 3856 lu·
1020 3803 1141 3860 6666666
1167 3799 1291 3862 calidum
1318 3797 1413 3854 existit
1439 3798 1609 3862 sisiacum,
1637 3814 1670 3853 ac
1689 3796 1829 3869 quasdam

87 3909 135 3961 nu,
161 3892 293 3964 quedam
317 3907 384 3947 vero
409 3891 446 3948 dc
464 3892 523 3947 sola
544 3896 574 3946 ct
598 3890 634 3946 da
657 3893 726 3946 luna
752 3889 838 3946 616661
859 3904 931 3943 con·
985 3890 1059 3946 vires
1081 3889 1297 3962 pigmentorum
1319 3887 1416 3955 hahet,
1445 3886 1513 3959 qnia
1534 3886 1663 3943 viriditas
1682 3886 1831 3958 6166666-

87 3981 239 4037 lortuntur.
269 3979 324 4036 Sed
346 3977 409 4035 haec
437 3979 583 4052 praecipue
606 3978 642 4034 dc
663 3979 770 4034 virtute
793 3975 863 4032 solis
885 3976 931 4030 ri·
985 3974 1563 4047 6166161111666611666661666666661
1590 3974 1639 4032 din
1663 3975 1782 4046 languet
1803 3979 1834 4030 et

88 4085 133 4125 res
155 4084 222 4123 suas
240 4066 353 4139 accipit.
379 4066 457 4122 Unde
480 4071 511 4122 et
529 4066 731 4124 melancoliam
756 4065 788 4121 in
812 4064 930 4120 homine
985 4067 1031 4123 cui
1045 4082 1111 4122 carc
1134 4064 1240 4131 delicit,
1255 4079 1321 4120 cum
1343 4079 1377 4120 aa
1399 4063 1567 4119 calefactam
1591 4079 1698 4136 aquam
1718 4062 1831 4119 biberat

9 4208 10 4229 ,
88 4156 248 4229 compescit
264 4155 431 4212 llelaocolia
446 4153 535 4222 enim,
559 4172 624 4211 cum
639 4155 670 4211 in
692 4155 808 4210 homins
824 4155 927 4224 surgit,
947 4155 969 4210 11
987 4154 1064 4228 [cum
1076 4171 1109 4210 66
1131 4154 1163 4210 16
1185 4169 1260 4226 aqua
1284 4152 1420 4208 calefacta
1444 4152 1569 4221 balneet,
1586 4151 1654 4227 66),
1682 4156 1712 4207 61
1739 4155 1789 4206 aut
1802 4150 1833 4205 in

9 5036 10 5049 ¹
125 5044 222 5102 Sedet
243 5044 330 5100 homo
355 5044 404 5116 qui
428 5044 510 5100 malis
533 5043 704 5101 humoribus
724 5044 755 5102 iu
780 5043 873 5116 capite
894 5042 936 5098 ils
991 5046 1099 5100 Γ666666
1121 5041 1215 5110 iaciat,
1241 5045 1271 5096 el
1293 5056 1427 5112 expressa
1455 5057 1539 5113 aqua,
1567 5041 1608 5098 ita
1632 5041 1758 5098 calidum
1787 5055 1833 5094 ca·

91 5133 261 5207 opprimitur
291 5133 370 5206 quod
397 5149 483 5201 ecnsn
519 5150 574 5190 suo
610 5133 756 5188 interdum
785 5135 935 5203 vacuatur,
990 5131 1045 5204 pili
1059 5147 1111 5187 suo
1132 5129 1341 5200 circumponat,
1365 5132 1392 5183 ct
1411 5129 1509 5183 eadem
1535 5128 1761 5197 herbainmum,
1783 5126 1833 5200 qui

126 5258 162 5329 (¹)
180 5227 360 5328 ΡοῑνΡῡΜ
371 5220 495 5327 illim
1037 5257 1066 5325 l)
1083 5257 1226 5324 Tuscilopo
1240 5255 1383 5310 Petosites.

127 5332 163 5397 (tl
182 5331 394 5384 Ficcrtcoerno.
1040 5325 1364 5396 6)]1661166611661666.

128 5402 164 5469 (6)
183 5400 309 5456 1161666616
321 5400 480 5471 officinalis.
1028 5397 1067 5469 (6)
1086 5399 1157 5466 Quia
1171 5423 1205 5441 ⁴-
1220 5401 1301 5452 acuat
1314 5395 1374 5451 des.
1392 5395 1419 5448 iu
1435 5393 1481 5447 cd.
1570 5473 1572 5478 ,

90 4263 153 4303 eum
174 4245 284 4301 tristem
308 4249 337 4300 et
362 4244 394 4300 in
420 4244 548 4300 moribus
580 4245 639 4300 suis
665 4245 865 4300 turbulentum
890 4243 933 4298 ia·
986 4245 1147 4315 pulmento,
1178 4247 1228 4298 aut
1263 4257 1329 4297 eum
1366 4239 1510 4309 carnibus,
1536 4245 1585 4296 aut
1612 4256 1678 4296 cum
1712 4239 1833 4296 tortellis

89 4337 136 4403 cit,
153 4340 181 4391 ct
194 4335 280 4391 verba
303 4339 404 4390 contra
427 4334 518 4389 Deum
533 4334 674 4404 prolerre,
689 4333 768 4407 quod
784 4333 861 4388 aerei
874 4332 932 4402 spi·
987 4339 1101 4390 coctum
1122 4347 1197 4405 scapo
1218 4331 1359 4399 comedat,
1381 4336 1410 4386 et
1426 4331 1549 4386 mullum
1566 4330 1593 4386 ei
1608 4329 1746 4403 proderit,
1762 4329 1835 4400 quia,

90 4426 161 4480 ritus
181 4424 321 4487 ridentes,
353 4423 398 4478 illi
426 4429 589 4490 accurrunt,
612 4428 641 4479 et
660 4423 719 4477 suis
750 4421 934 4478 suasionibus
986 4421 1079 4478 166666
1102 4437 1201 4477 succus
1224 4422 1285 4492 ejus
1311 4420 1457 4476 homiuem
1480 4419 1604 4476 interius
1627 4422 1709 4474 sanat
1729 4417 1779 4488 (6).
1797 4417 1831 4472 Et

90 4514 287 4570 inerrantium
308 4513 391 4568 illum
415 4511 561 4568 multoties
585 4515 726 4568 66661666.
753 4509 833 4566 Unde
855 4509 933 4566 idem
988 4509 1098 4581 siquis
1123 4508 1249 4565 lixiviam
1272 4525 1336 4565 curu
1363 4526 1397 4565 ea
1419 4508 1495 4572 lacit,
1519 4513 1550 4564 et
1571 4512 1639 4564 tunc
1660 4510 1746 4579 capul
1765 4521 1831 4562 curn

90 4603 174 4658 homo
190 4604 265 4658 hanc
284 4603 404 4659 herbam
424 4617 511 4672 super
538 4617 666 4670 curnem,
689 4604 718 4656 et
731 4601 769 4657 sd
783 4614 834 4655 cor
848 4614 934 4654 suum
988 4599 1039 4655 illa
1069 4599 1237 4670 irequenler
1272 4599 1356 4667 laval,
1396 4597 1578 4654 infirmitatus
1609 4596 1691 4653 bouis
1727 4593 1834 4650 viribus

90 4694 185 4763 ponat,
202 4695 344 4761 qnatenus
359 4690 395 4746 ab
418 4690 469 4746 illa
490 4689 652 4757 incalescat,
669 4692 698 4748 el
711 4686 789 4744 aerei
803 4684 933 4759 spiritus,
988 4687 1047 4744 suis
1062 4687 1097 4743 ds
1116 4686 1208 4758 capite
1231 4685 1308 4742 illius
1330 4687 1421 4759 lugat,
1441 4693 1470 4743 et
1490 4685 1625 4758 prohibet
1647 4683 1832 4742 6616116666-

90 4778 139 4852 qui
152 4793 220 4834 aum
237 4779 368 4850 fatigant,
384 4780 519 4836 virtulem
539 4779 667 4852 ejusdem
688 4778 787 4834 licrbm
809 4791 935 4849 quama
988 4783 1045 4834 lur.
1069 4776 1124 4832 Sed
1150 4779 1179 4830 et
1203 4775 1250 4830 cui
1276 4775 1344 4832 mali
1368 4777 1502 4832 humores
1525 4779 1611 4848 caput
1633 4774 1712 4828 velut
1736 4772 1834 4840 tumus

91 4869 147 4924 sule
164 4867 277 4938 accipit,
300 4868 500 4939 dedignantes,
524 4867 620 4939 ipsum
642 4868 791 4923 hominem
814 4865 935 4937 fatigare
988 4865 1120 4936 fatigent,
1143 4863 1183 4919 ita
1207 4864 1286 4935 quod
1309 4864 1395 4924 eliam
1419 4879 1502 4920 aures
1513 4864 1574 4936 ejus
1589 4860 1832 4936 quemadmodum

91 4956 246 5013 cessabunt.
989 4971 1078 5012 sonus
1102 4968 1243 5026 aquarum
1267 4951 1406 5020 tinniunt,
1431 4957 1552 5009 Asnrum
1579 4953 1610 5009 in
1639 4951 1731 5009 calida
1756 4967 1833 5023 aqua
