3984 6034
85 222 140 277 753
410 220 513 277 LlBElt
531 219 685 277 usvlrtou.
705 220 810 277 OPER.
830 219 1001 279 Slustlcts
1020 220 1173 278 nulllus.
1183 252 1218 263 —
1233 222 1324 279 Plus
1342 224 1364 291 l,
1386 223 1479 281 visio
1497 225 1532 281 ll.
1779 228 1835 283 754

85 372 152 411 rum
176 355 245 413 binc
262 362 290 413 el
311 356 380 413 binc
405 355 590 429 longitudine
614 355 831 425 extendebatur,
852 360 883 411 ut
903 359 932 411 et
949 356 1067 429 Aquod
1090 343 1120 412 α’
1133 357 1227 429 capite
1248 358 1379 429 leopardi
1407 360 1580 430 procedebat
1603 360 1741 431 rediebat,
1757 376 1833 417 uuus

84 444 121 500 de
136 445 199 501 aliis
214 445 348 517 superius
365 444 473 501 dictum
494 450 546 513 est,
562 444 682 517 ipsaqne
700 444 730 499 in
745 450 837 501 rotem
857 458 932 515 pra·
985 461 1054 501 vero
1066 447 1103 501 ad
1119 446 1250 501 dextrum
1270 462 1362 502 cornu
1375 448 1482 503 cervini
1503 449 1615 521 cepitis,
1644 450 1721 522 quod
1743 447 1831 505 etiam

84 538 286 602 monstratam,
298 538 327 589 et
341 533 378 589 sd
389 532 546 603 imaginem
562 532 689 588 bominis
703 532 734 589 lu
747 548 781 587 ea
795 537 930 601 stantem,
985 534 1021 590 ab
1035 534 1137 590 eodem
1151 535 1244 607 capite
1263 534 1393 607 leopardi
1412 536 1508 591 exibat
1522 553 1551 592 se
1569 538 1714 595 tendebat.
1731 542 1753 595 b
1773 554 1832 593 me·

84 620 243 693 spiramina
257 638 309 677 sua
331 620 492 677 mittebant.
509 621 563 677 Sed
584 621 620 677 ad
632 621 777 677 dexteram
794 620 931 693 imaginis
985 620 1034 677 dio
1048 638 1166 695 quoque
1181 622 1257 694 signi
1269 624 1394 694 planetae
1414 624 1543 693 secundi,
1559 629 1592 679 ut
1602 625 1699 681 radius
1712 626 1832 697 quidam

84 708 177 779 ipsius
199 709 229 764 in
246 708 329 781 signo
353 708 439 765 lucidi
458 709 534 781 ignis
548 709 627 765 velut
645 714 731 779 caput
750 710 843 764 leonis
859 707 931 779 aspi·
984 727 1072 783 super
1085 712 1202 783 signum
1218 711 1286 766 solis
1306 728 1337 767 sa
1353 712 1523 780 declinabat,
1539 718 1626 785 atque
1641 715 1714 769 alius
1726 716 1761 769 ad
1783 731 1829 770 ca-

82 797 207 863 ciebam,
224 813 259 855 ex
273 798 354 869 cujus
365 814 414 853 ore
429 799 509 870 quasi
525 798 609 853 ssatus
625 799 776 870 egrediens
794 798 830 853 ab
849 803 931 853 utra·
983 806 1037 869 put
1050 801 1127 873 agni,
1142 802 1250 872 quoda
1272 799 1355 872 signo
1379 801 1482 872 capitis
1495 801 1588 856 leonis
1608 802 1740 858 veniebat
1754 819 1832 875 egre-

82 902 142 958 qua
163 891 244 958 parte
266 887 324 941 oris
346 886 475 958 ejusdem
494 886 675 959 aliquantum
692 886 927 957 prolongabatur,
982 887 1126 956 diebatur,
1137 893 1167 945 et
1178 889 1251 945 alius
1265 890 1301 946 ad
1317 889 1485 960 praedictam
1501 891 1619 959 lineam,
1635 906 1701 962 quae
1715 908 1733 946 a
1746 892 1829 963 prin·

82 991 116 1030 ac
131 974 170 1029 sic
192 975 279 1031 etium
295 974 327 1029 iu
343 975 442 1029 dextra
462 980 543 1046 parte
566 975 597 1029 in
621 980 708 1047 caput
731 975 882 1046 serpentis,
897 975 928 1029 in
981 975 1058 1047 cipio
1072 977 1220 1033 orientalis
1234 977 1323 1050 partis
1342 978 1470 1049 praelatae
1491 984 1573 1046 rotas,
1594 980 1721 1034 velutad
1740 979 1830 1036 linem

81 1063 198 1118 sinistre
216 1068 315 1119 autem
331 1062 362 1117 in
383 1068 469 1135 caput
486 1061 553 1135 agni
577 1062 764 1119 formabatur.
791 1065 823 1119 Et
843 1068 930 1135 caput
981 1065 1195 1122 occidentatalis
1221 1066 1312 1137 partis
1333 1067 1433 1138 ipsius,
1456 1083 1554 1122 versus
1575 1067 1830 1138 septentrionalem

80 1151 224 1222 serpentis
239 1150 270 1207 ln
291 1151 385 1207 medio
401 1150 562 1207 medietatis
588 1151 683 1222 spatii,
699 1153 777 1223 quod
791 1152 868 1206 inter
884 1168 929 1206 ca·
981 1153 1045 1224 aJus
1059 1154 1175 1225 plagam
1195 1153 1413 1222 extendebatur,
1428 1155 1522 1227 capite
1544 1155 1613 1226 agni
1626 1156 1685 1210 illic
1698 1155 1830 1227 superius

81 1245 136 1312 put
163 1240 256 1296 leonis
279 1245 309 1296 et
332 1240 394 1312 lupi
417 1244 479 1295 erat
499 1256 529 1295 se
551 1240 705 1296 osteudens
727 1241 806 1296 velut
827 1241 928 1295 ilatum
980 1242 1086 1312 posito,
1111 1242 1189 1313 quod
1208 1258 1226 1297 a
1248 1242 1332 1313 siguo
1355 1241 1457 1312 cepitis
1483 1242 1542 1296 ursi
1565 1242 1661 1297 exibm
1687 1241 1828 1314 dirigeba-

79 1328 239 1396 emittebat,
264 1328 315 1400 qui
329 1342 359 1383 se
373 1328 410 1383 ad
432 1328 563 1383 eamdem
586 1328 772 1383 medictatem
792 1328 927 1383 extende-
981 1334 1038 1387 tur.
1054 1331 1177 1401 Signum
1191 1330 1278 1386 etiam
1292 1330 1370 1385 tertii
1386 1330 1650 1401 planetoeamedio
1669 1330 1714 1386 sui
1731 1346 1831 1402 quem·

78 1418 139 1485 bat,
163 1433 196 1473 ec
226 1416 309 1473 llatui
332 1416 383 1489 qui
404 1416 440 1472 de
475 1416 568 1487 capite
597 1414 691 1471 cancri
715 1417 926 1487 egrediebatur,
980 1418 1139 1474 admodum
1153 1419 1267 1474 radium
1282 1419 1419 1474 unumad
1439 1419 1634 1491 siguumsolis
1649 1420 1827 1487 extendebat,
1934 1429 1937 1434 ’

78 1505 158 1578 quud
181 1506 257 1561 iuter
279 1511 365 1577 caput
380 1505 441 1577 lupi
449 1510 478 1560 at
491 1505 583 1560 leonis
598 1509 660 1560 erat
676 1521 706 1561 se
724 1506 925 1577 conjungebat.
981 1507 1071 1563 alium
1087 1513 1185 1563 autem
1199 1508 1234 1563 ad
1251 1513 1338 1579 caput
1355 1508 1508 1579 serpentis,
1525 1508 1635 1580 quoda
1653 1508 1737 1579 signo
1750 1507 1828 1579 capi-

78 1594 174 1666 Gaput
187 1598 283 1651 antem
298 1593 408 1667 agniin
423 1594 518 1649 medio
544 1593 707 1649 medietatis
727 1593 823 1664 spatii,
849 1593 924 1667 quod
979 1595 1018 1651 tis
1032 1595 1124 1651 leonis
1145 1596 1317 1667 procedebat
1343 1595 1504 1668 dirigebut3
1526 1597 1576 1652 sed
1599 1596 1689 1653 alium
1703 1596 1739 1652 ad
1754 1612 1828 1669 pras-

78 1683 157 1739 intcr
186 1688 273 1755 caput
294 1683 387 1740 leonis
413 1688 442 1737 et
470 1682 597 1755 leopardi
624 1682 761 1738 existebat
785 1698 926 1754 apparens
945 1654 1069 1739 Blatam
1091 1685 1197 1740 lineam
1218 1701 1315 1740 versus
1330 1691 1417 1756 caput
1436 1684 1590 1758 serpentis,
1615 1686 1692 1757 quod
1708 1702 1725 1740 a
1744 1685 1828 1756 siguo

78 1772 163 1845 quasi
178 1773 279 1829 llatum
293 1772 479 1844 producebat,
497 1772 547 1844 qui
569 1788 599 1827 se
615 1772 650 1826 ad
673 1772 766 1842 ipsam
787 1771 926 1827 medieta-
980 1772 1080 1844 capitis
1102 1773 1160 1828 ursi
1181 1773 1382 1842 egrediebatur
1396 1774 1595 1845 prolongabat.
1617 1773 1689 1829 Solis
1711 1789 1827 1846 quoque

77 1866 138 1916 tem
163 1862 347 1934 prolongans,
369 1860 451 1916 flatui
475 1860 525 1933 qui
551 1860 587 1915 de
608 1861 702 1932 capite
720 1860 825 1929 cancri,
850 1860 926 1932 quod
980 1861 1095 1933 signum
1117 1862 1200 1934 quasi
1219 1863 1361 1934 quosdam
1379 1862 1477 1918 radios
1497 1862 1532 1917 de
1554 1878 1584 1918 se
1600 1862 1746 1931 emittens,
1769 1861 1827 1917 alio

77 1950 159 2005 inter
176 1955 263 2023 caput
287 1950 415 2022 leupardi
437 1955 467 2005 et
481 1949 571 2005 leonis
586 1954 657 2015 eret,
680 1949 711 2004 in
727 1949 928 2021 conjunctione
979 1950 1095 2022 signum
1108 1950 1210 2021 capitis
1228 1950 1370 2022 leopardi,
1385 1951 1441 2006 alio
1461 1951 1577 2022 signum
1601 1950 1701 2022 capitis
1724 1950 1827 2014 leonis,

77 2039 256 2094 occurrebat.
276 2039 331 2095 Sed
355 2038 513 2094 secundum
529 2036 621 2107 spatia
635 2036 740 2109 quibus
754 2036 848 2108 capite
865 2036 927 2093 hmo
979 2036 1037 2091 alio
1051 2037 1167 2109 signum
1190 2037 1290 2109 eapitis
1304 2037 1376 2109 lupi,
1400 2053 1458 2093 uon
1471 2042 1569 2093 autem
1589 2038 1704 2109 signum
1726 2035 1828 2107 capitis

77 2143 139 2181 ase
155 2134 296 2197 separata,
317 2130 410 2195 erant,
425 2125 573 2197 longitudo
597 2124 719 2181 flatuum
739 2139 841 2180 sorum
857 2141 927 2198 pro·
979 2126 1040 2181 ursi
1060 2124 1213 2196 tangebat;
1229 2125 1320 2180 alium
1345 2129 1441 2180 autem
1465 2124 1578 2181 radium
1597 2140 1685 2197 super
1710 2124 1827 2197 signum

77 2215 208 2282 cedebat,
224 2215 468 2286 quemadmodum
479 2219 508 2269 ct
522 2214 558 2269 de
572 2213 771 2285 superioribus
785 2213 927 2284 capitibus
979 2215 1066 2278 lunas,
1082 2214 1172 2269 elium
1197 2214 1276 2268 velut
1289 2229 1376 2285 super
1397 2214 1557 2282 cerebrum,
1580 2218 1610 2269 et
1627 2228 1720 2285 usque
1739 2227 1827 2283 super

76 2302 252 2374 flatibusque
279 2318 382 2359 eorum
396 2306 650 2374 praemonstratum
672 2306 725 2368 cst,
749 2305 778 2356 et
799 2302 831 2356 in
851 2318 925 2372 prae-
979 2306 1138 2373 utrumque
1151 2302 1318 2357 calcaneum
1336 2301 1463 2373 praelatas
1487 2302 1624 2374 imaginis
1644 2300 1826 2357 extendendo

76 2392 169 2446 iatam
185 2396 290 2458 rcum,
304 2396 333 2446 et
346 2389 383 2446 ad
397 2389 563 2462 praedictam
585 2390 742 2445 humanam
757 2388 925 2461 imaginem,
978 2390 1094 2462 ligabat.
1112 2391 1145 2445 lit
1159 2407 1176 2444 a
1190 2390 1286 2445 medio
1301 2390 1378 2460 sigui
1401 2391 1523 2462 planetae
1540 2391 1635 2462 quinti
1657 2391 1709 2463 qui
1732 2388 1827 2462 proxi-

77 2480 141 2551 ipsa
158 2481 226 2535 llare
241 2496 270 2535 se
285 2479 483 2536 ostendebant.
496 2480 538 2535 lld
550 2478 694 2533 sinistram
713 2493 781 2533 vero
797 2478 925 2549 ejusdem
979 2494 1043 2534 mus
1065 2478 1118 2533 sub
1137 2477 1197 2533 sole
1224 2482 1276 2546 est,
1297 2479 1380 2551 quasi
1401 2478 1499 2534 radius
1513 2478 1633 2551 quidam
1659 2494 1775 2534 sursum
1789 2478 1824 2532 ad

77 2568 215 2640 imaginis
236 2569 268 2624 in
291 2568 373 2641 signo
398 2568 472 2639 nigri
492 2566 577 2638 ignis,
595 2566 676 2639 quasi
698 2570 785 2638 caput
801 2568 861 2622 ursi
874 2583 926 2639 ap·
978 2566 1094 2637 siguum
1109 2566 1179 2621 solis
1199 2566 1381 2634 ascendebat,
1395 2566 1514 2638 quidam
1528 2583 1596 2623 vero
1610 2567 1647 2622 ad
1658 2571 1745 2637 caput
1757 2582 1826 2621 cau-

77 2658 210 2727 parebat,
226 2658 305 2729 quod
324 2658 402 2713 velut
419 2658 520 2713 llatum
540 2672 575 2711 ex
596 2671 645 2710 ore
667 2671 719 2711 suo
748 2655 844 2719 dabat,
874 2656 925 2727 qui
977 2653 1111 2724 oriquod
1129 2670 1146 2708 a
1167 2654 1250 2725 siguo
1264 2654 1365 2725 capitis
1384 2654 1446 2726 lupi
1467 2654 1564 2710 exibat
1584 2670 1614 2709 se
1634 2653 1826 2720 extendebat;

77 2746 166 2801 etiam
183 2744 220 2800 ad
234 2746 364 2801 dextram
388 2750 417 2800 et
447 2746 482 2800 sd
503 2745 649 2799 sinistram
678 2742 735 2798 oris
756 2743 848 2814 ipsius
872 2742 924 2797 ali·
977 2744 1028 2799 sed
1042 2743 1159 2815 quidam
1182 2743 1219 2798 ad
1240 2742 1390 2798 sinistrum
1411 2758 1502 2798 cornu
1524 2742 1691 2814 signilune
1711 2758 1742 2797 se
1756 2741 1825 2797 diri·

77 2839 221 2906 quantum
242 2850 271 2889 se
293 2835 324 2889 in
349 2834 470 2906 longum
493 2834 660 2900 extendens,
684 2833 721 2889 ad
743 2832 872 2888 dextram
894 2832 924 2886 in
977 2830 1073 2903 gebat.
1090 2832 1129 2886 De
1149 2830 1245 2886 medio
1260 2831 1346 2886 etiam
1362 2831 1437 2901 signi
1451 2832 1576 2903 planetes
1590 2831 1672 2898 sexti,
1688 2829 1740 2902 qui
1753 2846 1823 2902 pro·

76 2925 164 2993 caput
185 2921 252 2993 ugni
271 2920 429 2988 desinebat,
445 2920 480 2976 ud
495 2920 641 2975 sinistram
655 2935 723 2974 uero
737 2918 860 2975 formam
874 2934 923 2973 ca-
942 2951 963 3006 G
977 2919 1073 2974 ximus
1087 2934 1173 2990 super
1187 2918 1287 2972 lunam
1297 2923 1350 2987 est,
1364 2920 1441 2975 velut
1455 2920 1553 2974 radius
1567 2934 1643 2975 unus
1657 2934 1773 2974 sursum
1788 2916 1824 2971 ad

77 3010 144 3081 pitis
160 3010 301 3082 serpentis
324 3008 490 3080 accipiebat.
512 3010 549 3063 Ex
569 3024 618 3064 ore
631 3008 841 3078 autemcapitis
856 3007 923 3078 agni
978 3006 1095 3079 siguum
1116 3007 1183 3061 solis
1206 3007 1352 3073 tendebat,
1377 3013 1405 3062 et
1430 3006 1503 3061 alius
1524 3007 1560 3063 ad
1583 3007 1715 3062 dextrum
1735 3021 1824 3063 cornu

74 3100 163 3171 hujus
189 3097 432 3170 quemadmodum
456 3097 529 3153 alius
551 3098 635 3152 ssatus
650 3112 741 3169 usque
761 3096 796 3151 ad
815 3096 923 3151 medis·
978 3095 1054 3167 signi
1067 3097 1144 3151 lunae
1158 3095 1347 3166 dirigebatur,
1372 3095 1446 3150 alius
1459 3099 1557 3149 autem
1571 3096 1608 3151 ad
1629 3099 1716 3166 capnt
1736 3094 1825 3161 cerui,

73 3192 166 3243 tatem
181 3186 277 3258 spatii,
303 3186 382 3257 quod
403 3186 481 3241 inter
495 3184 588 3256 capita
603 3184 662 3240 ursi
677 3192 706 3240 et
720 3185 849 3257 leopardi
864 3184 924 3239 cxi·
978 3183 1055 3255 quod
1074 3184 1190 3253 asigno
1205 3182 1307 3254 capitis
1326 3182 1389 3253 lupi
1411 3182 1586 3253 procedebat
1602 3181 1822 3239 extendebatur.

74 3276 169 3333 stabat
183 3292 213 3331 se
230 3275 437 3347 prolongabat,
460 3275 509 3329 sed
531 3290 566 3330 ex
588 3290 638 3329 ore
657 3273 759 3345 capitis
782 3273 923 3345 serpentis
977 3271 1100 3343 Asigno
1116 3287 1232 3344 quoque
1246 3272 1324 3327 lunae
1343 3271 1424 3342 quasi
1444 3271 1543 3327 radius
1565 3287 1652 3343 super
1667 3276 1824 3341 utrumque
1853 3258 1857 3265 “

75 3364 159 3421 istius
174 3363 249 3419 sieut
270 3364 345 3418 alius
359 3362 445 3419 ssatus
465 3378 555 3435 usque
575 3362 610 3417 ad
634 3362 816 3417 medietatem
838 3360 924 3433 spatii
978 3360 1175 3432 supercilium,
1205 3374 1237 3414 ac
1268 3375 1356 3431 super
1392 3364 1547 3431 utrumque
1576 3361 1668 3416 talum
1694 3359 1824 3432 praefata

75 3452 152 3523 quod
174 3452 251 3507 iuter
274 3451 367 3523 capita
386 3452 445 3507 ursi
470 3455 499 3507 et
524 3452 584 3522 lupi
608 3456 678 3517 erat,
700 3466 730 3505 se
744 3450 923 3505 extendendo
978 3448 1113 3521 imaginis
1134 3448 1273 3503 radiabat.
1305 3447 1359 3504 Sed
1385 3452 1414 3503 et
1436 3449 1581 3519 quomodo
1605 3448 1824 3521 supradictum

74 3540 256 3611 procedebat.
273 3540 327 3597 Sed
349 3540 508 3597 similitudo
527 3540 613 3596 ssatus
628 3540 710 3596 istius
724 3539 804 3612 quia
825 3538 924 3595 dextra
978 3543 1031 3607 est,
1051 3538 1168 3608 signum
1183 3536 1253 3591 solis
1275 3536 1378 3591 eodem
1393 3536 1480 3592 etiam
1496 3538 1624 3593 modoet
1643 3537 1744 3593 ordine
1765 3552 1824 3608 quo

74 3634 156 3701 parte
180 3629 238 3684 oris
266 3630 326 3685 ursi
352 3646 445 3702 usque
466 3630 501 3686 ad
522 3635 608 3702 caput
632 3630 700 3701 agni
723 3628 864 3697 veniebat,
888 3627 924 3683 si·
978 3642 1065 3697 snpra
1079 3624 1214 3679 aerucam
1229 3623 1363 3696 imaginis
1386 3623 1472 3694 bajus
1484 3624 1571 3679 radiis
1585 3624 1645 3680 suis
1656 3624 1693 3679 ad
1704 3624 1825 3695 praelata

75 3717 209 3774 mititudo
223 3732 339 3790 quoque
350 3718 485 3789 ,ejusdem
504 3718 599 3786 ssatus,
617 3719 698 3790 quia
714 3716 828 3772 sinistra
841 3720 923 3788 parte
977 3715 1040 3770 loca
1057 3712 1238 3784 designatum
1253 3716 1323 3781 erat,
1340 3727 1441 3767 remus
1458 3728 1574 3784 quoque
1596 3713 1730 3768 dextrum
1749 3712 1824 3766 latus

74 3807 166 3877 ipsius
192 3808 251 3861 oris
277 3822 368 3878 usque
396 3806 432 3861 ad
458 3811 544 3877 caput
566 3805 707 3877 serpentis
736 3803 920 3875 procedebat.
978 3802 1051 3874 eius,
1067 3817 1179 3857 necnon
1192 3804 1222 3856 et
1242 3802 1295 3857 sub
1314 3800 1436 3872 pedibus
1449 3800 1540 3873 ipsius
1554 3801 1585 3856 in
1600 3801 1707 3856 circulo
1720 3815 1772 3855 suo
1787 3800 1824 3854 ad

9 3896 10 3907 ¹
76 3896 171 3951 Fletus
186 3895 273 3951 etiam
288 3894 338 3967 qui
358 3910 392 3950 ex
415 3910 464 3951 ore
487 3893 588 3966 capitis
609 3894 677 3965 agni
700 3908 791 3964 usque
817 3893 853 3948 ad
875 3892 923 3947 de·
978 3895 1078 3949 sedem
1106 3894 1168 3948 loca
1190 3892 1336 3963 signatum
1360 3891 1525 3963 apparebat.
1550 3891 1582 3944 lu
1606 3888 1727 3945 circuitu
1749 3904 1822 3960 quo·

76 3988 265 4040 monstratam
298 3983 482 4039 medietatem
507 3982 602 4055 spatii,
630 3983 709 4055 quod
731 3982 807 4037 iuter
829 3980 924 4053 capita
978 3998 1035 4055 que
1044 3981 1153 4050 circuli,
1170 3980 1202 4037 in
1215 3996 1273 4053 quo
1288 3979 1447 4035 similitudo
1460 3978 1548 4035 lucidi
1569 3978 1646 4051 ignis
1659 3977 1822 4044 videbatur,

76 4074 134 4129 ursi
149 4078 179 4129 et
203 4073 333 4144 leopardi
350 4072 500 4128 videbatur
518 4071 624 4143 exibat,
649 4072 791 4144 llatusque
813 4071 864 4143 qui
889 4086 924 4125 ex
978 4071 1102 4127 sedecim
1116 4070 1204 4125 etiam
1227 4068 1401 4140 principales
1423 4068 1515 4123 stella
1535 4066 1722 4139 apparebant,
1747 4081 1823 4137 qua·

76 4178 124 4217 ore
153 4160 255 4234 capitis
286 4160 427 4234 serpentis
455 4162 603 4233 usquead
626 4161 809 4217 medietatem
837 4158 923 4231 spatii
977 4164 1043 4215 tuor
1055 4159 1190 4215 videlicet
1198 4158 1276 4213 inter
1288 4164 1377 4228 caput
1394 4157 1523 4228 leopardi
1537 4164 1567 4212 et
1584 4156 1686 4225 leonis,
1699 4160 1824 4228 quatuor

76 4250 151 4306 inter
183 4250 278 4323 capita
308 4250 369 4306 ursi
393 4256 421 4305 at
450 4251 512 4323 lupi
532 4250 668 4305 exstantis
693 4248 923 4321 prolongabatur
941 4246 964 4301 u
979 4264 1094 4320 quoque
1106 4247 1182 4304 inter
1195 4252 1281 4319 ceput
1293 4244 1386 4300 leonis
1404 4251 1432 4301 et
1446 4245 1519 4318 lupi,
1536 4249 1660 4317 quatuor
1682 4245 1759 4300 inter
1772 4258 1822 4299 ca·

76 4340 162 4395 unius
177 4344 206 4394 et
227 4340 346 4412 aequalis
368 4338 561 4411 longitudinis
580 4344 671 4393 erant.
689 4338 789 4409 Capita
807 4352 923 4409 quoque
976 4342 1030 4409 put
1050 4336 1113 4408 lupi
1127 4341 1155 4391 et
1169 4336 1239 4405 ursi,
1263 4338 1387 4408 quatuor
1409 4334 1496 4389 etiarn
1520 4335 1597 4389 inter
1619 4340 1706 4407 capnt
1718 4333 1779 4389 ursi
1794 4336 1824 4387 ct

77 4427 137 4483 bac
159 4428 259 4484 omnia
280 4427 311 4484 iu
335 4427 528 4500 supradictam
547 4432 648 4495 rotam,
669 4432 755 4498 atque
770 4426 804 4481 ad
820 4424 922 4497 presla-
978 4425 1118 4497 leopardi.
1147 4425 1275 4489 Quarum
1301 4429 1364 4480 octo
1387 4438 1454 4495 quas
1476 4423 1579 4479 mediae
1596 4423 1653 4478 sibi
1676 4422 1823 4494 utrimque

78 4522 135 4572 tam
146 4516 307 4589 imaginem
331 4516 461 4573 bominis
474 4516 560 4571 ssatus
580 4515 695 4571 dabant.
715 4514 770 4570 Sed
792 4520 823 4570 et
837 4530 926 4585 super
979 4513 1135 4569 astantium
1158 4513 1305 4569 stellarum
1328 4511 1508 4582 intercapita
1525 4511 1587 4566 bac
1607 4516 1701 4581 erant,
1716 4509 1826 4566 scilicet

78 4612 160 4677 capul
176 4606 313 4677 imaginis
333 4605 420 4678 hujus
433 4611 542 4677 septem
559 4606 682 4677 planetu
702 4618 815 4659 siarcum
831 4602 867 4658 ab
881 4603 924 4658 iu·
978 4602 1044 4658 dum
1066 4600 1142 4656 inter
1162 4599 1219 4657 duo
1239 4602 1334 4672 capita
1358 4599 1442 4671 quasi
1464 4599 1560 4656 radios
1580 4598 1691 4655 suosin
1705 4598 1822 4670 signum

78 4694 167 4751 vicem
194 4696 300 4767 signati
327 4700 418 4764 erant,
446 4700 505 4750 tres
527 4694 556 4749 in
589 4692 696 4749 circulo
723 4692 813 4749 lucidi
836 4692 924 4763 ignis,
977 4689 1074 4746 tenuis
1087 4689 1163 4745 aeris
1185 4687 1240 4744 sibi
1258 4688 1382 4759 oppositi
1407 4688 1618 4755 extendebant3
1634 4686 1752 4759 reliques
1773 4701 1823 4741 an-

81 4799 152 4839 uuus
167 4784 255 4840 stiam
273 4784 304 4840 iu
326 4784 453 4856 subjecto
477 4784 521 4839 illi
548 4782 653 4839 circulo
675 4782 752 4854 nigri
765 4781 851 4853 ignis,
866 4785 925 4835 tres
978 4783 1037 4833 mm
1052 4780 1127 4843 octo,
1150 4792 1214 4847 quse
1236 4792 1272 4830 ax
1292 4779 1416 4849 utraque
1440 4781 1523 4846 parte
1534 4778 1640 4833 harum
1661 4776 1823 4831 mediarum

80 4874 175 4927 autem
191 4872 221 4927 in
244 4871 373 4944 subjecto
394 4869 438 4927 illi
457 4870 563 4926 circulo
585 4869 653 4941 puri
675 4868 801 4936 estheris,
828 4866 869 4923 ita
893 4870 926 4922 ut
978 4865 1105 4939 praelatis
1150 4863 1291 4937 capitibus
1338 4866 1478 4936 proximae
1523 4865 1705 4932 ridebantur,
1744 4864 1824 4919 velut

81 4959 166 5015 stiam
187 4976 286 5015 versus
305 4964 436 5017 austrum
450 4958 486 5015 cd
499 4959 575 5014 latus
590 4958 663 5028 ejus,
679 4972 732 5012 nea
744 4970 809 5012 ‘non
828 4958 857 5011 et
871 4954 925 5010 sub
979 4955 1075 5011 radios
1091 4970 1158 5010 suos
1184 4956 1297 5009 tantum
1325 4952 1362 5008 ad
1386 4953 1502 5024 nigrum
1528 4956 1627 5027 ignem
1652 4952 1823 5025 dirigebant.

82 5048 200 5117 pedibus
216 5048 317 5122 ipsius,
336 5050 380 5104 sol
398 5048 500 5104 eodem
525 5046 612 5103 modo
628 5062 660 5103 ac
675 5045 775 5101 ordine
796 5044 926 5116 signatus
979 5045 1108 5101 circulus
1128 5058 1244 5116 quoque
1261 5040 1329 5113 puri
1343 5042 1467 5111 estheris,
1491 5042 1614 5099 circulus
1634 5056 1750 5115 quoque
1770 5040 1825 5094 lor·

83 5142 111 5191 et
128 5138 277 5194 distinctus
301 5139 332 5193 in
354 5137 461 5193 circulo
486 5152 537 5192 suo
552 5139 681 5207 apparot.
699 5135 732 5189 ltt
744 5149 762 5188 a
775 5132 871 5189 medio
889 5133 926 5189 si·
978 5133 1016 5191 tis
1030 5140 1061 5190 et
1073 5133 1132 5190 albi
1145 5133 1220 5189 aeris
1241 5130 1395 5204 lucidique,
1421 5131 1503 5202 quasi
1518 5131 1608 5188 stellis
1628 5130 1709 5203 pleni
1730 5134 1831 5197 eraut,¹

83 5226 131 5295 gui
143 5227 251 5283 summi
271 5226 416 5300 primique
438 5226 572 5298 planeta,
588 5224 640 5297 qui
655 5238 741 5296 super
756 5225 842 5295 caput
856 5222 927 5295 ejus-
980 5238 1046 5296 quae
1065 5222 1193 5294 lulgorcs
1215 5237 1283 5277 suos
1306 5220 1342 5276 ad
1369 5219 1425 5275 sibi
1446 5220 1594 5292 oppositas
1609 5221 1703 5277 nubes
1722 5218 1826 5275 mitte·

85 5313 148 5370 dam
180 5315 315 5388 imaginis
343 5314 473 5387 signatus
506 5318 577 5383 eret,
605 5312 685 5369 velut
713 5310 787 5367 radii
809 5309 927 5381 quidam
979 5312 1059 5368 bant.
1073 5312 1153 5368 llnde
1166 5316 1196 5367 et
1211 5312 1261 5367 ille
1275 5310 1307 5367 in
1321 5310 1420 5366 dextra
1434 5313 1517 5380 parte
1530 5308 1659 5380 prelata
1676 5308 1823 5381 imaginis,

85 5402 205 5472 exibant,
228 5419 353 5477 quorum
367 5420 442 5459 uuus
456 5404 492 5459 ad
511 5403 626 5476 siguum
643 5403 711 5457 solis
726 5400 925 5469 descendebat,
980 5400 1224 5473 quemadmodum
1245 5400 1317 5458 duas
1335 5398 1450 5469 linguas
1474 5396 1656 5454 abinvicem
1681 5403 1827 5470 separatas

86 5495 113 5545 et
125 5508 199 5548 nnus
213 5494 249 5550 ad
273 5494 406 5550 doxtrum
425 5494 532 5565 pedem
546 5492 647 5564 capitis
668 5490 797 5563 predicti
821 5489 926 5557 macri,
980 5489 1016 5545 de
1029 5504 1061 5543 se
1084 5488 1274 5560 proterentes,
1286 5488 1323 5544 ab
1337 5486 1378 5544 eis
1392 5490 1425 5542 ut
1444 5485 1584 5560 quosdam
1609 5486 1717 5543 rivulos
1731 5486 1763 5542 in
1776 5501 1829 5541 su·
