3984 6034
80 223 131 278 stt
729 219 920 279 EPISTOLAE.
933 219 1086 276 -eetsr
1106 218 1211 274 xtvlr.
1787 217 1842 274 tlt

77 353 142 408 lum
158 352 256 420 duxit,
273 359 302 410 et
317 369 396 410 mere
409 351 540 408 Rubrum
554 349 651 407 divisit
664 349 771 422 (Eroti.
799 351 867 423 xxv),
883 365 935 423 per
952 349 1044 412 Adus
1058 363 1193 404 enarrare
1213 365 1272 404 non
1295 353 1402 420 posset.
1420 350 1569 404 botrorum
1585 352 1682 404 autem
1697 347 1838 420 optimum

77 443 164 513 cujus
189 441 433 516 significationem
457 440 589 497 diabolus
602 455 670 495 cum
685 438 820 494 omuibus
835 454 935 511 sequa·
988 437 1089 494 einum
1108 454 1189 494 suam
1209 437 1405 494 dulcissimam
1420 437 1579 493 doctrinam
1607 437 1759 510 significat,
1781 453 1839 510 qua

77 528 162 584 cibus
185 531 246 586 suis
264 530 430 586 submersos
457 533 509 585 est.
526 529 610 599 Virga
627 543 693 583 sero
716 542 773 598 qua
788 543 877 599 aquus
891 526 934 581 di·
987 527 1122 584 homines
1155 528 1185 582 iu
1214 526 1358 598 parabolis
1382 525 1514 592 docebat,
1529 526 1596 597 qnia
1611 525 1707 581 divina
1737 531 1840 598 myste-

77 617 153 672 sisas
192 617 339 674 confluere
366 617 444 682 lecit,
480 617 602 691 legalem
631 615 849 681 correctionem,
876 630 935 687 qua
987 616 1041 683 ria,
1066 615 1166 687 generi
1188 631 1240 689 per
1266 615 1419 671 consilium
1434 615 1575 686 serpentis
1602 614 1779 682 obnubilato,
1795 613 1836 668 ri-

80 707 201 778 pleuum
218 723 375 763 numerum
390 707 517 779 primum
539 704 695 772 constituit,
710 703 858 776 supplebit
882 719 934 774 per
988 704 1083 760 denda
1098 720 1156 760 uon
1172 708 1250 773 sunt,
1279 703 1335 759 nisi
1357 710 1388 758 ιιι
1411 702 1499 759 facies
1515 702 1639 758 hominis
1663 703 1693 757 in
1708 702 1836 774 speculo,
1938 763 1941 770 ,

82 793 187 849 Filium
206 810 303 850 suum.
329 795 454 850 Ecclesia
478 808 604 865 namque
629 807 682 864 per
708 791 872 847 incendium
891 790 933 846 vi·
986 791 1019 847 in
1047 808 1105 865 quo
1125 799 1221 848 ιιιιιιιι
1245 809 1303 848 nou
1318 796 1370 860 est,
1396 793 1568 864 resplendet.
1594 791 1742 857 Quomodo
1758 791 1837 850 euim

81 882 192 938 tiorum
219 884 326 938 multas
358 882 573 954 persecutiones
597 882 715 952 petitur,
745 880 820 935 sicut
845 880 934 935 etiem
985 887 1083 952 posset
1098 881 1188 936 ritae
1211 881 1326 937 mortali
1341 880 1458 936 bomine
1474 881 1587 936 videri?
1608 884 1671 952 lpse
1695 881 1772 936 euim
1787 881 1835 936 ob·

81 971 168 1026 lsrael
186 971 217 1026 in
234 987 332 1026 eremo
347 971 454 1026 multas
472 967 712 1042 perturbationes,
728 975 829 1024 contre
842 965 932 1023 Deum
985 984 1069 1024 scura
1095 970 1182 1024 verbe
1206 969 1371 1024 bominibus
1394 970 1506 1025 locutus
1523 977 1575 1038 est,
1596 969 1701 1025 scilicet
1715 969 1838 1040 parabo·

80 1075 282 1130 murmurans,
298 1059 428 1132 pertulit.
444 1058 545 1131 llopsi,
561 1056 609 1129 qui
626 1058 733 1112 rubum
749 1073 807 1112 non
828 1055 931 1112 arden·
985 1058 1037 1126 las,
1054 1057 1166 1129 qnieiu
1194 1057 1317 1129 peccatis
1336 1057 1466 1130 concepti
1496 1059 1582 1114 verba
1606 1058 1673 1113 vitae
1696 1057 1778 1114 aliter
1792 1074 1836 1114 ce·

79 1153 137 1203 tem
165 1149 269 1203 ardere
291 1147 361 1203 vidit
376 1146 482 1219 (Eroti.
511 1147 564 1214 ιιι),
587 1144 775 1202 israeliticum
790 1146 931 1217 populum
985 1161 1054 1217 pere
1076 1162 1136 1201 nou
1158 1153 1285 1219 possent.
1311 1146 1398 1204 lilius
1419 1145 1497 1202 euim
1520 1146 1580 1216 liei,
1598 1145 1759 1218 quidiviua
1775 1145 1835 1201 sits

78 1237 253 1292 saltandum
284 1235 433 1304 nuntiasti,
464 1235 516 1308 qni
541 1234 616 1307 iguis
641 1232 766 1306 signavit
787 1232 931 1305 Virginem
984 1240 1038 1303 est,
1065 1235 1097 1290 in
1112 1235 1252 1291 muudum
1269 1235 1357 1302 veuit,
1375 1236 1423 1308 qui
1442 1235 1660 1292 tabernaculum
1675 1239 1719 1290 est
1736 1233 1834 1290 homi-

77 1341 130 1396 per
157 1325 301 1396 Spiritum
331 1329 461 1379 sanctum
488 1323 597 1395 absque
623 1322 703 1377 omui
729 1320 931 1377 commistione
985 1322 1040 1390 nis,
1061 1323 1166 1380 noxiali
1185 1340 1274 1396 pomo
1298 1323 1420 1396 decepti,
1442 1329 1583 1396 quatenus
1606 1341 1672 1379 eum
1695 1323 1833 1380 advitam

76 1414 128 1468 siri
160 1413 268 1469 Filium
294 1419 377 1468 tuum
405 1411 578 1484 genituram,
605 1426 659 1483 per
679 1426 765 1483 quem
788 1411 929 1482 populum
984 1418 1131 1469 revocaret
1160 1413 1252 1469 verbis
1281 1413 1416 1468 doctrines
1449 1431 1518 1482 sum,
1545 1430 1633 1485 quem
1654 1415 1685 1467 in
1705 1412 1833 1468 humana

76 1502 267 1558 lsraeliticum
290 1502 322 1556 in
350 1500 434 1573 aquis
457 1498 652 1568 sanctificasti,
676 1515 764 1571 quem
787 1498 817 1554 iu
839 1499 930 1554 Abra·
984 1499 1088 1572 specis,
1110 1517 1173 1573 quse
1205 1501 1342 1557 deitatem
1367 1518 1449 1556 suam
1478 1507 1595 1570 texeret,
1617 1501 1740 1557 ridebat.
1759 1501 1832 1556 Fons

75 1591 143 1646 bam
161 1589 311 1662 pleutssti.
327 1591 370 1644 Τιι
384 1588 472 1644 etiam
486 1588 574 1660 lloysi
597 1587 819 1658 diligentissimo
836 1586 928 1642 amico
983 1588 1074 1654 rivus,
1090 1589 1172 1661 cnjus
1187 1589 1367 1646 divinitatem
1394 1591 1491 1646 nulius
1516 1591 1622 1647 intueri
1636 1595 1740 1662 potest,
1756 1589 1832 1644 Deus

74 1685 125 1735 tuo
139 1680 262 1735 dorsum
276 1684 360 1735 tuum
374 1676 533 1734 ostendisti:
549 1676 652 1732 faciem
667 1681 748 1731 tuem
762 1675 859 1732 ridere
877 1675 926 1731 de·
982 1675 1167 1749 omnipotens
1193 1681 1245 1741 est,
1263 1678 1314 1750 qui
1337 1678 1368 1733 in
1382 1679 1563 1750 praescientia
1585 1696 1636 1735 sue
1647 1678 1832 1752 predestina-

76 1767 214 1823 siderauti
237 1767 340 1838 (Eucti.
367 1765 456 1838 mr),
478 1781 532 1836 per
555 1763 633 1836 quod
657 1763 829 1832 ostenditur,
855 1763 926 1818 ιιι·
981 1769 1061 1821 reret
1084 1765 1293 1822 incarnandum
1317 1767 1420 1824 Filium
1433 1783 1518 1823 suum
1540 1785 1573 1824 ex
1588 1767 1715 1832 homine,
1743 1781 1830 1835 quem

76 1861 158 1912 sente
174 1855 296 1913 bomine
318 1853 511 1910 eternitatem
523 1859 603 1910 tunm
617 1851 649 1908 iu
662 1853 716 1908 hec
734 1858 811 1908 terre
839 1852 927 1908 rideri
981 1853 1017 1909 ad
1045 1853 1204 1922 imaginem
1242 1860 1271 1911 et
1307 1856 1528 1914 similitudinem
1568 1873 1650 1913 suem
1674 1861 1830 1922 creaverat,

76 1961 132 2001 nou
155 1960 253 2017 posse,
277 1943 334 2000 uisi
356 1948 498 2016 quantum
520 1942 624 1999 iulide
649 1941 839 2014 cognoscitur.
864 1943 926 2014 lpse
980 1947 1123 2016 quatenus
1146 1959 1198 2016 per
1225 1943 1314 2016 ipsius
1337 1951 1465 2002 sanctam
1492 1939 1727 2010 humanitatem,
1743 1945 1830 2000 bomo

77 2034 152 2088 enirn
177 2036 289 2089 secrete
314 2032 454 2088 miracula
475 2036 525 2087 tua
545 2029 671 2102 emplius
694 2030 822 2086 humano
840 2045 926 2086 seusu
979 2031 1122 2103 perditus,
1147 2032 1328 2102 libereretur,
1351 2034 1387 2089 ab
1409 2040 1516 2091 eterna
1547 2041 1650 2102 morte,
1677 2034 1728 2108 qui
1750 2034 1831 2090 uuilo

77 2122 213 2193 suscepit,
239 2137 328 2193 qnam
357 2120 455 2176 ceteri
482 2120 625 2187 homines,
639 2120 715 2175 unde
729 2119 816 2175 ιιιιιιιι
830 2124 925 2175 exter-
979 2120 1067 2176 modo
1095 2120 1178 2176 aliter
1210 2121 1327 2178 libereri
1360 2124 1466 2195 potuit.
1498 2123 1585 2180 Filius
1612 2140 1738 2196 nemque
1767 2121 1828 2188 llei,

75 2212 146 2267 ritus
159 2217 192 2266 et
204 2225 341 2267 excussus
354 2214 406 2278 est,
427 2215 458 2264 et
475 2207 608 2264 homines
626 2209 697 2264 latet
717 2207 788 2280 quid
811 2207 847 2264 de
861 2224 925 2263 cor·
980 2209 1137 2264 unicaritu
1152 2209 1260 2282 absque
1290 2210 1433 2283 principio
1448 2212 1548 2269 etline
1563 2212 1696 2280 existens,
1724 2217 1830 2266 morta-

76 2316 143 2370 pore
156 2298 253 2370 ipsius
275 2298 387 2354 leceris.
412 2299 549 2354 0seucta
569 2295 719 2361 Divinitas,
741 2297 805 2352 leus
819 2296 871 2352 tibi
895 2296 926 2353 iu
980 2297 1037 2352 lero
1064 2297 1213 2354 homiuem
1234 2299 1371 2355 advitam
1397 2301 1553 2370 suscitarit,
1569 2287 1693 2357 s'morte
1720 2306 1830 2357 esterna

75 2388 208 2444 οιιιιίιιιιι
227 2387 374 2459 operibus,
388 2402 452 2459 qum
467 2385 499 2442 in
525 2385 571 2440 bis
594 2385 687 2442 tribus
701 2384 841 2441 columnis
855 2401 925 2457 ops·
978 2385 1167 2455 resuscitarit,
1199 2402 1285 2459 quem
1323 2389 1353 2442 in
1381 2389 1493 2445 duabus
1525 2391 1636 2446 naturis
1664 2389 1770 2445 cressit
1793 2389 1828 2444 de

74 2484 153 2532 ratus
181 2493 223 2544 es,
247 2483 276 2532 et
291 2478 327 2532 de
341 2474 476 2531 omuibus
490 2473 638 2531 miraculis
662 2491 726 2546 quae
750 2473 786 2528 ad
800 2473 924 2529 norissi-
979 2473 1101 2528 materia
1117 2479 1214 2541 terre,
1236 2475 1312 2532 unde
1342 2483 1457 2548 peccata
1484 2479 1586 2548 sentit;
1618 2485 1647 2536 et
1671 2496 1703 2534 ex
1718 2479 1827 2548 enims,

74 2581 153 2620 mum
171 2563 321 2620 hominem
344 2564 519 2636 operaberis,
540 2563 608 2635 quia
629 2578 681 2635 per
705 2562 844 2636 Spiritum
859 2577 924 2618 suu·
978 2576 1031 2632 per
1045 2577 1132 2634 quam
1148 2563 1238 2618 llenm
1254 2565 1484 2636 omnipotentem
1510 2573 1539 2624 et
1553 2569 1726 2624 invisibilem
1741 2568 1826 2623 iutel-

73 2661 151 2709 ctnm
180 2654 213 2708 iu
237 2653 283 2708 his
312 2653 405 2708 tribm
434 2651 504 2707 viris
530 2666 631 2708 omnes
654 2652 750 2707 ceteri
775 2651 923 2724 prophetes
978 2649 1052 2722 ligit,
1069 2651 1120 2722 qui
1143 2651 1298 2708 altissimus
1324 2669 1406 2710 mous
1420 2661 1472 2724 est,
1496 2657 1533 2712 ed
1555 2673 1641 2729 quem
1657 2657 1736 2712 nulle
1750 2671 1828 2712 cren·

71 2743 195 2814 ριιιιιιιί
219 2747 296 2810 sunt,
316 2749 347 2798 et
367 2755 434 2797 cum
467 2741 538 2812 ipsis
564 2741 671 2796 solent.
698 2742 780 2796 Nunc
805 2741 925 2796 observa
978 2744 1044 2796 turs
1058 2740 1209 2796 escendere
1232 2743 1320 2797 valet:
1339 2744 1413 2799 uude
1438 2744 1557 2800 decebat
1571 2762 1649 2815 eum,
1663 2763 1681 2801 e
1694 2761 1752 2817 quc
1767 2760 1828 2799 om·

71 2847 196 2903 magnos
215 2837 246 2888 et
260 2847 374 2904 perros,
392 2831 444 2904 qui
457 2830 494 2886 de
509 2829 616 2902 Spiritu
631 2834 681 2885 tuo
697 2829 882 2901 scripserunt,
896 2833 925 2886 et
978 2829 1024 2883 nis
1050 2835 1181 2884 creatura
1204 2829 1353 2886 descendit
1373 2837 1402 2886 et
1425 2837 1568 2900 movetur,
1592 2843 1623 2888 ιιι
1647 2847 1699 2905 per
1721 2832 1825 2888 l'ilium

71 2937 117 2976 me
150 2921 378 2994 pusillumque
402 2919 438 2976 de
466 2918 621 2990 spiramine
646 2918 769 2990 Spiritus
791 2919 843 2988 tui,
859 2933 925 2974 cum
944 2926 1074 2984 esuum,
1103 2918 1196 2973 Deum
1225 2917 1333 2974 scilicet
1355 2925 1383 2974 et
1410 2919 1569 2988 bominem,
1594 2921 1741 2990 liberaret,
1757 2936 1826 2992 qua-

70 3012 123 3065 ista
136 3009 283 3082 scriptura
304 3008 442 3064 laborari.
456 3009 542 3064 losue
564 3007 694 3063 volantes
708 3024 819 3079 pennas
844 3008 929 3080 tloy·⁴
976 3011 1060 3061 tenus
1074 3021 1181 3062 vacuus
1195 3007 1342 3078 angelicus
1357 3009 1462 3063 chorus
1474 3025 1527 3079 per
1541 3025 1609 3064 eum
1631 3010 1825 3082 suppleretur.

70 3099 108 3154 sis
123 3099 204 3165 tecit,
219 3098 291 3170 qnia
303 3099 418 3170 abipso
433 3103 576 3170 persuetus
590 3096 653 3153 init.
671 3097 818 3152 Abrabam
833 3095 922 3152 etium
975 3095 1050 3151 betis
1065 3094 1143 3150 euim
1158 3097 1263 3151 coelum
1277 3101 1306 3150 et
1333 3101 1440 3152 terram
1466 3098 1623 3164 constituit,
1640 3097 1827 3170 quemadmo-

70 3195 133 3259 post
157 3188 220 3242 llos
247 3187 356 3258 Spiritu
383 3190 480 3241 sancto
507 3185 672 3257 inspiretus,
703 3201 807 3240 novam
828 3185 922 3256 legem
974 3183 1044 3238 dum
1085 3184 1193 3255 lloyses
1234 3183 1392 3257 inspiratus
1429 3185 1537 3257 Spiritu
1564 3191 1674 3257 sancto,
1701 3185 1824 3257 scripsit,

69 3277 149 3344 (ders.
188 3275 270 3345 xrrs),
298 3275 408 3330 scilicet
447 3273 705 3338 circumcisionem,
735 3273 866 3345 protulit,
894 3278 924 3328 et
976 3287 1064 3344 quam
1093 3271 1124 3326 iu
1152 3271 1235 3327 llctili
1267 3289 1344 3343 vase,
1371 3275 1479 3330 scilicet
1502 3275 1629 3343 homine,
1654 3273 1825 3347 designarit,

68 3365 167 3420 omnis
182 3362 365 3436 philosophia
379 3364 587 3435 prophetarum
611 3362 727 3434 abipso
748 3364 809 3417 solo
823 3365 923 3418 exorte
975 3375 1063 3432 quem
1078 3359 1210 3416 diabolus
1233 3361 1413 3434 adplenum,
1430 3368 1462 3418 ut
1480 3364 1510 3419 in
1532 3363 1676 3420 miraculis
1693 3364 1743 3418 liei
1756 3379 1826 3418 con·

69 3459 159 3508 estet
178 3457 325 3523 generate.
358 3452 432 3507 Deus
457 3451 544 3506 etiam
564 3466 630 3506 cum
655 3450 760 3506 coslum
773 3455 803 3506 ιι
816 3455 922 3506 ιιιιιιιι
974 3447 1091 3504 stitutus
1104 3455 1157 3514 est,
1182 3467 1241 3505 uon
1268 3453 1414 3522 cognovit,
1429 3453 1503 3508 sicut
1522 3453 1610 3508 etiam
1633 3451 1767 3508 diviuitas
1795 3452 1824 3505 iu

68 3539 191 3608 creavit,
215 3542 320 3597 coslum
347 3554 414 3595 curn
441 3539 604 3596 coelestibus
627 3538 717 3610 signis
745 3539 867 3608 cruerit,
894 3544 924 3595 et
976 3538 1156 3594 ιιιιιιιιιιιιιιι
1172 3539 1264 3594 latens
1293 3545 1321 3594 et
1335 3542 1475 3596 occultata
1494 3546 1553 3608 est,
1567 3541 1645 3613 quie,
1662 3539 1686 3595 si
1701 3542 1826 3612 perfecte

67 3637 182 3688 terrem
200 3646 266 3686 cum
292 3630 390 3686 herbis
417 3634 445 3685 et
459 3629 569 3694 bestiis,
599 3635 629 3684 et
642 3629 759 3685 taudem
773 3627 923 3685 bominem
976 3641 1044 3683 enm
1068 3629 1258 3700 cognovisset,
1285 3645 1435 3702 uunquam
1462 3632 1498 3686 ud
1525 3630 1728 3702 decipiendum
1756 3644 1823 3684 eum

67 3719 182 3776 creavit
206 3721 289 3788 (Gen.
313 3721 347 3788 ι),
363 3718 534 3790 insignitum
549 3717 631 3773 omui
658 3723 799 3787 creature,
830 3724 858 3774 ιι
881 3719 923 3773 in·
976 3731 1128 3788 eggressus
1155 3717 1265 3772 luisset.
1297 3718 1434 3773 Diabolus
1447 3733 1513 3775 vero
1529 3720 1617 3774 etiam
1632 3722 1696 3773 aute
1711 3717 1826 3772 ruinam

67 3807 254 3881 telligibiism
271 3808 352 3864 omui
366 3807 495 3862 scientie.
976 3821 1059 3860 suam
1074 3819 1140 3860 eum
1167 3821 1314 3878 uunquam
1338 3807 1419 3874 vidit,
1436 3808 1574 3879 quonium
1589 3825 1606 3862 ι
1621 3808 1758 3862 ιιιιιιιιι
1771 3822 1825 3860 ιιι-

104 3897 214 3955 0mnia
241 3896 379 3952 miracula
391 3912 456 3969 quae
471 3901 538 3952 aute
552 3896 648 3951 lesum
662 3895 788 3964 luerunt,
816 3895 924 3952 scilicet
975 3911 1026 3950 cus
1039 3894 1105 3962 luit,
1125 3911 1192 3967 quae
1206 3894 1236 3949 iu
1251 3895 1385 3950 omuibus
1402 3897 1485 3951 rebus
1504 3897 1584 3952 velut
1598 3895 1695 3951 anima
1715 3903 1744 3951 et
1758 3911 1824 3949 ocu-

70 4005 122 4060 per
135 3987 255 4059 signum
270 3984 505 4055 circumcisionis,
528 3991 556 4041 et
568 3986 663 4042 ornnis
688 3987 838 4057 prophetis
854 4002 922 4057 pro·
975 3983 1021 4038 lus
1031 3983 1137 4052 existit,
1152 3984 1249 4039 lesum
1272 3984 1416 4040 Christum
1431 3986 1492 4040 sine
1508 3991 1626 4058 peccato
1648 4001 1710 4041 esse
1725 3985 1823 4053 sensit,

69 4076 237 4144 plastarum,
253 4075 284 4128 in
305 4075 367 4145 ipso
388 4073 487 4129 omnia
509 4074 652 4146 completa
678 4079 746 4129 suut
767 4079 796 4129 et
817 4073 922 4129 cousti-
976 4077 1006 4128 et
1024 4072 1056 4127 in
1083 4089 1117 4128 eo
1147 4089 1245 4144 opera,
1275 4073 1380 4144 quibus
1404 4075 1491 4129 homo
1521 4074 1556 4130 ad
1580 4075 1666 4130 vitam
1681 4075 1824 4144 resurgit:

69 4161 267 4234 termut,quie
293 4162 434 4218 inelieua
458 4167 563 4217 natura
583 4179 673 4217 novns
692 4163 780 4217 homo
797 4161 826 4217 in
842 4179 923 4218 mun·
978 4161 1043 4217 ideo
1062 4163 1189 4216 recolens
1217 4163 1345 4233 primum
1371 4163 1518 4218 homiuem
1546 4181 1563 4218 e
1597 4181 1627 4218 se
1662 4163 1825 4234 deceptum,

69 4253 137 4308 dnm
155 4252 247 4306 veuit.
272 4252 349 4307 Deus
364 4252 442 4308 enim
461 4251 541 4306 misit
554 4267 622 4307 eum
646 4252 675 4305 in
698 4257 805 4306 terram
831 4251 922 4307 inure-
943 4225 1045 4305 Deum
1060 4250 1147 4305 etiam
1164 4255 1317 4318 tentatum,
1342 4251 1473 4323 decipere
1493 4253 1600 4321 volens,
1615 4259 1643 4306 et
1670 4257 1701 4307 ιιι
1716 4267 1826 4306 memo·

69 4346 137 4408 ιιιιι,
154 4345 189 4395 ιι
200 4339 231 4394 iu
256 4344 364 4395 terrem
379 4344 475 4395 aratro
491 4356 549 4394 nou
564 4355 705 4405 eversum,
734 4340 765 4394 in
780 4357 837 4412 qna
861 4341 923 4413 ipse
977 4338 1021 4393 rie
1046 4337 1136 4409 ipsius
1156 4337 1313 4408 deleretur,
1329 4339 1409 4394 omui
1425 4339 1511 4396 modo
1527 4339 1656 4412 quemvis
1671 4339 1824 4405 incassum,

69 4427 269 4484 nobilissimus
301 4428 356 4482 llos
382 4428 481 4496 crevit,
521 4433 549 4484 et
573 4427 773 4484 dulcissimum
800 4429 922 4484 odorem
979 4427 1101 4482 laborat.
1131 4427 1183 4482 Sed
1212 4443 1278 4482 cum
1295 4413 1475 4499 'superatum
1491 4445 1520 4483 se
1553 4429 1680 4498 uidisset,
1707 4428 1826 4484 omuino

70 4515 198 4586 prebuit
221 4514 354 4571 universo
379 4517 495 4584 muodo,
510 4516 585 4571 sicut
611 4522 641 4572 et
668 4517 781 4573 nobiles
794 4518 879 4572 liores
893 4519 923 4574 in
976 4515 1149 4587 perterritus
1175 4515 1369 4583 erubescebat,
1395 4521 1423 4570 et
1452 4517 1482 4571 in
1508 4517 1618 4571 malitia
1632 4533 1683 4572 sue
1697 4515 1824 4582 confidit,

69 4605 186 4660 inarata
211 4609 289 4660 terre
319 4611 461 4660 crescunt.
478 4607 510 4661 ln
537 4605 693 4661 lloriditate
723 4621 848 4678 namque
873 4623 925 4662 sua
978 4609 1012 4659 ut
1025 4619 1078 4675 per
1089 4603 1307 4673 Antichristum,
1326 4605 1414 4660 lienus
1431 4606 1461 4661 in
1480 4621 1567 4676 opere
1581 4623 1633 4661 suo
1652 4604 1826 4660 confundere

70 4709 162 4748 novus
178 4693 305 4748 muudus
319 4693 457 4764 processit
483 4693 515 4750 iu
540 4693 745 4763 similitudine,
763 4695 835 4750 sicut
851 4696 925 4750 Deus
978 4693 1091 4760 debeat,
1111 4694 1181 4764 qnia
1207 4710 1240 4748 ex
1269 4693 1338 4747 lerti
1365 4711 1435 4748 vena
1452 4695 1551 4766 primm
1567 4694 1743 4766 deceptionis
1766 4709 1822 4756 snas

72 4783 140 4838 adse
151 4781 243 4838 dixit:
255 4781 382 4839 Crescite
394 4785 423 4838 el
442 4781 692 4855 snnlbplincmini,
705 4789 735 4840 et
747 4783 856 4854 replete
871 4787 925 4839 lsr-
977 4782 1099 4838 conlidit
1114 4781 1145 4836 iu
1169 4781 1284 4837 terreno
1300 4783 1418 4838 bomine
1434 4785 1581 4856 perlicere,
1598 4783 1675 4856 quod
1690 4782 1719 4838 in
1744 4781 1824 4836 inex-

72 4873 238 4941 romfflen.
268 4873 298 4943 1).
315 4872 370 4928 Sed
398 4871 467 4945 quia
489 4887 609 4943 germen
623 4871 694 4927 illud
709 4871 796 4942 periit
810 4871 924 4942 perde·
978 4869 1139 4942 stinguibili
1154 4870 1264 4925 lumine
1294 4873 1466 4941 uoueeluit,
1496 4869 1826 4945 quodlob,quiindo-

73 4962 238 5034 ceptionem
253 4961 365 5033 antiqui
381 4961 532 5034 serpentis,
547 4961 589 5015 ιιι
604 4960 684 5033 quod
698 4960 728 5014 iu
742 4960 837 5032 primo
858 4964 925 5014 ortu
977 4960 1039 5015 lore
1061 4975 1111 5014 suo
1136 4960 1268 5032 perfusus
1290 4967 1342 5030 est,
1370 4962 1400 5017 in
1424 4962 1576 5034 prophetie
1603 4977 1655 5016 sua
1677 4959 1825 5026 intellexit,

75 5063 129 5106 nou
145 5048 298 5121 processit.
326 5055 425 5122 postes
452 5049 541 5105 Filius
568 5049 618 5104 liei
632 5057 756 5106 mortem
771 5049 859 5121 primi
873 5049 924 5104 bc·
977 5048 1109 5122 quando:
1137 5047 1278 5105 Diabolus
1300 5049 1440 5121 fiduciam
1461 5051 1555 5120 dubet,
1585 5049 1660 5122 quod
1687 5046 1828 5104 dordonis

75 5139 160 5194 minis
185 5138 346 5208 suffocarit,
373 5145 403 5194 et
426 5127 547 5211 magnos
573 5139 672 5194 botros
696 5139 727 5193 iu
752 5155 826 5193 nors
841 5137 926 5194 vinea
977 5137 1010 5193 in
1034 5153 1066 5193 os
1089 5153 1174 5194 suum
1196 5138 1275 5209 flunt
1311 5139 1387 5211 (Jcb.
1424 5139 1479 5211 xe).
1505 5140 1567 5210 lpse
1594 5139 1672 5192 enim
1701 5137 1826 5192 marium

76 5228 225 5296 plantavit,
250 5228 302 5299 qni
334 5229 478 5299 optimum
510 5227 610 5284 riuum
632 5227 783 5297 dederunt,
809 5244 844 5283 ex
866 5243 924 5299 quo
978 5227 1041 5283 odit
1067 5227 1165 5298 ignem
1193 5233 1221 5284 et
1249 5243 1366 5300 equam,
1394 5228 1534 5300 quoniam
1557 5243 1659 5283 omnes
1688 5230 1825 5282 creature

78 5331 175 5372 omues
206 5333 274 5372 cum
302 5332 408 5388 magno
433 5316 540 5389 gaudio
566 5314 700 5371 inebriati
730 5320 806 5370 snut.
839 5316 926 5371 Vinea
980 5332 1032 5388 per
1047 5316 1111 5387 ipsa
1130 5317 1249 5372 lirmatm
1264 5324 1292 5372 et
1304 5318 1438 5372 animales
1458 5322 1533 5372 suut.
1552 5318 1627 5389 lguis
1643 5333 1709 5373 vero
1722 5316 1752 5371 in
1770 5331 1827 5387 quo

79 5419 139 5460 sero
165 5405 335 5474 istalidsm,
356 5423 420 5477 quse
444 5423 478 5460 ex
507 5405 605 5475 verbo,
637 5405 743 5460 scilicet
770 5405 841 5460 Filio
864 5405 924 5472 liei,
979 5406 1331 5478 secundumimpietetem
1349 5405 1539 5473 suemurdet,
1564 5407 1644 5460 omui
1659 5406 1770 5462 lumine
1785 5421 1828 5460 ce-

81 5494 231 5563 emanavit,
250 5495 393 5567 designat,
420 5495 503 5567 cujus
517 5494 732 5567 processionem
755 5498 832 5550 totns
844 5509 927 5549 mnn-
981 5498 1037 5563 ret,
1065 5494 1125 5567 ipsc
1153 5495 1239 5551 etiam
1263 5495 1357 5551 omnis
1369 5494 1521 5551 viriditatis
1535 5511 1636 5568 expers
1651 5502 1703 5565 est,
1720 5502 1750 5551 et
1764 5495 1828 5551 ideo
