3984 6034
163 179 232 233 laus
900 170 928 227 S.
949 168 1185 227 ulhbsclhnls
1843 172 1911 227 libi

161 306 198 363 de
217 304 303 360 urina
323 304 386 375 ejus
409 303 482 375 lapis
501 302 556 357 isto
577 318 638 357 non
655 316 770 373 semper
796 301 933 367 nascitur,
955 300 1007 356 sed
1023 308 1048 360 A
1062 300 1151 369 bibat,
1176 304 1206 356 et
1220 300 1306 357 otiam
1332 300 1490 357 cristallum
1517 300 1554 357 ad
1577 302 1668 357 solem
1686 300 1853 359 calelectsm
1880 300 1916 357 ad

161 400 231 450 ωηο
251 408 319 449 cum
340 392 383 448 sol
403 391 485 448 vulda
506 391 587 447 ardet
604 397 634 446 at
653 406 720 447 cum
742 405 815 445 aura
833 390 905 447 levis
925 395 1012 445 estet
1065 395 1166 461 guttur
1182 406 1268 462 super
1285 390 1371 445 bobio
1390 390 1515 445 calidum
1532 406 1609 462 sape
1623 395 1722 461 ponat,
1738 394 1767 446 ct
1790 390 1916 445 minora·

160 481 266 537 blanda
293 485 322 536 et
341 480 416 535 bena
440 484 608 549 temperata.
633 479 705 533 Nam
730 478 838 533 animal
863 479 920 533 hoc
942 483 1011 533 lunc
1064 476 1153 533 bitur.
1177 478 1232 535 Sed
1252 484 1280 533 at
1293 479 1343 550 qui
1366 479 1397 533 iu
1417 478 1514 546 corde,
1530 484 1580 535 aut
1594 480 1625 535 iu
1639 479 1797 545 stomacho,
1813 484 1866 533 ant
1886 478 1916 531 in

161 568 317 641 aliqnando
350 572 469 639 propter
500 567 627 622 calorem
654 572 683 621 et
708 567 865 637 puritatem
888 566 958 621 solis
982 568 1011 621 et
1065 572 1163 623 rantra
1185 565 1272 631 dolet,
1295 566 1452 623 cristallum
1476 565 1511 622 ad
1531 568 1621 623 solem
1641 566 1798 633 calefaciat,
1823 567 1916 621 etita

160 662 279 729 proptor
302 655 470 711 suavitatum
493 656 622 726 pulchras
646 671 724 711 auras
747 656 870 722 lactatur,
892 658 922 709 el
942 659 1011 709 tunc
1065 654 1165 709 calidas
1193 671 1297 725 aquam
1328 655 1452 726 desuper
1474 654 1587 721 lundnt,
1610 661 1639 709 et
1662 659 1731 711 tunc
1752 655 1840 710 etism
1862 670 1916 726 per

160 762 228 801 cum
247 746 362 800 urinam
383 743 514 799 emittere
534 744 604 810 srilt,
623 744 696 814 pede
711 743 743 798 in
760 749 868 797 torrem
885 743 967 811 lodit,
982 746 1012 797 et
1064 742 1181 797 brevem
1201 742 1302 797 horam
1323 742 1355 797 iu
1378 742 1470 814 ipsam
1485 758 1591 814 aquam
1606 743 1736 799 eamdem
1755 743 1914 799 cristallum

160 835 190 890 in
216 836 323 889 lossam
346 834 427 889 illam
457 832 570 889 urinam
599 832 715 896 omittit,
739 843 769 887 et
791 831 831 887 sic
852 831 888 887 de
907 833 1011 888 ardore
1064 834 1154 902 ponat
1177 836 1205 886 et
1227 830 1330 886 deindo
1353 832 1473 899 auferat,
1498 838 1527 887 et
1546 831 1586 887 ita
1605 847 1710 903 aquam
1733 830 1814 886 illam
1839 847 1914 903 saepe

73 966 79 977 ,
160 923 230 979 solis
244 922 367 993 ligurius
386 920 595 991 coagulaturet
609 921 719 975 crescit.
738 921 777 975 lle
792 919 918 991 puritate
931 918 1011 975 enim
1064 917 1153 985 bibat,
1177 924 1207 973 et
1224 918 1255 973 in
1276 917 1372 985 corde,
1397 928 1447 973 aul
1468 919 1499 975 in
1518 919 1676 981 stomacho,
1696 925 1747 973 aut
1760 918 1792 973 in
1814 924 1915 973 ventre

160 1013 231 1068 solis
244 1017 274 1066 et
286 1010 393 1066 blanda
407 1025 477 1064 aura
490 1024 556 1079 quse
570 1008 678 1063 animal
692 1010 770 1065 istud
788 1009 935 1080 tangendo
951 1022 1012 1079 per·
1065 1005 1168 1061 melius
1182 1005 1305 1062 habebit.
1325 1008 1357 1061 Et
1371 1006 1422 1077 qui
1436 1022 1453 1061 a
1471 1006 1599 1063 nesseden
1612 1006 1761 1077 fatigator,
1777 1007 1915 1061 eumdem

160 1100 242 1157 fulsit
255 1103 284 1154 st
304 1098 453 1153 deletitia
465 1098 556 1153 animi
577 1098 651 1167 ojus,
670 1104 699 1151 ct
711 1097 747 1152 do
761 1112 868 1169 magna
880 1096 908 1151 ri
922 1112 1009 1167 quam
1064 1094 1189 1165 lapidem
1199 1094 1234 1149 ad
1243 1094 1332 1149 solem
1342 1095 1487 1150 calefaciat
1496 1095 1575 1149 etita
1584 1094 1708 1150 calidum
1719 1111 1807 1167 super
1818 1096 1914 1149 locum

160 1188 249 1243 babet
263 1187 346 1243 urina
366 1186 398 1241 in
419 1202 454 1242 eo
468 1186 549 1246 calet.
567 1192 596 1241 et
618 1200 684 1241 cum
699 1186 741 1241 ita
752 1185 903 1252 omittitur,
919 1184 952 1241 in
964 1183 1010 1238 la·
1065 1182 1148 1239 illum
1163 1182 1213 1237 nbi
1230 1182 1309 1237 dolet
1322 1188 1422 1252 ponat,
1438 1186 1466 1237 et
1479 1186 1571 1237 assato
1584 1182 1740 1255 lugebitur.

163 1277 261 1348 pidem
288 1275 378 1330 istum
405 1275 582 1346 coagulatur.
612 1274 652 1328 ita
674 1273 752 1345 quod
773 1272 935 1343 coagulatio
955 1272 1011 1327 ista
1266 1272 1330 1327 Car.
1345 1271 1414 1327 lle.
1429 1302 1464 1311 -
1479 1272 1519 1327 lle
1533 1273 1711 1327 heacsnrrrs.

161 1364 275 1436 pulchri
297 1362 401 1433 lapidis
421 1362 453 1417 in
475 1368 554 1417 terra
575 1362 609 1417 lit
632 1361 682 1433 qui
704 1368 748 1416 cst
764 1361 888 1415 tenerior
911 1359 1011 1431 lapidi·
1101 1358 1239 1423 Quaedam
1252 1375 1335 1431 aqum
1348 1367 1415 1415 sunt
1429 1359 1596 1427 llnmiuum,
1607 1377 1670 1433 qua·
1686 1360 1768 1415 salsae
1781 1364 1863 1425 sunt,
1878 1359 1914 1414 de

161 1453 217 1509 bus
231 1452 305 1506 aliis.
325 1452 359 1506 Et
379 1451 467 1506 homo
492 1451 588 1521 quiin
609 1451 757 1506 stomacho
776 1450 858 1505 ualde
872 1448 961 1515 dolet,
977 1448 1009 1502 li.
1065 1448 1170 1519 quihus
1185 1448 1350 1519 margarita
1365 1452 1531 1503 nascuntur.
1548 1448 1620 1503 Nam
1634 1447 1781 1520 pinguedo
1796 1463 1914 1502 eorum·

161 1543 277 1612 gurium
300 1545 350 1594 aut
383 1539 414 1593 iu
442 1539 552 1607 vinum,
582 1543 632 1594 aut
656 1538 687 1593 in
711 1538 876 1602 cerviseam,
904 1541 953 1591 aut
978 1538 1010 1590 in
1065 1537 1131 1592 dem
1154 1535 1308 1591 fluviorum
1331 1552 1396 1590 cum
1419 1534 1563 1606 salsugine
1586 1552 1638 1591 sua
1657 1536 1692 1591 ad
1706 1536 1847 1591 harenam
1868 1552 1913 1589 ca·

161 1642 266 1699 aquam
282 1643 335 1699 per
348 1625 585 1694 breremjhoram
605 1631 694 1697 ponat
712 1631 742 1681 et
756 1633 824 1682 tunc
844 1625 966 1693 aulerat,
982 1631 1011 1679 et
1028 1602 1050 1655 Β
1065 1624 1116 1691 dit,
1133 1627 1172 1677 ita
1186 1625 1263 1696 quod
1285 1624 1417 1695 superior·
1439 1641 1514 1696 aqua
1530 1624 1706 1696 purificatur,
1722 1631 1752 1679 ot
1765 1624 1914 1695 pinguedo

159 1716 259 1787 liquor
272 1715 321 1770 ille
337 1715 445 1771 viribus
461 1715 564 1785 lapidis
578 1715 664 1785 hrrjus
678 1713 871 1786 perfunditur,
884 1713 923 1767 ita
934 1714 1010 1784 quod
1066 1713 1126 1767 heac
1141 1728 1207 1767 eum
1231 1712 1373 1783 salsugine
1390 1729 1442 1767 sna
1456 1712 1487 1767 in
1506 1713 1675 1783 margaritas
1688 1714 1869 1785 coagulatur,
1887 1719 1916 1767 ct

156 1805 228 1865 inde
250 1804 326 1860 sires
344 1803 462 1874 accipit;
484 1808 514 1858 et
532 1804 573 1857 sic
591 1818 643 1874 per
656 1802 820 1874 quindecim
838 1801 900 1857 dies
913 1801 1009 1867 iaciat,
1065 1800 1110 1855 hm
1137 1798 1300 1871 margarita
1329 1802 1446 1856 mundae
1469 1807 1545 1857 sunt.
1572 1802 1673 1873 accipe
1702 1818 1770 1873 ergo
1801 1818 1915 1874 marga-

161 1900 191 1949 et
212 1893 313 1949 duilli
334 1893 448 1949 modice
473 1893 508 1948 ad
530 1892 690 1948 bibendum
713 1907 816 1963 parum
843 1907 961 1962 pranso,
982 1894 1012 1945 ot
1066 1891 1134 1944 ritas
1154 1890 1232 1955 istas,
1254 1895 1283 1945 et
1303 1906 1351 1945 eas
1370 1890 1521 1963 inaquam
1544 1906 1630 1961 pone,
1652 1896 1682 1947 et
1704 1895 1780 1945 tolus
1796 1890 1873 1945 livor
1886 1895 1915 1943 et

161 1998 220 2038 non
239 1983 351 2053 jejuno,
375 1988 405 2037 et
427 1982 507 2035 nulla
524 1981 612 2036 lebris
626 1996 680 2035 nec
694 1979 781 2053 pestis
796 1986 856 2034 tam
879 1979 961 2034 lortis
979 1980 1011 2033 in
1065 1980 1128 2033 stim
1151 1994 1215 2050 quse
1237 1976 1267 2033 in
1291 1979 1392 2033 eadem
1417 1994 1491 2049 aqua
1512 1984 1556 2033 est
1576 1978 1651 2033 circa
1668 1978 1783 2035 easdem
1801 1994 1916 2049 marga-

161 2068 310 2123 stomacho
332 2067 410 2122 illius
435 2072 478 2121 est
498 2067 606 2137 absque
630 2073 733 2133 morte,
758 2065 830 2137 quin
847 2065 1012 2121 stomachus
1065 2067 1134 2121 ritas
1158 2074 1362 2139 congregatur,
1386 2072 1415 2121 et
1437 2067 1569 2138 superior
1594 2083 1670 2137 aqua
1693 2067 1866 2139 purilicatnr
1888 2073 1916 2121 et

161 2156 225 2227 ejus
247 2161 388 2226 purgetur
406 2160 436 2210 et
455 2154 624 2225 purificatur
645 2160 675 2209 st
694 2156 819 2209 salvetur
840 2160 947 2225 preter
969 2154 1012 2209 in·
1066 2155 1249 2212 emundator.
1272 2156 1306 2211 El
1320 2156 1407 2211 homo
1422 2156 1473 2227 qui
1486 2156 1554 2225 {lber
1567 2154 1664 2221 habat,
1680 2156 1811 2211 eamdem
1826 2172 1914 2227 supe-

160 2247 285 2299 stantam
306 2248 438 2299 mortem.
460 2243 562 2298 Nullus
582 2248 679 2298 eutem
693 2242 869 2297 aliusbomo
883 2257 937 2313 pro
952 2242 1011 2297 ulla
1065 2242 1172 2299 riorem
1207 2260 1311 2315 aquarn
1346 2259 1422 2314 saepe
1460 2244 1548 2313 hibat,
1584 2250 1612 2299 et
1647 2242 1750 2299 melius
1784 2244 1913 2301 habebit.

161 2348 248 2389 causa
260 2332 339 2387 istud
353 2331 568 2387 condimentum
582 2331 673 2395 bibat,
689 2330 744 2385 nisi
767 2336 866 2387 contra
880 2330 1010 2385 dolorem
1065 2331 1119 2387 Sed
1138 2338 1166 2387 et
1189 2332 1240 2404 qui
1261 2331 1292 2386 in
1311 2332 1404 2403 capite
1424 2332 1511 2395 dolet,
1529 2330 1697 2404 margaritae
1713 2332 1748 2387 ad
1764 2333 1856 2387 solem
1872 2348 1915 2387 cs·

161 2420 300 2477 stomachi
330 2437 337 2475 :
362 2421 457 2477 risere
482 2436 539 2477 non
561 2426 667 2491 possut,
688 2418 766 2491 qnia
786 2419 925 2475 fortitudo
947 2420 1010 2490 cJ'us
1065 2420 1189 2487 leiaciat,
1214 2424 1243 2475 et
1263 2420 1304 2475 ita
1326 2420 1433 2475 calidas
1446 2420 1627 2492 tymporibus
1640 2420 1700 2475 suis
1713 2421 1914 2491 circumponat

162 2515 242 2566 tanta
264 2515 306 2565 ost
328 2509 405 2582 quod
430 2526 481 2565 cor
503 2509 581 2565 illius
601 2509 746 2579 virseriget
773 2514 803 2565 et
825 2507 902 2580 qnod
925 2513 1011 2580 caput
1065 2513 1093 2562 el
1107 2524 1203 2579 panno
1220 2506 1342 2578 desuper
1357 2509 1545 2579 constringat,
1561 2508 1758 2565 etcrrrabitur.

161 2600 224 2671 ejus
237 2598 393 2655 scindendo
408 2598 559 2654 divideret.
578 2599 633 2653 Sed
647 2613 735 2669 qrscm
749 2596 902 2653 difficultas
917 2597 1010 2653 urinae
1292 2597 1357 2653 Car.
1373 2597 1450 2653 llllll.
1468 2626 1502 2637 -
1516 2596 1556 2653 lla
1572 2598 1685 2652 hanam.

160 2687 340 2758 constringit,
363 2687 403 2742 ita
423 2687 500 2759 quod
517 2687 631 2743 urinam
652 2687 746 2741 lacere
770 2702 829 2741 noa
852 2690 957 2757 potest,
971 2686 1010 2741 li·
1100 2684 1195 2740 Berlin
1221 2684 1256 2739 de
1288 2685 1460 2755 quibusdam
1494 2685 1610 2741 conchis
1643 2682 1817 2740 animalibus
1850 2700 1915 2739 aas·

160 2776 277 2849 gnrium
292 2776 325 2830 in
337 2776 382 2831 lac
395 2791 543 2831 vaccarum
559 2780 609 2830 ant
620 2775 729 2842 orium,
740 2781 907 2831 nouantem
922 2775 953 2829 in
966 2775 1011 2830 lac
1065 2777 1179 2841 cuntur,
1203 2772 1311 2827 scillcet
1332 2788 1397 2845 qum
1421 2773 1451 2827 in
1473 2772 1590 2829 conchis
1605 2774 1713 2845 jacent,
1739 2777 1768 2826 ct
1790 2787 1857 2845 quse
1882 2772 1911 2825 in

161 2880 324 2936 caprarum,
347 2879 399 2936 per
423 2863 500 2919 diem
529 2878 619 2919 unum
642 2867 740 2934 ponat,
766 2867 796 2918 et
816 2864 941 2919 secunda
962 2863 1009 2919 dio
1029 2861 1138 2931 ornari
1147 2860 1395 2931 etinqnibusdam
1404 2860 1516 2933 maguis
1526 2859 1829 2919 lluminibnsmanent.
1840 2862 1912 2915 Nam

161 2954 283 3019 aulerat,
307 2959 338 3009 et
356 2954 401 3009 lac
421 2952 493 3007 illud
517 2950 674 3021 calefaciat,
699 2950 729 3006 id
748 2956 791 3005 cst
808 2952 893 3015 uelle,
918 2956 948 3007 at
969 2952 1010 3007 ita
1064 2949 1196 3021 quaedam
1211 2950 1333 3007 istorum
1348 2950 1555 3005 conchatorum
1572 2947 1741 3005 animalium
1755 2949 1830 3005 circa
1845 2948 1911 3003 lun·

161 3042 285 3109 sorbeat,
301 3045 330 3095 et
347 3041 389 3097 sic
402 3055 455 3111 per
469 3040 599 3112 quinquo
621 3040 683 3095 dies
696 3039 791 3108 iaciat,
807 3045 836 3094 et
850 3040 964 3095 urinam
978 3040 1009 3093 in
1064 3041 1132 3094 dum
1148 3038 1301 3095 fluviorum
1323 3038 1446 3095 istorum
1466 3043 1626 3105 vomantur,
1641 3044 1670 3093 et
1684 3038 1725 3095 ibi
1740 3053 1845 3110 pasena
1858 3054 1911 3092 sna

160 3130 298 3186 eosolvit.
1062 3132 1207 3197 quierunt,
1230 3132 1260 3182 et
1282 3127 1493 3199 aliquantulum
1511 3142 1666 3197 venenosa,
1687 3129 1716 3182 et
1731 3126 1765 3181 de
1778 3125 1910 3181 sordibus

372 3217 438 3273 Car.
453 3216 505 3273 illl.
522 3246 558 3257 -
573 3217 613 3272 lla
628 3217 794 3273 Cosmiano.
1062 3231 1134 3287 quas
1153 3216 1182 3269 in
1206 3214 1296 3271 inodo
1311 3215 1362 3270 illo
1377 3215 1408 3269 in
1422 3231 1452 3272 se
1467 3215 1596 3285 trahunt,
1616 3219 1644 3270 et
1659 3214 1695 3270 de
1714 3230 1826 3271 veneno
1844 3231 1908 3281 sno,

195 3306 350 3378 crystallus
374 3304 410 3359 de
433 3305 605 3376 quibusdam
629 3303 740 3376 lrigidls
766 3302 849 3375 aquis
870 3302 1008 3371 nasdtnr,
1062 3319 1128 3359 cum
1152 3302 1206 3359 hoc
1226 3308 1380 3375 exspuunt,
1405 3305 1539 3376 quadam
1564 3304 1647 3359 berlir
1670 3304 1862 3375 coagulantur
1882 3310 1910 3359 et

159 3410 225 3466 quse
239 3391 370 3463 subnigri
380 3390 483 3447 coloris
496 3386 545 3463 (¹l·
561 3408 594 3447 an
606 3408 673 3448 aere
685 3392 801 3448 veniens
812 3406 917 3464 nquam
927 3391 1005 3447 illam
1062 3392 1101 3447 ita
1124 3396 1296 3460 nascuntur3
1325 3408 1391 3464 quse
1416 3392 1570 3464 aliquando
1590 3392 1715 3449 turbidae
1737 3399 1815 3459 suut,
1841 3394 1908 3463 qnia

160 3482 297 3554 tetigerit,
319 3481 381 3553 ipsa
405 3498 480 3555 aqua
503 3481 534 3535 in
560 3481 657 3553 aliquo
677 3482 750 3551 loco,
773 3481 853 3537 uelut
874 3480 1007 3552 quedam
1061 3480 1134 3552 ipsa
1153 3480 1289 3537 animalia
1318 3482 1394 3537 circa
1418 3480 1540 3537 fundum
1571 3480 1739 3537 earumdem
1764 3496 1906 3553 aquarum

159 3588 264 3639 massa,
284 3586 337 3643 per
356 3571 447 3640 frigus
465 3571 643 3640 coagulatur,
667 3574 696 3625 ot
717 3570 800 3641 quasi
815 3582 961 3639 curaque
975 3567 1007 3621 in
1061 3574 1220 3640 versantur,
1243 3575 1271 3624 ct
1292 3570 1351 3625 lere
1373 3570 1451 3625 nulla
1475 3569 1582 3625 utilitas
1605 3570 1636 3624 iu
1659 3568 1701 3624 eis
1721 3574 1772 3625 est.
1797 3568 1853 3625 Sed
1872 3569 1906 3625 de

158 3660 360 3717 fortitudinem
379 3660 558 3731 coagulatur,
580 3664 610 3713 ot
631 3674 697 3713 cum
718 3657 916 3713 deindecslor
932 3654 1006 3710 aeris
1059 3658 1167 3715 eisdem
1192 3658 1337 3715 conchatis
1357 3658 1531 3714 animalibus
1552 3657 1685 3729 quaedam
1704 3658 1733 3714 in
1754 3658 1906 3714 medietate

160 3756 210 3806 aut
229 3750 297 3805 solis
318 3748 450 3804 eumdem
473 3747 609 3819 tetigerit,
635 3746 729 3804 eidem
760 3761 861 3801 massa
885 3744 1005 3815 spissam
1060 3747 1228 3803 corumdem
1252 3746 1407 3803 fluviorum
1422 3763 1535 3803 versare
1551 3747 1656 3816 solent,
1674 3746 1722 3803 nbi
1737 3747 1807 3818 ipsa
1821 3761 1906 3819 aqna

157 3839 321 3896 albedinem
345 3852 432 3909 quam
449 3841 518 3893 tnnc
539 3835 635 3901 habat,
656 3836 758 3890 ardore
777 3850 828 3890 sno
846 3833 948 3901 aulert,
964 3831 1006 3888 ita
1059 3851 1139 3906 pura
1154 3841 1231 3903 sunt,
1246 3840 1275 3890 et
1289 3835 1330 3891 ibi
1344 3836 1443 3891 eadem
1458 3836 1595 3891 emmelis
1617 3837 1714 3893 minus
1732 3834 1863 3891 sordium
1876 3836 1905 3891 in

157 3928 234 4000 quod
256 3927 438 3999 aliquantum
460 3940 535 3996 pura
554 3924 598 3992 bt,
622 3924 673 3979 ssd
693 3928 790 3979 tamen
808 3938 861 3995 per
879 3921 1005 3976 calorem
1059 3942 1088 3980 se
1104 3924 1231 3991 trahunt,
1256 3924 1361 3980 etidao
1375 3924 1461 3980 etiam
1475 3924 1619 4001 modicum
1642 3922 1745 3980 veneni
1764 3923 1794 3979 in
1810 3940 1841 3979 se
1855 3925 1906 3979 ha-

155 4017 241 4073 illum
255 4016 372 4071 dissolvi
388 4030 446 4069 non
461 4013 587 4087 poterit;
608 4012 657 4068 sed
675 4012 779 4067 deinde
792 4011 884 4081 frigus
898 4010 1004 4064 iterum
1058 4012 1137 4069 baut.
1170 4012 1249 4068 Unde
1278 4012 1365 4069 etiam
1397 4012 1484 4067 berlin
1508 4012 1566 4069 illae
1595 4028 1659 4085 qum
1687 4017 1846 4067 nascuntur
1872 4013 1906 4067 de

156 4102 502 4175 superveniansoamdom
512 4116 636 4156 massam
651 4100 744 4170 magis
755 4102 784 4153 ct
797 4097 891 4168 rnagb
903 4112 1005 4168 coagu-
1058 4100 1166 4157 eisdem
1190 4100 1272 4172 aquis
1294 4116 1367 4172 quas
1386 4100 1449 4171 ipsa
1471 4100 1608 4156 animalia
1623 4100 1654 4156 in
1675 4116 1705 4157 sa
1723 4100 1854 4170 trahunt,
1879 4106 1907 4155 et

157 4194 217 4247 lara
239 4190 314 4252 lacit,
335 4196 365 4244 at
383 4188 499 4259 purius;
519 4194 549 4243 et
563 4188 635 4243 illud
656 4192 745 4243 tanta
768 4185 947 4242 fortitudinis
959 4191 1003 4241 cst
1021 4166 1043 4225 Ῐ)
1058 4190 1093 4245 de
1115 4204 1224 4245 ueneno
1245 4190 1300 4245 hoc
1320 4189 1399 4262 quod
1413 4189 1462 4245 illa
1476 4196 1627 4261 exspuunt,
1644 4190 1684 4244 ibi
1702 4188 1805 4245 lucidae
1820 4190 1904 4257 liunt,

156 4280 234 4353 quod
257 4294 309 4350 per
328 4277 453 4331 calorem
475 4274 570 4346 ipsum
592 4291 650 4330 non
667 4278 761 4345 potest
774 4274 857 4342 solvi,
872 4273 1003 4346 quamvis
1057 4277 1194 4348 quoniam
1218 4276 1259 4333 ibi
1282 4277 1312 4333 ia
1333 4276 1436 4335 mediis
1455 4276 1623 4334 lluminibns
1638 4276 1771 4349 quaedam
1793 4278 1906 4348 puritas

156 4374 217 4426 tota
239 4365 438 4436 circumposita
457 4362 563 4437 glacies
585 4364 767 4429 dissolvatur,
789 4369 819 4418 et
832 4363 872 4417 sic
891 4362 1002 4417 cristal-
1056 4382 1196 4439 aquarum
1212 4370 1265 4421 ost.
1280 4365 1335 4423 Sed
1349 4370 1445 4423 tamen
1458 4366 1516 4421 lere
1534 4365 1613 4421 nulla
1629 4364 1737 4421 utilitas
1752 4364 1905 4420 medicinae

155 4458 201 4513 lus
214 4454 352 4527 assurgit,
373 4458 404 4509 ct
424 4452 566 4508 cristallus
586 4456 639 4508 est.
660 4453 695 4507 El
715 4450 763 4506 cui
777 4450 852 4506 ocull
866 4450 1001 4521 caligant,
1056 4456 1086 4511 in
1101 4454 1171 4526 ipsis
1182 4461 1235 4521 est,
1256 4453 1313 4510 nisi
1326 4454 1405 4526 quod
1420 4458 1532 4511 tantum
1551 4454 1601 4510 alii
1615 4451 1768 4509 lucidiores
1782 4459 1861 4523 sunt,
1877 4460 1907 4509 et

155 4546 314 4601 cristallum
334 4543 371 4598 ad
385 4543 475 4597 solam
491 4541 647 4609 calefaciat,
669 4547 699 4595 et
721 4540 763 4595 ita
775 4540 897 4595 calidam
911 4540 1002 4595 oculis
1055 4544 1133 4615 quod
1147 4543 1244 4599 miuus
1257 4558 1344 4614 qnam
1359 4542 1423 4598 alim
1438 4558 1581 4599 venenum
1596 4541 1627 4598 in
1639 4558 1669 4597 se
1682 4542 1798 4599 habent.
1817 4542 1906 4607 Orare·

155 4634 215 4691 suis
235 4648 311 4704 sepe
332 4634 524 4702 superponat;
539 4634 569 4685 et
587 4629 655 4700 qnia
674 4628 808 4700 deaque
829 4631 1000 4696 naturaest,
1054 4630 1120 4687 dam
1140 4634 1235 4686 numm
1256 4631 1424 4687 eorumdem
1449 4632 1653 4687 conchatorum
1676 4630 1847 4687 animalium
1873 4634 1902 4686 in

153 4723 246 4779 malos
268 4722 403 4777 humores
424 4718 460 4773 ab
479 4718 570 4773 oculis
588 4717 721 4781 extrahit,
738 4722 767 4772 et
781 4717 822 4771 sic
835 4717 884 4771 ille
898 4716 1001 4771 molius
1054 4720 1219 4777 summitate
1233 4720 1364 4791 ipsorum
1379 4719 1534 4777 fluminum
1550 4726 1709 4787 versantur,
1726 4718 1776 4775 ubi
1790 4736 1903 4792 spumae

153 4810 268 4867 ridebit.
300 4809 381 4863 Etsi
414 4807 504 4863 drusa
528 4809 579 4862 aut
598 4809 699 4876 orfime
719 4806 750 4861 in
777 4805 851 4861 collo
874 4803 1001 4859 bominis
1054 4815 1083 4867 et
1103 4806 1202 4865 mulla
1222 4812 1313 4864 sortes
1335 4808 1501 4865 earumdem
1522 4824 1664 4880 aquarum
1686 4806 1791 4876 lluunt,
1817 4808 1903 4864 etde

152 4902 320 4964 nascuntur,
345 4896 479 4952 eumdem
492 4894 619 4965 lapidem
636 4895 673 4949 ad
690 4896 780 4949 solam
793 4893 951 4960 calefaciat,
971 4896 1000 4947 et
1053 4896 1123 4971 ipsis
1143 4896 1253 4969 spumis
1272 4901 1301 4953 et
1323 4896 1359 4953 de
1381 4897 1579 4969 superioribus
1598 4896 1730 4953 sordibus
1753 4896 1812 4951 illis
1834 4913 1901 4953 cum

151 4988 194 5044 ita
215 4987 341 5043 calidum
355 4999 443 5056 super
463 4984 548 5039 druse
560 4990 612 5039 aut
627 4998 714 5055 snper
726 4984 836 5052 orfimas
854 4997 908 5053 per
921 4980 999 5037 diem
1053 4999 1162 5041 ueneno
1176 4986 1306 5057 ipsorum
1322 4985 1490 5041 animalium
1502 4984 1635 5057 quaedam
1648 4984 1735 5041 berlin
1749 4985 1902 5055 coagulan-

152 5081 203 5131 aul
222 5079 402 5148 pernoctem
423 5071 542 5144 ligando
558 5070 747 5142 constringat,
767 5075 796 5125 at
810 5070 850 5125 sio
863 5084 939 5140 saepe
952 5068 998 5125 la·
1052 5078 1112 5144 tur,
1133 5090 1198 5147 qua
1221 5074 1308 5129 etism
1325 5074 1508 5145 aliquantum
1532 5073 1655 5129 turbidos
1673 5078 1751 5143 sont,
1775 5074 1845 5145 quis
1865 5074 1901 5131 de

151 5165 219 5233 ciat,
243 5167 463 5219 etsuanescent.
486 5161 590 5217 Sedet
610 5158 998 5231 calbahoingutturecra-
1051 5161 1160 5233 spumis
1197 5160 1233 5216 de
1268 5160 1484 5215 collectionibus
1518 5160 1646 5217 sordium
1681 5158 1797 5215 illenim
1835 5174 1901 5215 nas

150 5254 203 5308 scit
224 5268 275 5308 seu
296 5250 470 5317 intumescit,
492 5248 650 5304 cristallum
672 5246 709 5303 ad
731 5246 822 5303 solem
840 5246 995 5314 alsaciae
1050 5253 1165 5317 cuntur,
1191 5264 1244 5304 nec
1269 5248 1305 5303 ad
1328 5248 1417 5303 ullam
1440 5247 1593 5304 utilitatem
1612 5247 1764 5304 medicina
1790 5248 1899 5317 valent,

150 5346 181 5397 at
194 5340 340 5396 itucalida
363 5338 461 5394 sinum
486 5339 610 5408 desuper
627 5335 739 5403 laudat,
763 5340 792 5389 et
805 5333 841 5390 do
855 5334 906 5391 illo
920 5350 997 5404 saepo
1051 5337 1121 5410 quis
1142 5338 1206 5409 plus
1224 5336 1421 5392 iullrmitatcm
1445 5352 1532 5407 quam
1555 5336 1706 5393 sanitatem
1729 5335 1899 5395 bontiuibus

186 5466 223 5530 (l)
237 5464 319 5519 lleest
333 5462 453 5535 aliquid.
