3984 6034
12 312 16 341 ι
126 241 180 296 257
805 242 987 302 aristote.
1001 275 1035 286 -
1047 243 1156 302 EPlS'l'.
1176 245 1207 301 L.
1826 251 1881 308 Μ

127 371 313 427 sustinebunt
336 388 401 445 qaae
428 376 548 427 uentura
576 379 653 428 sunl.
682 374 715 429 Et
730 379 799 429 tunc
818 376 905 430 lortea
923 376 979 432 riri
996 375 1131 448 ligante
1142 376 1221 432 omni
1241 380 1379 432 creaturae
1394 377 1570 450 operabitur,
1587 381 1656 453 quia
1674 381 1754 438 omni
1770 383 1881 440 bomini

12 471 16 499 ¹
127 467 250 530 surgent
280 469 309 516 et
333 461 558 533 prophetabunt,
578 466 607 517 et
634 464 732 518 omnia
750 469 978 520 retereetnora
1031 465 1164 536 ignotum
1179 470 1231 534 est,
1248 466 1365 538 quando
1380 468 1626 540 purgatiomnndi
1642 472 1806 543 perignem
1818 473 1879 542 liat,

126 551 352 622 Scripturaram‚
395 555 424 605 et
451 566 553 606 amnes
579 567 727 607 sermones
760 569 812 625 per
838 554 977 624 Spiritum
1035 555 1067 608 Et
1083 555 1226 610 Treverim
1242 571 1315 610 noro
1331 555 1408 625 igne,
1431 556 1481 627 qni
1495 558 1644 630 discipulis
1658 560 1688 614 in
1708 560 1802 633 igneis
1822 562 1881 617 lin·

127 644 264 694 sanctum
292 638 399 695 effusos
427 638 572 710 colligent,
606 645 636 694 ct
663 639 842 696 intellectum
864 657 976 710 eoram,
1033 641 1097 715 gnis
1117 642 1251 714 apparuit
1278 643 1355 714 (Act.
1384 643 1427 715 rr),
1458 646 1532 701 inter
1560 646 1658 704 lideles
1678 649 1773 720 prime
1800 649 1881 706 valde

126 727 202 782 sicut
229 727 337 783 monile
350 744 418 782 cunr
437 727 571 797 pretiosis
596 727 739 799 lapidibus
754 730 908 785 ornabunt.
925 734 978 786 Per
1032 734 1163 786 ornatam
1183 729 1250 798 vidi,
1266 729 1306 786 ite
1320 733 1398 803 quod
1413 749 1514 788 ornnes
1527 734 1631 804 plateae
1645 736 1735 808 ipsius
1749 737 1778 794 in
1793 753 1881 794 aurea

126 817 183 871 hos
211 820 241 870 et
262 832 316 887 per
340 817 412 872 alios
437 816 892 888 sapientesplnrimisaeculares,
908 819 978 874 boni
1033 816 1089 872 ilde
1121 833 1187 873 cnm
1207 819 1353 876 miraculis
1368 824 1437 876 tunc
1456 821 1568 879 diliusae
1595 823 1718 880 laterent.
1736 825 1789 880 Sed
1805 841 1882 881 nunc

126 903 210 971 flent,
226 907 256 959 et
280 910 378 959 sancte
403 903 509 960 virent.
536 905 594 959 lloc
612 908 709 960 autem
732 905 858 961 studium
872 907 977 961 sencti-
1032 921 1084 976 per
1111 906 1292 978 vagationem
1317 909 1513 981 squalidorum
1543 927 1667 977 morum,
1697 929 1762 969 cum
1782 913 1880 980 taedio,

126 993 198 1048 tatis
213 992 271 1048 cito
289 1009 347 1048 non
376 998 498 1059 arescet,
530 992 580 1048 sed
610 993 660 1048 diu
676 993 803 1060 durabit,
833 994 978 1066 qnialiaec
1032 993 1116 1064 qrrssi
1143 995 1232 1050 [leram
1249 996 1367 1064 nesciat,
1382 995 1569 1064 circumdate,
1598 1004 1627 1054 et
1654 1000 1716 1054 aliis
1747 1001 1882 1072 plurimis

126 1081 230 1136 omnia
243 1086 363 1152 propter
378 1097 478 1138 errans
498 1086 613 1152 tempus
628 1082 709 1151 llent,
730 1082 779 1137 obi
795 1082 879 1138 molti
901 1100 977 1139 mar·
1032 1081 1117 1136 malis
1132 1081 1316 1155 coinquinata
1343 1089 1396 1153 est,
1417 1089 1446 1140 et
1460 1085 1547 1140 etiam
1573 1087 1604 1140 in
1631 1087 1675 1142 bis
1691 1089 1777 1144 toedio
1793 1093 1821 1144 et
1835 1091 1883 1143 de·

125 1169 250 1240 tsresia
279 1169 334 1224 lide
362 1176 460 1225 erunt.
491 1171 561 1226 Nam
589 1171 791 1242 rirproeliator
806 1171 976 1241 barciaclet,
1032 1169 1155 1226 lectione
1171 1171 1361 1242 jucunditatis
1387 1179 1415 1228 et
1438 1173 1662 1246 pulchritudinis
1677 1177 1880 1248 principalium

126 1258 179 1330 qui
194 1258 312 1314 initium
333 1263 364 1314 et
383 1259 472 1314 finem
488 1274 609 1331 opernm
625 1275 745 1315 suorum
760 1260 791 1316 in
805 1261 850 1316 bis
864 1261 977 1333 aspicit,
1032 1260 1061 1311 et
1078 1255 1263 1313 honestarum
1293 1259 1505 1316 institutionum
1526 1261 1683 1317 inveterata
1710 1267 1762 1331 est,
1795 1268 1882 1335 atque

126 1350 273 1417 quatenus
294 1345 403 1401 erranti
430 1347 537 1419 popule
563 1347 593 1402 in
609 1347 663 1402 boc
678 1348 800 1404 resistet.
818 1349 881 1421 lpse
896 1365 977 1405 nem-
1031 1343 1062 1400 in
1074 1344 1249 1402 oblivionem
1264 1347 1421 1404 maltorum
1441 1355 1623 1420 peccatorum
1639 1349 1785 1408 inclinata.
1806 1350 1881 1416 Ona-

126 1449 185 1505 que
206 1435 364 1506 prophetas
383 1435 512 1505 primum
536 1435 685 1491 constituit
706 1436 784 1491 velut
805 1441 902 1508 capnt,
929 1453 976 1492 sa·
1032 1439 1152 1505 propter
1166 1434 1259 1507 ignee
1271 1436 1395 1492 ultiones
1409 1438 1444 1493 ab
1461 1437 1742 1511 inimicissupereos
1754 1441 1881 1508 venient,

127 1523 243 1595 pientes
266 1524 347 1578 reiut
359 1524 467 1585 oculos,
483 1524 615 1579 doctores
629 1525 708 1580 relut
728 1541 772 1590 os,
786 1526 860 1580 sicut
890 1525 977 1581 etiem
1033 1522 1088 1577 nisi
1105 1537 1157 1596 per
1176 1525 1387 1597 paenitentiam,
1415 1528 1487 1582 sicut
1506 1527 1536 1582 in
1554 1530 1626 1584 lona
1644 1529 1817 1598 factumest,
1835 1529 1882 1585 de-

125 1611 315 1682 perverbum
333 1612 383 1666 liei
399 1613 500 1668 omnis
525 1612 599 1668 lacta
624 1618 702 1667 sunt.
733 1614 765 1667 lit
792 1612 979 1684 quiadeinde
1032 1610 1356 1687 leantur(Jors.1r,rrr).

125 1701 241 1771 reliqna
267 1700 408 1769 membra,
436 1701 544 1756 scilicet
569 1700 679 1770 lideles,
708 1701 784 1757 bona
807 1717 893 1772 opera
908 1678 1019 1773 ope·B
1354 1703 1517 1760 aristote
1532 1706 1561 1761 L.

125 1789 289 1854 noratur,
309 1789 385 1844 Deus
409 1789 439 1843 in
456 1789 551 1844 sinum
567 1804 667 1844 eornm
684 1795 770 1860 caput
783 1790 876 1861 ponit,
891 1789 921 1845 id
936 1796 980 1846 est
1032 1801 1133 1842 namur
1163 1802 1207 1844 sa.
1234 1804 1428 1845 arosronorna
1456 1807 1725 1854 intumuissent
1756 1809 1880 1852 sacrarat

124 1877 287 1932 intellectui
316 1877 446 1948 ipsorum
479 1877 665 1949 prophetiam
694 1878 814 1950 aperiet.
844 1879 922 1933 'l'nnc
950 1886 980 1934 et
1245 1891 1417 1940 scsoaanuu,
1434 1897 1469 1934 ao
1489 1895 1695 1937 armiclausa.

123 1964 274 2037 principes
302 1964 426 2020 cithares
455 1971 485 2020 et
511 1971 650 2037 tympana
679 1966 710 2020 in
738 1982 882 2022 erumnas
905 1967 979 2023 etin
1070 1963 1238 2020 Demuls'ere
1249 1965 1426 2022 demoniaco
1435 1967 1472 2023 ab
1484 1968 1666 2040 Hildeporde
1675 1969 1808 2026 liberale.

125 2053 274 2109 tristitiem
301 2058 424 2120 vertent,
455 2054 701 2126 quemadmodum
719 2055 771 2110 lilii
798 2055 884 2111 isreel
904 2057 978 2112 lece-
1068 2054 1098 2108 Τ.
1118 2054 1167 2108 llei
1187 2055 1289 2124 grstia,
1310 2055 1435 2110 ecclesie.
1449 2056 1495 2113 SS.
1524 2058 1738 2129 Apostolorum,
1755 2075 1820 2132 qiam
1841 2063 1884 2115 est

124 2146 196 2196 runt
225 2157 292 2197 cum
321 2143 396 2213 capti
424 2143 544 2198 luerunt
571 2143 660 2214 (Psal.
692 2142 810 2214 cxxxvi).
833 2144 979 2200 Posthac
1031 2140 1206 2207 inColunla,
1227 2144 1319 2200 dictus
1339 2146 1474 2214 decenus,
1503 2147 1615 2218 primns
1639 2149 1777 2220 magister
1800 2149 1882 2205 sciro-

125 2230 227 2286 omnie
249 2231 390 2302 spiritalis
412 2232 475 2287 sine
498 2231 585 2287 taedio
600 2237 630 2286 at
646 2232 760 2288 delectu
772 2233 978 2289 confortabun-
1033 2229 1137 2296 larum,
1155 2246 1220 2287 cam
1240 2232 1381 2287 universis
1412 2234 1541 2304 ejusdem
1568 2235 1695 2291 ecclesiae
1733 2236 1881 2305 iratribus,

125 2325 184 2386 tur,
198 2325 230 2374 et
247 2319 381 2375 homines
402 2321 544 2392 pupillam
572 2320 693 2377 urentis
722 2320 798 2376 Libri
814 2321 977 2393 inspicient.
1032 2317 1157 2374 dominae
1187 2321 1368 2388 lirinensem,
1398 2323 1589 2395 omnibusque
1609 2324 1639 2379 in
1665 2325 1806 2382 meulaS.
1823 2327 1883 2382 llo·

125 2409 160 2463 Et
175 2414 249 2463 tunc
262 2409 337 2464 vires
362 2414 392 2464 et
404 2408 543 2465 fortitudo
555 2425 588 2464 ec
605 2410 713 2464 sanitas
727 2411 756 2465 in
775 2411 885 2482 populo
898 2410 977 2479 fient,
1032 2406 1107 2463 berti
1126 2407 1239 2464 Christo
1257 2405 1457 2477 niilitentibus,
1480 2410 1613 2467 devotam
1629 2413 1660 2467 in
1677 2413 1799 2469 Domino
1814 2429 1882 2469 ora-

124 2497 196 2568 qnis
211 2496 256 2551 rir
270 2496 418 2569 preliator
431 2513 528 2553 aerem
555 2498 678 2554 aniate
697 2498 831 2570 replebit,
847 2503 876 2554 et
891 2499 978 2554 etiam
1032 2495 1152 2564 tionem,
1168 2501 1197 2552 et
1208 2497 1240 2553 in
1254 2513 1322 2552 vero
1338 2499 1457 2555 salutari
1470 2499 1603 2556 salntem.

124 2584 305 2642 viriditatem
320 2585 459 2642 virtutum
473 2585 623 2658 producet,
639 2603 675 2642 ne
693 2586 794 2642 fideles
817 2603 937 2661 corpore
951 2593 980 2643 et
1071 2586 1108 2640 Ex
1126 2584 1173 2641 die
1205 2601 1261 2658 qua
1277 2587 1358 2642 nobis
1386 2586 1522 2652 innotuit,
1552 2590 1628 2661 qaod
1649 2606 1787 2652 sororem,
1821 2589 1882 2646 imo

125 2675 226 2728 anima
251 2673 282 2728 in
312 2680 428 2730 errante
457 2675 748 2746 ternporedeliciant.
779 2677 857 2732 lstud
882 2682 979 2731 autem
1033 2670 1124 2728 liliam
1150 2680 1279 2728 nostram
1318 2675 1472 2745 specialem
1496 2676 1643 2732 dominam
1669 2678 1836 2749 sigewizen,
1851 2679 1882 2733 in

124 2761 265 2834 usquein
294 2777 394 2818 anans
405 2767 521 2835 tempas
536 2764 576 2818 ita
588 2764 769 2836 perdurabit,
785 2764 816 2818 in
835 2780 894 2836 qao
906 2763 978 2818 fide·
1033 2765 1134 2816 restrae
1162 2762 1347 2819 beatitudinis
1369 2764 1544 2820 consortium
1570 2765 1736 2838 collegistis,
1760 2783 1820 2822 non
1835 2783 1880 2823 so-

126 2849 162 2903 lis
191 2851 329 2921 populus,
350 2851 384 2907 ad
412 2857 535 2906 mertem
554 2850 636 2924 qnasi
651 2853 687 2908 ad
702 2853 803 2923 epulas
818 2851 976 2908 festinabit
1033 2850 1094 2905 lum
1109 2865 1171 2918 nos,
1187 2851 1247 2905 imo
1272 2851 1406 2908 universa
1425 2853 1641 2909 coloniensium
1667 2853 1777 2924 civitas,
1809 2861 1881 2911 nutu

127 2939 183 2995 Sed
198 2945 230 2993 et
246 2942 362 3009 tempas
373 2938 427 2994 laoc
441 2955 568 2994 errorem
585 2940 638 2996 boc
652 2940 739 2996 medo
753 2939 870 3009 tenebit,
888 2957 979 3013 usque
996 2981 1018 3040 C
1035 2937 1085 2992 uei
1103 2938 1140 2993 ad
1160 2938 1273 3009 pietatis
1287 2955 1415 2996 amorem
1431 2957 1566 2997 succesus
1578 2947 1630 2997 est.
1648 2942 1719 2998 lade
1739 2949 1783 2998 est
1802 2944 1880 3016 qnod

126 3028 197 3083 dam
217 3027 292 3082 illud
313 3029 387 3083 Dens
400 3027 431 3082 in
451 3028 545 3100 gretia
558 3033 587 3084 et
605 3029 800 3086 misericordia
818 3045 852 3084 ac
866 3029 897 3085 in
915 3031 977 3085 zelo
1030 3026 1091 3096 jem
1105 3026 1256 3082 manileste
1274 3043 1327 3099 per
1348 3043 1449 3083 omnes
1463 3027 1602 3084 terminos
1630 3033 1714 3084 terrae
1744 3036 1849 3086 nostra
1864 3048 1883 3086 a

126 3133 179 3170 sno
192 3115 340 3172 discutiat.
358 3117 390 3171 lu
404 3117 541 3172 omnibus
555 3117 600 3173 bis
615 3117 786 3173 hortulanus
814 3118 929 3174 inutilis
942 3118 979 3174 de
1033 3115 1142 3170 cunctis
1152 3117 1363 3186 proclamatur:
1377 3117 1452 3172 Ecce
1463 3117 1533 3173 odor
1543 3117 1726 3173 dominarum
1744 3118 1778 3174 de
1793 3119 1819 3174 S.
1829 3119 1881 3176 llu-

126 3205 212 3260 borto
230 3219 287 3259 sno
313 3205 457 3276 projiciet,
476 3211 504 3261 et
523 3206 605 3262 utilia
631 3208 710 3263 adse
735 3206 861 3278 colligat,
881 3223 980 3280 quem·
1033 3202 1126 3272 berto,
1145 3204 1219 3260 sicul
1240 3205 1310 3260 odor
1322 3210 1387 3277 apri
1409 3205 1500 3277 pleni,
1527 3205 1574 3262 cni
1588 3205 1730 3262 ὁειιειὶίπίι
1746 3207 1883 3264 morinus

125 3289 288 3344 admodum
314 3284 452 3361 scriptum
479 3297 535 3346 est:
566 3293 642 3346 liene
664 3289 807 3347 ultionum
831 3290 977 3361 Domirsus,
1032 3291 1112 3363 (Gra.
1134 3295 1231 3364 uvir).
1252 3295 1409 3351 Benedicta
1435 3295 1532 3367 itaque
1556 3295 1799 3361 sitisallomino,
1816 3311 1879 3368 quse

126 3379 207 3432 Dens
234 3377 379 3433 ultionum
403 3377 492 3434 libere
517 3377 575 3451 epit
599 3380 692 3447 (Ρωὶ.
720 3380 811 3451 xcru).
827 3379 909 3444 Quod
924 3381 979 3435 tale
1030 3381 1061 3436 in
1077 3382 1188 3437 modico
1215 3383 1362 3439 othumili
1389 3387 1482 3438 restro
1498 3383 1803 3454 menticuloeeopere
1821 3383 1880 3454 pio-

125 3474 186 3521 est:
203 3467 280 3522 Deus
308 3467 339 3522 in
355 3467 417 3523 zelo
445 3483 498 3522 suo
525 3472 612 3538 caput
626 3468 788 3540 iniquitatis
801 3469 935 3536 content,
951 3473 979 3525 et
1031 3471 1098 3525 tetis
1112 3471 1286 3538 celebrastis,
1307 3486 1371 3543 quae
1392 3475 1501 3526 crrnctae
1515 3469 1707 3526 sublimitates
1726 3471 1880 3541 montium,

125 3554 199 3610 illud
215 3555 355 3610 llosninus
373 3556 403 3610 in
419 3557 662 3628 eesuprosternit,
679 3557 750 3629 quie
766 3557 979 3630 omnisiniqni·
1032 3557 1231 3630 universaeque
1265 3558 1382 3613 vallium
1416 3564 1581 3613 nostrarum
1610 3557 1778 3614 latitudines
1810 3560 1881 3617 cele·

126 3648 172 3698 tes
189 3660 225 3698 ex
242 3643 356 3700 diabolo
383 3646 499 3717 estqui
518 3645 548 3700 in
577 3644 690 3702 interno
704 3647 832 3719 sepultus
847 3650 899 3701 est.
916 3648 979 3718 lpse
1032 3645 1114 3700 brara
1130 3663 1187 3700 non
1207 3646 1337 3710 dicimus,
1355 3663 1412 3700 rron
1433 3651 1599 3718 potuerunt,
1616 3646 1663 3701 sed
1682 3646 1879 3718 neglexerant.

125 3734 349 3804 namquelleus
378 3735 592 3805 ultionomest,
608 3735 851 3806 quiainnnllum
869 3737 979 3807 aspexit
1032 3732 1345 3805 drrdivinrussiquidern
1360 3735 1538 3806 nuperrime,
1554 3734 1629 3788 lama
1640 3733 1789 3806 prodente,
1803 3734 1880 3806 quad

124 3823 171 3877 rel
188 3824 324 3893 respexit,
352 3839 446 3894 aquo
471 3823 631 3895 qrridquam
652 3822 706 3879 sibi
719 3823 880 3879 addendam
895 3839 978 3878 assu-
1032 3821 1081 3876 ille
1109 3821 1199 3876 bostis
1224 3821 1361 3892 antiquus
1387 3837 1438 3892 per
1471 3822 1615 3877 orationes
1634 3826 1742 3876 restrae
1770 3823 1879 3893 ejectus

125 3917 232 3966 meret.
252 3911 306 3966 Sed
334 3911 364 3966 in
388 3912 544 3983 semetipso
572 3912 799 3984 unumquodque
818 3911 976 3982 distribuit,
1032 3910 1083 3964 sit:
1112 3909 1188 3982 quod
1208 3909 1231 3964 si
1247 3910 1286 3964 ila
1310 3914 1362 3971 est.
1378 3910 1561 3965 obsecramus
1580 3912 1610 3964 ut
1626 3911 1746 3964 modum
1763 3913 1792 3964 et
1806 3908 1881 3964 ordi-

124 3999 277 4054 constitait
294 4005 323 4054 et
340 3999 420 4067 lecit,
449 4006 479 4055 et
503 4000 581 4056 istud
609 4000 699 4057 libere
725 4001 780 4056 boc
806 4001 891 4056 modo
906 4002 976 4072 egit,
1031 4015 1099 4056 nem
1127 3999 1274 4071 ejectionis
1294 3999 1376 4055 nobis
1392 3999 1576 4056 rescribendo
1601 3999 1778 4071 significetis,
1808 4015 1879 4073 qaia-

123 4087 198 4160 qnia
212 4088 275 4158 ipse
291 4089 380 4155 solus,
395 4094 425 4143 et
447 4089 554 4158 iustus,
579 4094 609 4144 et
622 4089 727 4158 bonus,
743 4095 774 4144 et
787 4087 933 4144 timendas
947 4091 978 4145 in
1032 4092 1115 4144 tenus
1144 4086 1225 4142 robis
1250 4087 1494 4158 congaudeamus,
1522 4092 1551 4142 et
1576 4090 1716 4157 perpetua
1732 4085 1879 4142 vobiscum

123 4177 266 4232 omnibus
286 4177 403 4248 judiciis
420 4178 481 4232 suis
494 4184 546 4234 est.
564 4179 638 4233 Deus
649 4179 728 4235 eninr
743 4177 773 4233 in
789 4179 900 4233 ultione
911 4195 977 4250 per·
1031 4174 1183 4231 devotione
1199 4175 1288 4230 Deum
1308 4175 1515 4231 collaudemus.
1536 4173 1630 4245 ipsam
1650 4188 1765 4244 quoqne
1784 4172 1880 4229 domi-

123 4265 257 4320 ditornm
273 4266 410 4338 est,·qnia
435 4266 511 4322 bona
527 4267 693 4333 uoluerunt,
708 4271 738 4322 et
750 4265 816 4322 ideo
836 4282 902 4322 cum
917 4266 978 4322 die·
996 4280 1100 4335 paam
1127 4263 1281 4336 sigewizen
1307 4263 1381 4319 sicut
1408 4260 1578 4319 familiarius
1603 4265 1813 4333 cognoscimus,
1840 4261 1880 4316 ita

123 4354 196 4410 bolo
210 4370 261 4409 eos
275 4356 403 4420 damnet,
419 4357 528 4411 multos
541 4371 657 4428 qnoque
674 4372 726 4428 per
739 4355 870 4412 dolorem
887 4355 977 4412 libere
1031 4353 1183 4426 specialius
1194 4343 1373 4420 salutamus,
1401 4351 1517 4407 devotas
1543 4351 1573 4405 in
1603 4349 1714 4406 Christo
1735 4350 1880 4406 orationes

123 4441 258 4509 inclinat,
276 4459 349 4515 qnos
367 4443 472 4500 iterum
494 4449 594 4516 postea
607 4445 710 4512 aleret,
725 4449 758 4499 ut
772 4450 890 4516 propter
902 4444 978 4500 bona
1031 4441 1186 4514 promissas
1201 4445 1382 4509 renovantes,
1406 4445 1435 4495 et
1454 4436 1567 4493 easdem
1584 4436 1619 4492 ab
1633 4436 1696 4508 ipsa
1710 4439 1879 4508 exspectan·-

123 4547 218 4603 opera
232 4532 310 4587 velut
337 4533 480 4588 colomnae
505 4533 570 4589 coeli
597 4533 666 4601 sint,
686 4533 759 4589 sicut
785 4533 926 4604 plurimos
944 4548 977 4587 ex
1031 4536 1084 4586 tes.
1101 4531 1177 4586 vals.

122 4619 291 4694 publicanis
315 4627 344 4676 et
368 4620 569 4693 peccatoribus
595 4626 708 4677 sanctos
726 4621 801 4677 lecit.
819 4621 897 4676 Titne
915 4621 977 4676 dia·
1215 4616 1422 4674 RESPONSUM
1443 4614 1688 4671 flltbuusubls.

122 4709 213 4766 ΜΒ
227 4725 258 4764 ³⁰
274 4709 399 4781 erigens,
415 4711 447 4766 ¹¹1
475 4711 589 4781 99ῐῶἴο
603 4710 665 4766 fil5⁰
679 4726 732 4766 ⁸¹¹⁰
760 4727 846 4782 ⁵¹¹l³i³r
868 4727 978 4782 l>⁰¹¹¹¹⁸⁸
1031 4726 1200 4782 Humillime
1212 4725 1364 4795 respondet
1380 4724 1537 4780 multorum
1550 4723 1637 4780 simul
1652 4721 1879 4796 benboperibui

81 4847 85 4869 ,
123 4803 281 4854 ventorum
309 4799 405 4853 volare
437 4799 507 4855 rult.
537 4799 611 4854 Deus
636 4803 731 4854 eutem
764 4800 795 4853 in
822 4799 978 4870 semetipso
1066 4797 1231 4869 ejectionem
1252 4796 1388 4852 demonis
1402 4795 1573 4852 attribuens.
1587 4796 1680 4878 ⁰9¹3m
1691 4793 1775 4850 ecda
1785 4794 1880 4852 uario-

81 4877 86 4905 ‘
122 4886 256 4957 disponit
270 4902 305 4941 ee
323 4903 389 4959 qnae
408 4888 477 4953 vult,
499 4889 637 4960 quomam
654 4903 739 4942 nemo
759 4903 825 4943 enm
840 4903 978 4960 superare
1066 4884 1131 4926 mm
1142 4869 1314 4941 ὁθΜθΡθΤα
1328 4867 1367 4924 “d
1380 4883 1470 4924 “num
1479 4868 1570 4941 fimi
1584 4867 1721 4940 degere.

80 4963 89 5043 ‘p
122 4978 277 5047 potestat
301 4991 419 5030 omnem
435 4975 491 5030 rim
510 4975 616 5031 diaboli
643 4975 773 5048 dissipat,
801 4976 880 5031 relat
898 4975 979 5031 leber
1069 4977 1144 5030 Deus
1162 4991 1236 5046 opus
1257 4989 1342 5030 snum
1369 4973 1446 5042 lacit,
1476 4973 1526 5029 sed
1540 4973 1613 5029 illud
1633 4988 1690 5028 uno
1717 4971 1804 5028 modo
1821 4987 1879 5028 non

82 5049 96 5118 l'.
123 5062 180 5135 qni
197 5062 298 5117 omnia
315 5063 430 5118 inutilia
453 5063 484 5118 in
499 5064 606 5120 labrire
619 5079 671 5119 soa
684 5064 791 5136 redigit
805 5069 834 5119 et
859 5080 978 5120 manem
1031 5063 1187 5120 constituit.
1213 5063 1304 5119 Adam
1332 5063 1410 5118 eninr
1438 5061 1537 5134 pariit;
1555 5075 1622 5116 nam
1648 5075 1765 5116 cursum
1780 5060 1880 5116 circuli

82 5111 96 5216 ξ
123 5150 256 5207 snamin
274 5151 336 5206 zelo
352 5167 405 5206 sno
420 5152 557 5222 extendit,
577 5152 652 5208 sicut
679 5151 810 5219 ibifeeit,
831 5151 881 5208 nbi
896 5167 978 5208 eum·
1032 5154 1076 5208 sni
1104 5169 1163 5208 non
1188 5152 1346 5223 complevit.
1376 5151 1430 5207 Sed
1457 5155 1522 5222 post
1548 5148 1698 5206 meridiem
1724 5147 1880 5220 requisitas

83 5222 86 5231 ¹
106 5238 194 5302 ,dem
214 5237 350 5294 Satanam
370 5239 399 5294 io
414 5239 509 5311 prima
523 5240 677 5296 dilectione
697 5241 728 5295 in
755 5239 892 5313 abyssum
910 5255 977 5312 pro·
1032 5246 1083 5298 est.
1100 5243 1174 5298 Deus
1192 5246 1289 5298 eutem
1309 5239 1454 5310 spiramen
1474 5253 1558 5294 snum
1571 5239 1602 5292 in
1618 5237 1773 5310 propbetas
1788 5236 1877 5306 misit,

101 5315 113 5376 ι’
121 5327 206 5398 jecit.
227 5327 305 5382 llnde
317 5327 368 5383 ille
382 5326 455 5384 sicut
466 5328 586 5384 coluber
611 5329 743 5384 feramen
764 5345 850 5384 suom
877 5329 977 5398 intret,
1032 5335 1065 5386 ut
1078 5331 1227 5386 veritatem
1244 5329 1419 5395 nuntiarent,
1435 5333 1464 5383 et
1486 5327 1525 5383 sic
1544 5326 1686 5398 supientia
1705 5325 1736 5398 in
1750 5340 1801 5382 ore
1814 5324 1879 5381 illo-

125 5416 169 5470 its
190 5416 224 5471 in
251 5415 387 5487 abyssum
407 5433 437 5472 se
451 5417 616 5484 abscondit;
630 5433 684 5473 nec
711 5418 815 5474 amodo
831 5433 861 5473 se
875 5418 977 5491 eriget,
1032 5434 1109 5487 rum,
1141 5435 1214 5491 quos
1239 5418 1301 5490 ipsa
1331 5416 1490 5484 constituit,
1521 5415 1703 5488 loquebatur,
1736 5418 1879 5488 qnatenus

125 5504 198 5578 qnia
229 5520 308 5560 nunc
344 5509 423 5561 totas
461 5505 598 5578 deceptas
624 5511 676 5563 est.
713 5507 813 5563 Postea
843 5507 978 5564 divinitas
1033 5505 1172 5563 miracula
1202 5505 1374 5576 proterrent,
1396 5503 1518 5576 apostoli
1543 5503 1631 5560 etim
1661 5517 1714 5575 per
1740 5502 1880 5588 Spiritum
