3984 6034
139 173 189 230 :tet
865 173 893 229 S.
915 169 1160 229 utluuuettnts.
1834 175 1889 233 392

138 301 477 368 bantes,ascientie1lei
497 302 633 372 projecta
660 308 745 358 sunt:
772 309 800 357 et
814 302 879 358 ideo
899 303 985 359 iuler-
1004 302 1192 361 thubentem
1217 303 1293 376 (quie
1313 305 1349 360 de
1368 305 1520 361 innocente
1547 306 1637 363 Adam
1660 323 1774 362 omnem
1793 309 1891 364 multi·

138 392 218 446 uales
233 407 331 462 poenas
345 391 405 445 sine
431 390 625 445 consolatione
644 390 800 462 ereptionis
821 392 983 461 habebunt;
1040 390 1169 446 tudinem
1185 392 1304 447 hermani
1326 392 1440 464 generis
1456 397 1486 447 in
1514 394 1752 465 praeordinatione
1778 395 1828 450 Dei
1844 395 1890 450 lu-

139 481 271 552 quaedam
294 484 388 534 autern
415 479 444 533 in
460 480 604 534 oblivione
621 479 667 536 liei
681 498 739 535 non
753 481 917 551 existentes,
937 482 985 537 sed
1040 483 1150 535 centem
1167 480 1196 534 in
1223 496 1275 535 suo
1296 497 1416 553 corpore
1437 486 1551 552 gestans
1574 489 1690 554 sumpta
1715 483 1819 554 lueret)
1835 499 1891 555 pet·

138 568 167 624 in
191 568 387 640 superioribus
410 567 670 624 examinationibus
692 571 894 641 purgationem
918 587 984 640 prr·
1040 567 1236 623 seductionem
1252 570 1394 640 serpentis
1415 571 1451 625 ad
1468 570 1656 641 dejectionem
1682 573 1744 643 ejus
1759 571 1890 628 diabolus

138 663 266 713 catorum
299 673 416 712 sitorum
449 656 607 728 inquibus
640 658 782 730 pmlupsae
818 664 884 714 sunt
911 660 985 714 ret-i-
1039 656 1231 713 inventum
1257 658 1338 713 huc‘l
1357 659 1429 724 Quia
1450 658 1557 714 sciebat
1585 659 1715 714 mulieris
1735 660 1888 715 mollitiem

138 748 263 820 pientes;
291 748 409 802 tandem
428 747 639 802 absolutionem
666 746 843 803 vinculorum
866 764 986 804 suorum
1038 742 1149 800 facilius
1167 747 1335 802 vincendam
1356 763 1443 820 quem
1467 746 1521 802 viri
1543 747 1759 814 tortitudinem
1788 747 1888 803 videns

138 835 275 901 sentiunt,
291 836 324 889 ad
341 834 468 906 requiem
491 839 596 904 ereptae
616 834 827 906 pervenientes.
850 835 922 901 Quid
944 841 987 890 cst
1039 832 1124 888 etiam
1140 833 1218 905 quod
1230 833 1318 890 Adam
1335 835 1365 888 iu
1380 835 1519 890 charitate
1541 836 1603 890 uve
1623 839 1680 890 tam
1702 835 1891 891 vehementer

137 923 364 979 hoc‘lGahenna
389 923 423 976 iis
437 921 520 978 obvia
536 928 579 977 ast
607 923 763 994 quilieum
785 923 815 978 iu
840 924 984 980 oblivione
1040 921 1167 989 ardebat,
1198 927 1231 976 ut
1253 923 1276 976 si
1303 923 1365 994 ipse
1396 924 1481 978 Evam
1519 923 1643 992 vicisset,
1669 924 1810 997 quidquid
1837 925 1889 979 illa

137 1011 231 1067 cordis
258 1011 301 1066 sui
325 1012 386 1066 sine
417 1013 589 1083 poenitentia
616 1014 746 1069 habent:
780 1018 882 1068 coetera
918 1030 986 1070 vero
1039 1009 1108 1064 Adae
1131 1010 1248 1079 diceret,
1280 1011 1371 1067 Adam
1393 1011 1464 1066 illud
1494 1011 1653 1084 perficeret.
1676 1013 1755 1068 Unde
1779 1018 1808 1068 et
1825 1013 1888 1069 dia·
1977 1035 1978 1038 ¹

138 1106 283 1157 tormenta
309 1101 344 1156 iis
369 1101 420 1173 qui
444 1101 575 1173 quamvis
595 1104 672 1158 mala
698 1119 786 1174 opera
809 1103 924 1168 iaciant,
946 1107 987 1157 ta·
1040 1098 1121 1152 holus
1148 1098 1228 1154 illam
1264 1103 1292 1154 et
1319 1099 1441 1155 turmam
1476 1101 1601 1156 hominis
1629 1117 1662 1155 ex
1695 1101 1744 1155 ille
1768 1101 1889 1172 regione

139 1205 204 1244 men
228 1188 258 1243 in
282 1188 324 1243 eis
348 1190 496 1260 usquead
524 1187 611 1244 tinem
636 1205 694 1244 uun
719 1196 913 1262 perseverant,
937 1191 986 1248 sed
1039 1187 1133 1258 ejecit,
1156 1189 1226 1261 quin
1254 1189 1330 1244 idern
1364 1189 1497 1260 antiquus
1525 1181 1657 1245 seductor
1687 1191 1772 1245 Evam
1801 1196 1890 1262 atque

138 1277 255 1334 taudem
270 1278 303 1330 ad
320 1279 409 1332 Derim
426 1277 455 1332 iu
478 1279 631 1349 gemitibus
648 1279 706 1334 suis
731 1279 897 1350 respiciunt.
914 1279 985 1345 Qua·
1039 1275 1128 1331 Adam
1144 1276 1179 1330 de
1194 1277 1259 1330 sede
1274 1276 1461 1331 beatitudinis
1477 1292 1528 1330 sua
1547 1277 1716 1347 deceptione
1742 1277 1891 1348 expellens

137 1371 255 1438 propter
274 1367 373 1420 fideles
395 1366 541 1421 diabolum
567 1367 679 1436 fugiant
694 1372 722 1421 et
738 1369 828 1422 ileum
853 1368 985 1438 diligant,
1039 1365 1069 1418 iu
1094 1363 1226 1420 tenebras
1248 1365 1440 1420 subversionis
1460 1364 1592 1420 detrusit.
1617 1365 1788 1430 Quomodo?
1810 1366 1891 1421 vide-

138 1454 321 1525 malaopera
344 1452 508 1523 abjicientes
536 1460 564 1507 et
592 1455 667 1509 buna
690 1471 755 1510 cum
772 1455 875 1510 decore
897 1457 985 1528 poeui·
1040 1452 1205 1507 licutEvam
1223 1453 1688 1525 primumseduxitutipsahdae
1711 1454 1893 1509 blandiretur

137 1542 236 1597 tentiae
267 1543 453 1612 complentes,
488 1546 520 1595 ut
549 1558 647 1597 servus
670 1559 751 1598 meus
783 1545 912 1598 Ezechiel
933 1561 986 1617 prr
1040 1556 1097 1611 quo
1120 1541 1146 1596 ei
1171 1557 1317 1597 assensum
1343 1541 1493 1613 preberet,
1516 1543 1584 1614 quia
1607 1541 1670 1614 ipsa
1691 1541 1774 1596 citius
1797 1541 1891 1597 Adam
1977 1609 1978 1612 Ἰ

137 1646 184 1686 me
213 1630 369 1702 inspiratus
399 1630 540 1699 hortatur,
576 1630 672 1686 dicens
697 1649 704 1686 :
730 1632 933 1690 convertimini
958 1599 1127 1701 ethuam
1161 1630 1215 1685 alia
1244 1636 1375 1686 creatura
1404 1631 1440 1686 ed
1480 1631 1704 1686 inobedientiam
1731 1632 1891 1702 perducere

136 1718 214 1791 cpite
226 1717 422 1791 penitentium
440 1719 477 1776 ub
496 1718 628 1774 omnibns
648 1719 848 1792 iniquitatibus
873 1710 985 1791 uestris,
1040 1717 1152 1788 potuit,
1179 1719 1317 1790 quoniam
1344 1719 1474 1774 decosta
1498 1718 1574 1774 illius
1592 1719 1666 1774 tacte
1690 1719 1792 1774 iuerat.
1816 1719 1892 1784 Qua-

136 1811 165 1862 et
182 1823 240 1862 nun
258 1807 406 1864 erituobt's
429 1806 461 1862 in
476 1806 876 1880 retinuminiqnitua(idzcch.
895 1811 984 1881 xviri).
1040 1812 1160 1878 propter
1184 1808 1287 1862 mulier
1310 1808 1402 1862 virum
1426 1808 1510 1863 citius
1534 1807 1638 1879 dejicit,
1663 1824 1728 1863 cum
1756 1808 1890 1864 illesam

137 1895 218 1960 Quod
235 1896 342 1951 dicitur
358 1913 365 1950 :
382 1896 403 1951 0
420 1912 469 1950 ros
492 1895 625 1951 homines
644 1896 693 1968 qui
709 1897 846 1951 hactenus
861 1897 891 1952 in
919 1913 985 1968 pec·
1041 1907 1098 1946 nou
1114 1891 1282 1954 abhorrens,
1298 1892 1384 1947 verba
1399 1893 1462 1964 ejus
1477 1892 1560 1948 iecile
1571 1892 1699 1948 assumit.

138 1984 210 2039 catis
240 1984 401 2056 jacuistis:
439 1984 631 2040 recordamini
667 1985 820 2041 Christiani
859 1986 986 2041 nominis
1076 1980 1181 2034 Verum
1201 1985 1229 2034 et
1244 1996 1403 2052 nonpuero
1418 1981 1607 2052 sedperfectu
1622 1981 1683 2036 viru
1698 1980 1891 2036 scilieetetdte

135 2073 233 2139 vestri,
258 2078 454 2128 convertentes
476 2090 526 2129 vos
554 2075 589 2129 ed
612 2074 687 2129 viem
712 2075 821 2140 elutis,
847 2080 876 2130 et
902 2074 986 2130 tacite
1039 2069 1166 2139 perfecta
1188 2069 1293 2125 mulier
1319 2070 1384 2124 date
1410 2074 1460 2130 est.
1478 2069 1618 2125 itaetiam
1640 2069 1737 2138 modo,
1762 2085 1827 2125 cum
1846 2071 1892 2124 vir

138 2160 299 2233 aliaopera
321 2161 451 2216 insonte
475 2161 677 2233 poenitentiae:
707 2163 758 2234 qui
778 2164 860 2235 prius
880 2163 987 2219 lecistis
1039 2157 1070 2212 in
1100 2162 1183 2212 aetate
1221 2158 1349 2229 perfecte
1377 2158 1479 2212 fertilis
1508 2163 1559 2227 est,
1586 2158 1712 2230 perfecta
1740 2159 1766 2214 ei
1786 2159 1893 2213 mulier

139 2251 231 2305 multa
255 2251 362 2304 scelera
390 2249 420 2305 in
442 2250 540 2305 multis
561 2250 649 2319 vitiis,
672 2255 701 2306 et
721 2251 799 2306 itaa
824 2253 899 2307 mala
921 2269 987 2308 cun·
1039 2246 1245 2318 conjungenda
1268 2251 1320 2314 est,
1354 2247 1432 2302 velut
1456 2262 1521 2302 cum
1550 2246 1635 2302 arbor
1669 2246 1755 2302 tlures
1788 2247 1894 2318 incipit

137 2337 290 2393 suetudine
315 2342 408 2393 vestra
439 2343 608 2410 surgentes:
633 2355 693 2394 uon
716 2339 858 2411 deprimet
882 2358 932 2397 vos
955 2340 986 2397 in
1040 2335 1180 2402 emittere,
1197 2334 1294 2390 dehita
1322 2333 1435 2392 cultura
1462 2336 1488 2390 ei
1513 2334 1676 2408 adhibenda
1697 2341 1748 2390 est.
1768 2337 1838 2390 Nam
1855 2337 1892 2390 de

137 2426 252 2482 ruinam
275 2427 375 2482 mortis
396 2426 534 2498 iniquitas
557 2426 608 2481 illa
626 2426 657 2483 in
673 2443 730 2500 qua
745 2428 902 2498 sorduistis,
918 2429 987 2502 quia
1040 2428 1118 2478 costa
1142 2422 1228 2479 insito
1259 2425 1353 2480 calore
1374 2429 1404 2480 et
1433 2424 1555 2479 humore
1584 2423 1662 2491 hdae,
1686 2425 1741 2479 Eva
1767 2424 1893 2478 formata

136 2516 217 2570 illam
253 2515 284 2570 in
314 2515 360 2570 die
399 2515 564 2569 salvationis
601 2520 701 2572 vestre
726 2516 878 2588 abjecistis.
906 2518 986 2572 Unde
1040 2516 1092 2580 est,
1109 2529 1141 2568 ac
1164 2511 1229 2567 ideo
1259 2529 1337 2568 nunc
1361 2512 1397 2568 de
1426 2512 1594 2568 tortitudine
1616 2513 1670 2568 viri
1695 2517 1723 2566 et
1741 2513 1777 2568 de
1793 2512 1890 2568 celere
1977 2577 1978 2580 Ἴ

137 2604 224 2660 etiam
249 2604 304 2659 huc
341 2603 425 2659 modo
449 2603 588 2676 gaudium
622 2605 792 2677 angelorum
819 2622 906 2677 super
935 2622 986 2662 vos
1040 2601 1103 2673 eJus
1118 2601 1367 2674 seminesusceptu
1378 2601 1484 2657 mulier
1496 2600 1620 2658 intendit
1633 2602 1745 2672 prolem
1760 2601 1790 2656 in
1805 2616 1890 2656 mnn-

98 2707 103 2714 ·
136 2694 201 2764 erit,
216 2694 386 2766 quoniame
414 2693 528 2748 diabulo
552 2692 707 2749 recessistis
729 2699 757 2750 et
773 2694 809 2749 ad
830 2696 921 2750 Deum
937 2712 986 2750 cu·
1040 2690 1107 2747 dum
1130 2690 1301 2762 producere.
1322 2689 1367 2745 vir
1383 2689 1460 2745 enim
1480 2691 1637 2746 seminator
1658 2690 1765 2756 existit,
1786 2691 1893 2746 mulier

136 2781 277 2850 curristis,
299 2798 365 2837 eum
388 2781 428 2836 sic
456 2781 560 2837 melius
582 2782 612 2838 in
642 2782 726 2839 bonis
748 2782 858 2839 actibus
878 2800 986 2856 cogno·
1039 2784 1137 2835 autem
1153 2779 1310 2851 susceptrix
1331 2780 1450 2835 seminis
1478 2785 1530 2846 eet,
1554 2780 1681 2836 undeet
1708 2780 1812 2835 mulier
1835 2779 1892 2835 sub

138 2875 258 2938 scentes,
288 2886 374 2943 quam
403 2869 485 2942 prius
506 2887 572 2926 eum
592 2872 701 2926 sciretis
723 2887 787 2927 cum
809 2871 840 2927 in
854 2870 986 2930 irrisione
1005 2871 1182 2950 Cputestate
1203 2867 1257 2922 viri
1278 2872 1384 2936 manet,
1405 2867 1543 2940 quoniam
1560 2873 1593 2923 ut
1614 2867 1719 2924 duritia
1734 2867 1838 2939 lapidis
1852 2867 1893 2922 ad

138 2961 250 3032 antiqui
265 2957 423 3014 seductoris
450 2957 553 3014 luistis.
570 2959 652 3024 Ortod
674 2977 741 3015 varo
757 2961 792 3016 de
809 2961 906 3016 eodem
923 2962 987 3018 lacu
1043 2954 1265 3012 teneritudinem
1294 2961 1377 3012 terroe
1399 2961 1450 3025 est,
1467 2955 1507 3011 ita
1526 2956 1613 3012 ctiam
1640 2961 1668 3011 ct
1682 2955 1820 3011 fortitudo
1836 2955 1893 3011 viri

137 3048 285 3103 teterrime
310 3047 414 3102 nebula
444 3046 580 3102 exhalans
610 3047 646 3102 ad
676 3049 764 3103 tinem
786 3065 876 3121 nsque
903 3052 987 3122 qnasi
1043 3044 1079 3099 ad
1094 3045 1244 3100 mollitiem
1260 3046 1399 3101 mulieris.
1416 3045 1496 3112 Quod
1514 3051 1610 3100 nutem
1626 3045 1719 3117 prima
1733 3046 1839 3100 mulier
1854 3045 1892 3100 de

137 3136 201 3191 visu
223 3134 480 3207 imperceptibilem
502 3135 621 3206 attigit:
645 3137 700 3191 hoc
714 3141 757 3192 est
772 3138 848 3209 quod
865 3138 900 3194 de
916 3155 986 3212 pro-

137 3223 308 3279 fundissima
330 3222 490 3295 perditione
517 3221 658 3280 diabolica
677 3224 757 3280 fraus
769 3239 909 3281 emanans
927 3243 987 3282 ser-

136 3317 254 3384 pentem
289 3312 475 3379 viruleutum‚
499 3311 579 3367 nefas
602 3312 793 3371 fraudulente
817 3314 988 3370 intentionis

137 3401 169 3456 in
194 3417 223 3454 se
245 3400 439 3455 continentum
475 3403 511 3456 ad
535 3401 748 3472 decipiendum,
773 3402 921 3458 homiuem
947 3404 987 3459 la-

138 3492 233 3545 tenter
246 3489 358 3543 invasit.
384 3489 555 3554 Qttomudo‘l
570 3490 643 3555 Quia
658 3506 724 3545 cum
739 3491 871 3547 diabulus
894 3491 988 3548 homi·

26 3629 30 3634 ,
138 3593 205 3634 nam
220 3577 248 3632 iu
275 3576 410 3648 paradiso
432 3577 512 3647 vidit,
526 3593 590 3633 cum
610 3594 715 3651 magna
729 3577 927 3651 indignatione
943 3599 988 3636 ex-

138 3668 281 3730 clamavit.
311 3667 408 3721 diceus
426 3683 433 3722 :
454 3666 476 3722 0
497 3667 562 3738 quis
583 3673 752 3739 assequetur
775 3685 821 3724 ure
849 3669 879 3723 iu
904 3686 989 3725 man-

139 3757 222 3811 sione
235 3770 309 3812 veroe
325 3754 537 3811 beatitudinis?
553 3757 587 3810 Et
605 3755 645 3810 ita
659 3756 689 3810 in
715 3757 868 3828 semetipso
883 3758 990 3813 sciehat

140 3845 216 3917 quod
233 3844 371 3900 malitiam
395 3861 476 3899 suam
500 3860 587 3915 quam
606 3844 637 3899 in
652 3860 682 3899 se
696 3844 799 3900 habuit
812 3845 943 3901 nondum
957 3847 989 3902 iu

140 3933 195 3988 alia
205 3938 336 3987 creatura
350 3932 555 4002 compleverat,
573 3933 621 3987 sed
637 3933 727 3988 Adam
741 3937 770 3987 et
785 3934 871 3988 Evam
883 3935 987 4005 puerili

140 4019 304 4074 innocentia
318 4019 348 4072 iu
371 4020 455 4073 horto
480 4018 647 4073 deliciarum
666 4019 771 4089 degere
784 4019 895 4088 videns,
922 4037 987 4078 cum

141 4121 248 4174 magno
266 4111 328 4161 astu
344 4107 443 4162 extulit
457 4122 486 4161 se
497 4107 590 4162 adeas
600 4106 802 4178 decipiendum
811 4125 863 4181 per
875 4125 988 4182 serpan-

1043 3131 1104 3188 viro
1124 3134 1245 3189 formale
1273 3138 1327 3203 est,
1356 3133 1412 3189 hoc
1435 3139 1478 3188 est
1507 3135 1672 3205 conjunctio
1695 3133 1894 3205 desponsatio-

1043 3221 1087 3276 nis
1102 3201 1231 3277 mulieris
1244 3222 1279 3278 ad
1294 3222 1398 3279 virum.
1417 3223 1450 3277 Et
1463 3220 1517 3277 hoc
1533 3221 1573 3275 sic
1590 3221 1810 3293 intelligendum
1833 3225 1888 3276 est.

1044 3310 1215 3381 Coniunctio
1241 3311 1296 3365 ista
1319 3326 1377 3366 uon
1402 3315 1445 3365 est
1467 3325 1539 3366 vane
1570 3326 1666 3382 neque
1694 3310 1725 3365 in
1746 3309 1892 3366 oblivione

1043 3399 1093 3456 uei
1118 3399 1286 3468 exercende,
1317 3398 1385 3472 quia
1412 3399 1462 3471 qui
1485 3396 1637 3454 mulierem
1663 3398 1700 3454 de
1722 3398 1783 3454 viro
1812 3398 1891 3466 tulit,

1043 3489 1276 3561 cunjunctionem
1311 3490 1395 3544 istum
1429 3489 1503 3544 bene
1531 3495 1561 3544 et
1597 3490 1717 3544 honeste
1755 3487 1893 3557 instituit,

1042 3576 1176 3634 videlicet
1224 3593 1340 3633 carnem
1376 3577 1411 3632 de
1452 3593 1537 3632 carne
1583 3577 1721 3632 formans.
1765 3576 1894 3647 Quapro-

1043 3671 1107 3738 pter
1129 3672 1160 3722 ut
1185 3667 1274 3722 Adam
1304 3673 1333 3722 et
1362 3667 1417 3721 Eva
1457 3682 1523 3721 caro
1547 3682 1606 3722 uua
1632 3665 1822 3733 exstiterunt,
1851 3665 1895 3720 sic

1043 3761 1072 3811 et
1097 3771 1174 3810 nunc
1199 3756 1243 3810 vir
1271 3761 1300 3810 et
1326 3754 1430 3811 mulier
1457 3771 1523 3810 caro
1554 3771 1611 3810 una
1635 3756 1664 3810 iu
1688 3753 1894 3825 conjunctione
1977 3821 1978 3824 Ἴ

1043 3843 1190 3906 charitatis
1214 3843 1249 3900 ad
1277 3844 1528 3917 multiplicandum
1550 3860 1640 3916 genus
1657 3844 1817 3899 humanum
1833 3843 1895 3897 eru-

1043 3933 1168 3990 ciuntur.
1200 3933 1233 3988 Et
1257 3933 1322 3988 ideo
1351 3933 1476 4004 perfecta
1506 3932 1627 3988 charitas
1651 3933 1681 3988 in
1708 3932 1753 3987 his
1779 3932 1894 3988 duobus

1043 4037 1104 4078 esse
1115 4022 1210 4091 dehet,
1225 4022 1470 4094 quemadmodum
1485 4027 1514 4077 et
1528 4021 1623 4077 inillis
1634 4021 1788 4093 prioribus.
1800 4020 1893 4076 Adam

1044 4110 1121 4166 enim
1135 4125 1255 4165 uxorem
1270 4126 1351 4165 suant
1364 4111 1481 4181 culpare
1495 4115 1603 4182 posset,
1626 4110 1703 4181 quod
1732 4109 1758 4163 ei
1774 4108 1894 4164 consilio

141 4193 989 4268 temQuare‘tOuoniamserpentemmagisassimilarisibi
1008 4199 1096 4255 tisuu
1123 4203 1247 4254 mortem
1275 4197 1382 4268 intulit,
1412 4199 1462 4254 sed
1493 4203 1591 4255 tamen
1613 4215 1677 4254 earn
1707 4214 1765 4253 non
1785 4197 1897 4253 dimisit

141 4299 229 4355 quam
245 4282 323 4338 aliud
340 4282 446 4338 animal
458 4281 612 4348 intellexit;
624 4282 735 4338 studuit
748 4289 779 4337 ut
792 4284 822 4338 in
839 4283 990 4339 dolositate
1045 4287 1173 4360 quandiu
1188 4287 1219 4342 in
1232 4287 1287 4342 hoc
1298 4289 1402 4342 secolo
1416 4287 1496 4355 vixit,
1512 4288 1649 4360 quoniam
1672 4288 1751 4343 illam
1773 4287 1826 4342 sibi
1840 4303 1896 4358 per

141 4371 220 4426 illius
230 4372 284 4426 hoc
296 4371 406 4426 occulte
421 4370 572 4442 perliceret
587 4372 663 4442 quod
678 4371 708 4424 in
722 4370 813 4425 turma
827 4387 878 4426 sue
892 4375 990 4443 aperte
1045 4375 1173 4431 divinam
1187 4375 1345 4446 potentiam
1366 4375 1463 4430 datam
1482 4391 1543 4430 esse
1566 4373 1709 4446 cognovit.
1734 4373 1813 4429 Unde
1828 4389 1898 4444 pru-

141 4459 287 4532 complere
311 4476 369 4515 non
390 4463 496 4530 posset.
527 4458 607 4514 Unde
626 4474 691 4513 cum
718 4458 808 4515 udam
829 4461 990 4516 etlivama
1045 4468 1109 4537 pter
1148 4463 1303 4536 perlectam
1337 4463 1505 4520 charitatem
1537 4480 1596 4518 non
1625 4464 1771 4534 relinquat
1807 4462 1896 4518 honlo

142 4549 229 4604 vetita
252 4548 307 4604 sibi
333 4549 435 4604 arbore
455 4564 485 4602 se
502 4551 629 4602 evenere
653 4552 682 4602 et
702 4547 799 4603 anima
820 4552 849 4604 et
872 4564 990 4620 corpore
1045 4567 1163 4608 uxorem
1187 4568 1278 4620 suam,
1320 4551 1375 4608 nisi
1409 4557 1527 4625 propter
1552 4551 1753 4608 rationabilem
1779 4567 1896 4607 causam

141 4638 299 4708 conspexit,
326 4638 356 4693 in
379 4635 533 4708 semetipso
562 4635 702 4692 intellexit
722 4653 772 4692 eos
797 4636 837 4693 ibi
860 4637 991 4693 divinum
1045 4641 1234 4713 illam,quam
1262 4640 1317 4696 sibi
1344 4641 1438 4697 tidelis
1464 4642 1585 4697 Ecclesia
1597 4641 1743 4713 pmponit.
1761 4641 1817 4696 Nec
1835 4656 1897 4696 om·

142 4731 318 4799 preceptum
334 4726 449 4793 habere,
463 4730 491 4781 et
504 4725 582 4797 quod
596 4725 626 4779 in
641 4726 736 4796 primo
751 4742 837 4796 opere
857 4727 935 4798 quud
946 4728 991 4783 in·
1045 4730 1115 4785 nino
1140 4729 1243 4785 divisio
1261 4729 1293 4784 in
1315 4729 1372 4785 illis
1400 4729 1451 4785 liat
1467 4746 1474 4786 :
1506 4731 1560 4785 nisi
1575 4729 1659 4785 ambo
1675 4745 1733 4785 uua
1752 4735 1848 4784 menta
1863 4729 1895 4785 in

140 4814 280 4887 cipereut,
304 4815 381 4887 ipsos
407 4813 542 4869 facillime
570 4813 714 4885 dejiceret.
745 4814 893 4870 Nesciebat
913 4815 990 4869 enim
1046 4817 1148 4871 Filium
1176 4831 1274 4872 meum
1310 4816 1454 4871 voluerint
1487 4816 1639 4888 respicere,
1665 4815 1754 4871 sicin
1781 4815 1895 4871 ardenti

143 4903 276 4959 arborem
286 4903 366 4959 illam
382 4903 498 4958 vetitam
517 4919 579 4957 esse
594 4902 737 4974 nisiquod
759 4902 813 4958 hoc
832 4903 992 4959 secundum
1045 4920 1144 4961 amore
1162 4903 1243 4960 illius
1262 4905 1399 4960 dicentes.
1417 4903 1554 4960 Volumus
1573 4904 1715 4962 mundun:
1730 4904 1895 4977 relinquere

141 4990 343 5063 probationem
369 4992 474 5048 dolose
498 4990 735 5062 interrogationis
756 5007 825 5061 sure,
841 4996 870 5048 et
893 5007 992 5047 secun·
1046 4999 1074 5049 et
1088 4994 1170 5048 illum
1185 4989 1278 5066 seqdi,
1302 4993 1352 5066 qui
1376 4993 1527 5066 pronubis
1550 5010 1649 5066 pessus
1665 4998 1717 5050 est.
1732 4993 1847 5059 Quodsi
1864 4993 1896 5049 hi

141 5077 210 5135 dum
243 5096 380 5153 respousa
403 5095 503 5136 corum
527 5079 653 5151 agnovit.
676 5078 859 5152 Quapropter
881 5078 912 5134 in
929 5079 992 5152 ipsa
1046 5081 1103 5136 duo
1122 5081 1153 5136 in
1168 5096 1226 5137 nna
1243 5080 1393 5136 devotione
1416 5079 1590 5137 dissentiunt
1604 5087 1637 5137 ut
1652 5081 1793 5137 mundum
1810 5081 1895 5137 relin-

141 5167 218 5222 clere
238 5168 357 5238 ragione
388 5167 538 5224 candidam
567 5166 674 5223 nubem
702 5168 778 5240 (quea
809 5168 844 5224 de
870 5168 993 5240 pulchra
1044 5174 1146 5243 quant,
1172 5176 1242 5225 tunc
1267 5187 1296 5226 se
1325 5170 1445 5227 omnino
1469 5170 1504 5226 ab
1533 5171 1656 5227 invicem
1672 5186 1731 5226 non
1746 5173 1891 5244 separent,

141 5253 235 5310 turma
248 5257 374 5312 hominis
387 5258 529 5328 plurimas
544 5257 642 5312 stellas
656 5256 687 5311 in
701 5273 732 5312 se
747 5257 898 5312 continens
918 5257 992 5313 exie·
1046 5259 1114 5332 quia
1128 5264 1161 5315 ut
1175 5260 1323 5332 sanguise
1341 5277 1425 5316 carue
1441 5261 1568 5334 separari
1584 5277 1641 5317 nou
1656 5265 1752 5333 potest
1767 5260 1895 5333 quandiu

142 5346 197 5411 rat)
217 5359 269 5415 per
296 5346 432 5402 nebulam
454 5346 633 5403 teterrimam
657 5346 775 5416 etttant,
801 5344 938 5419 quoniam
960 5346 992 5402 in
1046 5347 1163 5419 spiritus
1190 5349 1286 5404 inille
1309 5353 1414 5414 manet,
1440 5349 1480 5407 ita
1499 5367 1552 5406 nec
1570 5349 1690 5406 maritus
1708 5365 1760 5406 nec
1777 5365 1850 5405 uxor
1864 5366 1894 5404 se

144 5431 248 5489 eodem
268 5435 442 5492 amoenitetis
460 5435 524 5492 lucu
546 5435 634 5493 Eram
654 5435 836 5492 innocentem
862 5434 993 5493 mimum
1046 5436 1083 5492 ab
1107 5434 1231 5494 invicem
1254 5436 1395 5508 dividant,
1418 5437 1468 5495 sed
1493 5439 1580 5495 amul
1604 5437 1635 5495 in
1664 5453 1723 5495 une
1747 5437 1893 5494 vuluntate
