3984 6034
85 196 141 250 eoa
746 193 930 253 EPISTOLAE.
942 193 1098 254 -aulsn
1118 193 1174 250 tlt.
1785 195 1842 250 270

86 325 234 380 mnndum
248 325 445 394 illustraverit,
468 325 589 398 dignum
610 323 753 394 duximus,
774 325 842 381 licet
861 324 939 381 indi·
957 325 1109 392 Aruhere,
1135 330 1165 380 et
1183 327 1289 379 vestem
1322 339 1416 380 meniu
1450 329 1480 380 ut
1502 323 1599 398 fulgur
1627 340 1786 394 coruscare,
1808 341 1841 382 ac

85 413 148 484 gni,
163 420 267 470 vestrm
291 414 434 470 sanctitati
457 414 578 470 obtentu
592 413 779 470 fraternitatis
793 431 847 470 uos
861 430 939 470 com·
993 413 1114 485 pallium
1136 429 1232 468 meum
1257 417 1289 467 ut
1309 412 1447 485 pretiosos
1467 413 1576 485 lapides
1598 413 1719 482 radiare,
1736 415 1840 472 etcal-

86 502 214 558 mittere.
239 503 275 558 Et
289 507 365 557 certe
387 501 455 573 quia
480 517 532 556 nos
558 501 660 557 ultima
681 500 786 556 Christi
811 501 940 558 membra
993 507 1140 556 ceameuta
1163 517 1228 556 mea
1248 507 1280 556 ut
1303 501 1458 558 candorem
1480 502 1602 572 fulgere,
1623 501 1725 559 faciem
1745 517 1838 558 meam

84 591 238 646 vobiscum
266 590 326 647 fore
357 590 511 660 credimus,
544 589 668 649 fidenter
697 589 830 656 dicimus,
860 589 939 662 quod
993 592 1111 661 pulvere
1134 598 1367 662 consperserunt,
1392 596 1422 646 et
1439 595 1547 646 vestem
1570 607 1663 646 meam
1683 590 1839 660 sciderunt,

87 678 233 751 quidquid
256 679 286 733 in
308 679 371 750 ejus
390 677 509 734 nomine
530 694 580 732 vos
601 677 756 750 poscimus,
777 693 842 733 cum
869 693 940 749 prm·
992 678 1171 752 palliumque
1204 695 1300 736 meum
1331 680 1499 735 umbrosum
1519 679 1657 748 feceruut,
1680 685 1710 736 at
1731 681 1840 736 calcca-

86 771 162 822 stare
179 767 313 839 potestis,
337 783 396 822 non
419 767 530 838 uegetis
550 766 769 840 postulantibus.
793 767 939 836 Rogamus
994 772 1091 822 mente
1109 767 1344 839 denigraverunt,
1360 772 1390 822 at
1411 767 1462 839 qui
1477 782 1523 822 me
1544 766 1652 839 ubique
1675 782 1778 823 ornare
1792 767 1841 823 de-

86 871 156 930 ergo
182 855 390 927 benignitatem
413 861 549 924 vestram,
572 861 663 911 mater
684 859 712 911 et
726 871 831 928 sponsa
853 854 938 925 hgni,
992 855 1124 924 buerant,
1148 872 1194 912 me
1214 857 1244 911 in
1259 855 1393 912 omnibus
1415 857 1460 912 his
1483 855 1683 912 destituerunt.
1704 856 1775 911 Nam
1797 856 1840 912 fa·

87 949 233 1018 quatenus
253 944 286 1000 iu
305 945 407 1001 vestris
439 944 618 1001 orationibus
639 945 729 1000 nostri
750 942 940 1000 memineritis
992 944 1066 1000 ciem
1082 961 1177 1001 meam
1195 962 1249 1018 per
1259 946 1313 1002 hoc
1336 943 1495 1014 sordidant,
1513 945 1592 1018 quod
1606 961 1710 1017 corpus
1732 949 1761 1000 et
1774 960 1840 1002 sen·

87 1033 273 1104 propensius,
290 1038 368 1088 certa
386 1033 421 1088 de
439 1034 555 1101 nostris,
572 1031 594 1086 si
619 1032 688 1104 qnid
712 1035 835 1103 possunt
862 1029 938 1102 apud
993 1033 1112 1105 guinem
1136 1033 1235 1106 sponsi
1262 1034 1320 1090 mai
1348 1050 1414 1091 curn
1431 1049 1536 1106 magua
1555 1032 1740 1090 immunditia
1759 1032 1840 1088 lasci·

88 1121 193 1188 iteum,
208 1123 286 1194 quod
302 1121 379 1177 inter
389 1122 531 1177 orandum
545 1137 660 1192 semper
669 1121 757 1176 vestri
770 1121 939 1176 memoriam
991 1121 1046 1178 viae
1072 1138 1185 1178 morum
1209 1138 1336 1191 suorum,
1361 1129 1390 1180 et
1413 1121 1841 1195 magnaspurcitiaforuicatio

87 1209 229 1266 faciemus
251 1209 369 1283 (Philip.
392 1213 421 1280 ι).
452 1210 553 1265 adhue
576 1225 662 1266 unam
690 1208 861 1282 petitionem
889 1225 940 1264 vos
992 1227 1063 1266 num
1086 1215 1114 1266 et
1136 1211 1353 1280 adulteriorum,
1379 1217 1408 1266 et
1429 1211 1556 1283 pessima
1576 1211 1677 1284 rapina
1703 1209 1840 1278 avaritie,

89 1304 190 1370 petere
212 1299 427 1370 presumimus,
452 1299 559 1354 scilicet
580 1304 614 1354 ut
628 1298 714 1353 verba
740 1314 816 1370 que,
831 1297 939 1369 Spiritu
992 1299 1143 1356 vendendo
1156 1305 1186 1354 et
1199 1300 1453 1373 emendoqutequa
1467 1299 1699 1358 inconvenientia
1718 1302 1843 1355 tractant

89 1393 187 1442 eructo
212 1404 261 1442 vus
282 1390 411 1456 docente,
438 1387 522 1443 nohis
545 1393 575 1442 at
595 1387 658 1442 aliis
674 1386 896 1460 quamplurimis
910 1387 938 1440 ln
993 1395 1022 1443 et
1039 1386 1192 1460 accipiunt,
1217 1394 1302 1460 atque
1326 1393 1405 1444 touta
1428 1390 1511 1445 sorde
1536 1389 1772 1456 circumvolvunt,
1784 1388 1841 1443 vel·

90 1476 243 1546 llyrcheim
265 1477 465 1546 presentibus,
491 1477 526 1532 de
551 1476 725 1548 negligentia
746 1474 938 1542 sacerdotum,
994 1481 1026 1532 ot
1039 1479 1064 1533 si
1077 1477 1172 1533 infans
1189 1478 1220 1534 in
1242 1477 1336 1534 lutum
1362 1483 1428 1534 ante
1448 1495 1550 1551 porcos
1573 1482 1739 1550 poneretur.
1762 1475 1841 1534 Sicut

90 1581 179 1635 quam
204 1566 236 1619 in
254 1565 350 1620 divino
378 1563 516 1621 sacrificiu
543 1565 659 1632 hahent,
692 1562 853 1636 aperuistis,
878 1579 938 1618 ma·
993 1567 1071 1622 euim
1085 1566 1184 1634 homo,
1199 1583 1264 1622 cum
1290 1568 1363 1622 heus
1377 1568 1471 1640 ipsum
1488 1568 1524 1623 de
1539 1567 1608 1623 limo
1622 1571 1706 1622 terrm
1719 1566 1796 1633 facit,
1812 1572 1842 1622 et

89 1658 173 1708 terna
205 1653 314 1724 pietate
344 1653 426 1709 nohis
457 1653 579 1710 scribere
611 1658 640 1708 et
661 1652 856 1708 transmittere
880 1667 939 1707 non
958 1634 1138 1710 Binfaciem
1158 1655 1220 1727 ejus
1241 1655 1417 1727 spiraculum
1434 1656 1500 1712 vitae
1522 1655 1674 1728 inspiravit
1696 1655 1775 1726 (Gen.
1800 1653 1840 1725 n),

89 1741 305 1813 negligatis,ne
319 1760 336 1797 a
350 1743 491 1797 memoria
505 1747 603 1798 nostra
617 1740 777 1806 elabantur,
797 1741 847 1796 sed
864 1744 941 1796 uter
994 1758 1062 1798 mox
1086 1759 1152 1799 caro
1181 1749 1209 1798 et
1235 1743 1351 1815 sanguis
1374 1745 1465 1800 factus
1495 1749 1547 1812 est,
1572 1744 1611 1799 ita
1632 1744 1719 1798 etiam
1741 1743 1841 1798 eadem

93 1831 233 1885 attentius
256 1847 317 1901 pree
351 1831 441 1886 oculis
465 1831 571 1886 nostris
600 1830 773 1896 heheamns;
801 1829 940 1901 quoniam
994 1829 1082 1886 virtus
1099 1830 1159 1901 llci,
1182 1830 1356 1887 oblationem
1381 1831 1462 1904 panis
1487 1836 1515 1887 et
1534 1831 1593 1887 uini
1608 1834 1636 1886 et
1657 1845 1740 1902 aquae
1755 1845 1842 1901 super

90 1935 156 1973 cum
172 1920 295 1973 terrenis
310 1925 340 1973 et
354 1919 538 1974 saecularibus
553 1919 644 1974 causis
666 1919 834 1990 plusquam
857 1934 939 1990 opus,
993 1919 1093 1986 altare,
1118 1918 1154 1974 ad
1180 1917 1267 1974 verba
1290 1918 1444 1975 sacerdotis
1469 1918 1648 1976 divinitatem
1670 1917 1841 1982 invocantis,

90 2004 251 2072 inhiamus,
282 2007 367 2061 verba
395 2006 560 2061 transitorie
593 2006 624 2062 in
653 2013 771 2062 ventum
794 2006 942 2062 multoties
995 2005 1026 2062 in
1041 2021 1137 2062 veram
1161 2023 1278 2062 carnem
1302 2012 1443 2062 etverum
1463 2006 1635 2079 sauguinem
1660 2005 1777 2075 Christi,
1797 2005 1844 2058 ri·

90 2095 273 2165 negligenter
296 2094 464 2150 emittimus.
491 2096 589 2150 Valeat
616 2100 747 2152 materna
770 2095 885 2151 dilectio
909 2094 941 2151 in
994 2094 1098 2150 delicet
1125 2095 1224 2166 spousi
1246 2096 1302 2150 mei
1328 2093 1471 2164 transfert,
1498 2095 1576 2168 quod
1604 2099 1701 2151 tamen
1725 2099 1844 2166 pmpter

91 2182 184 2239 vobis.
994 2183 1152 2239 caecitatem
1176 2183 1261 2250 hanc,
1294 2197 1352 2253 qua
1374 2181 1462 2238 homo
1487 2181 1517 2238 in
1540 2197 1607 2238 casu
1627 2181 1695 2238 etdae
1723 2185 1843 2236 cecatus

289 2271 477 2329 Responsio
503 2273 745 2330 fllthaunttuts.
995 2277 1046 2339 est,
1063 2272 1152 2327 homo
1162 2271 1325 2327 carnalibus
1340 2270 1429 2326 oculis
1439 2271 1535 2326 ridere
1548 2287 1608 2326 uon
1620 2274 1723 2343 potest.
1741 2271 1844 2325 Fixura

90 2376 232 2433 Ecclesia
244 2376 402 2450 inrupiaem
415 2377 525 2433 inducit
551 2377 665 2434 uerelar
676 2376 866 2450 munierimus
878 2395 941 2435 m.
994 2376 1121 2432 namque
1145 2359 1294 2415 vulnerum
1319 2358 1417 2430 sponsi
1432 2358 1489 2414 mei
1514 2374 1612 2414 recem
1625 2363 1654 2414 et
1667 2363 1766 2430 aperta
1787 2363 1839 2425 est,

126 2452 175 2502 tra
194 2448 505 2520 peccaturucerdotum
540 2447 682 2503 audentis.
707 2449 797 2504 Vario
811 2448 941 2522 praedicit
994 2449 1122 2522 quandiu
1152 2449 1270 2503 vulnera
1302 2451 1483 2518 peccatorum
1514 2445 1667 2502 hominum
1691 2445 1842 2518 patebunt.

126 2534 191 2590 ‘1¹⁸2
199 2519 303 2575 ⁸2⁶¹¹l⁰
311 2535 356 2576 ¹⁹¹
370 2519 486 2575 ΟΜΝ)
496 2518 619 2592 imple&
628 2522 705 2574 mni·
995 2537 1061 2592 llaec
1074 2536 1175 2592 eadem
1197 2537 1315 2591 vulnera
1338 2534 1443 2591 Christi
1457 2534 1629 2602 sacerdotes,
1648 2534 1700 2606 qui
1715 2550 1760 2590 me
1780 2550 1845 2589 can-

127 2627 162 2680 Iu
179 2625 254 2682 lecto
274 2627 455 2699 egritudinis
475 2627 524 2682 diu
545 2629 656 2697 jacens,
686 2643 761 2681 anuo
785 2625 941 2682 Dominicar
995 2624 1091 2680 didam
1117 2623 1219 2692 facere,
1239 2623 1354 2682 etmihi
1370 2623 1400 2678 in
1423 2623 1548 2680 caudore
1562 2623 1669 2679 servire
1692 2623 1843 2689 deberent,

91 2714 302 2769 lucarnationis
337 2715 490 2771 millesimo
530 2715 687 2770 centesimo
718 2714 940 2786 septuagesimo,
995 2713 1026 2768 in
1042 2712 1132 2768 nimia
1151 2711 1270 2767 avaritia
1294 2728 1346 2767 sua
1367 2711 1402 2768 de
1430 2711 1557 2768 Eccledis
1577 2712 1611 2767 ad
1633 2711 1772 2767 Ecclesiae
1787 2709 1845 2766 dis·

90 2801 151 2856 ridi
164 2801 291 2873 vigilans
307 2818 427 2875 corpore
450 2809 479 2858 at
493 2802 601 2871 animo,
622 2802 847 2874 pulcherrimam
866 2802 942 2858 ima-
995 2805 1143 2858 currentes
1166 2798 1372 2856 contaminant.
1398 2801 1510 2856 Vestem
1537 2815 1653 2873 quoque
1680 2815 1774 2856 meam
1793 2815 1847 2871 per

91 2893 202 2962 ginem‚
223 2889 392 2948 muliebrem
410 2891 534 2948 formam
557 2892 722 2962 habentem,
746 2907 811 2964 quae
830 2893 941 2947 electis·
961 2890 1050 2983 fhoc
1064 2889 1199 2944 scindunt
1212 2887 1348 2961 quoniam
1371 2888 1603 2960 prevaricatores
1623 2889 1694 2960 legis
1708 2895 1736 2944 at
1750 2889 1844 2944 Evan-

93 2980 168 3034 sima
197 2980 228 3035 iu
252 2981 401 3048 suavitate,
421 2986 450 3037 at
470 2981 637 3037 charissima
660 2981 690 3036 iu
720 2981 832 3037 deliciis
855 2984 942 3035 tantae
973 2965 1337 3051 ‘geliiacsacerdotiisui
1356 2981 1432 3046 sunt,
1448 2983 1477 3034 et
1493 2977 1612 3049 pallium
1632 2993 1729 3034 meum
1744 2977 1775 3032 lu
1793 2976 1846 3032 hoc

94 3069 319 3141 pulchritudinis
340 3075 410 3139 erat,
435 3075 468 3125 ut
492 3085 556 3125 eam
578 3071 707 3126 humana
727 3085 808 3125 mens
828 3085 941 3143 nequa·
998 3067 1157 3134 obfuscant,
1181 3067 1250 3139 qula
1266 3071 1412 3139 praecepte
1432 3079 1496 3139 quae
1511 3065 1540 3123 iu
1564 3065 1604 3122 ais
1623 3065 1754 3122 instituta
1767 3069 1846 3134 sunt,

94 3174 183 3230 quam
218 3159 460 3231 comprehendere
491 3160 608 3227 valeret,
634 3163 663 3214 et
692 3157 774 3228 cnjus
797 3162 944 3214 statinae
996 3174 1049 3229 per
1063 3156 1161 3214 omnia
1175 3155 1336 3228 negligunt,
1355 3170 1408 3212 nec
1427 3171 1462 3212 ea
1476 3155 1505 3211 in
1527 3155 1702 3212 abstinentia
1718 3156 1797 3210 velut
1815 3155 1846 3210 in

93 3253 172 3303 terra
191 3263 282 3319 usque
301 3248 337 3304 ad
364 3249 467 3304 coelum
493 3247 686 3321 pertingebat.
710 3247 805 3303 Facies
825 3264 944 3320 quoque
998 3245 1159 3318 smaragdo,
1181 3259 1235 3300 nac
1254 3244 1285 3300 iu
1318 3243 1470 3316 largitione
1494 3245 1741 3315 eleemosynarum
1768 3243 1848 3298 velut

93 3336 188 3408 ipsius
213 3337 343 3392 maxima
365 3337 496 3393 claritate
519 3337 635 3405 ellulsit,
658 3341 687 3392 et
707 3337 807 3392 oculus
829 3337 893 3408 ejus
912 3335 945 3392 in
998 3335 1029 3390 in
1057 3333 1204 3406 sapphiro,
1233 3349 1287 3390 nec
1312 3332 1342 3388 ln
1361 3332 1425 3388 aliis
1446 3333 1529 3388 bouis
1553 3337 1582 3388 et
1603 3332 1688 3404 justis
1710 3330 1848 3403 operibus

94 3426 201 3480 coeium
224 3427 345 3498 aspexit.
375 3425 586 3484 Candidissima
610 3425 697 3482 ctiam
720 3431 795 3481 veste
819 3441 855 3482 er
878 3425 944 3480 alho
999 3423 1117 3495 (quibus
1136 3425 1209 3478 heus
1241 3423 1318 3478 velut
1340 3421 1402 3478 allis
1421 3421 1575 3495 generibus
1599 3437 1779 3494 gemmarum
1798 3421 1848 3478 ho

93 3513 187 3568 serico
204 3512 389 3578 induebatur,
405 3519 435 3570 et
449 3516 537 3586 pallio
558 3513 774 3586 pretiosissimis
789 3510 943 3585 lapidibus,
998 3513 1129 3584 noratur)
1145 3511 1222 3568 bone
1236 3512 1381 3566 voluntate
1398 3515 1428 3566 et
1443 3511 1571 3583 perfecto
1586 3526 1674 3583 opere
1688 3509 1846 3582 complent.

94 3601 205 3656 scilicet
223 3603 388 3676 smaragdo,
412 3603 558 3675 sapphiro,
582 3603 674 3658 baccis
695 3617 811 3674 quoque
825 3607 945 3658 etmar·
998 3599 1053 3656 Sed
1085 3603 1113 3655 et
1142 3599 1332 3654 calceamenta
1375 3613 1440 3652 mea
1476 3597 1609 3668 superins
1646 3597 1848 3669 denigrantur,

93 3688 198 3761 geritis
222 3694 323 3747 ornato
342 3690 584 3760 circumdabatur,
604 3691 795 3745 calceamenta
818 3706 851 3744 ex
870 3705 945 3761 ony-
1000 3687 1137 3761 quoniam
1152 3687 1207 3758 ipsi
1228 3703 1280 3742 nec
1296 3691 1371 3740 recta
1391 3686 1508 3750 scilicet,
1525 3703 1578 3742 nec
1606 3686 1678 3741 dura
1692 3692 1722 3741 et
1747 3700 1849 3757 aspera

94 3778 184 3845 chiac
207 3781 285 3837 circa
306 3780 394 3854 pedes
412 3780 530 3836 habens.
551 3780 606 3838 seu
637 3779 723 3836 facies
743 3779 804 3852 ejus
828 3779 945 3850 pulvere
996 3777 1116 3849 justitiae
1138 3776 1240 3830 itinera
1265 3775 1383 3840 habeut,
1406 3789 1457 3828 nec
1481 3773 1556 3829 burra
1575 3775 1706 3844 exempla
1727 3773 1849 3828 subditis

94 3891 213 3948 aspersa
232 3875 304 3938 erat,
321 3876 351 3926 et
363 3870 448 3926 vestis
467 3870 498 3924 in
517 3869 635 3926 dextero
659 3869 748 3924 latere
772 3868 858 3924 scissa
880 3868 946 3924 fua·
1000 3867 1058 3922 suis
1086 3864 1225 3936 prebent,
1257 3879 1322 3918 cnm
1345 3867 1441 3918 tamen
1472 3862 1571 3916 subtus
1593 3863 1622 3917 in
1649 3861 1850 3918 calceamentis

93 3972 151 4032 rat,
173 3966 261 4035 atque
284 3959 405 4032 pallium
426 3960 488 4030 ejus
513 3960 676 4030 elegantem
700 3957 946 4031 pulchritudinem
1002 3955 1074 4012 meis
1096 3954 1178 4025 quasi
1205 3952 1233 4008 in
1263 3957 1372 4007 secrete
1394 3967 1459 4006 meo
1486 3951 1640 4007 candorem
1668 3950 1796 4006 veritatis
1818 3949 1848 4004 in

93 4070 180 4110 suam
215 4050 360 4118 amiserat,
392 4054 421 4103 et
454 4049 647 4104 calceamenta
676 4046 766 4120 ipsius
799 4047 947 4119 denigrata
1002 4041 1146 4114 aliquibus
1170 4041 1300 4096 habeam.
1316 4038 1509 4112 falsiquippe
1525 4039 1728 4096 sacerdotesin
1748 4042 1850 4094 semet·

93 4147 191 4197 erant.
205 4141 240 4196 at
257 4140 320 4211 ipsa
333 4154 402 4192 voce
416 4152 524 4208 magna
540 4141 569 4192 et
582 4135 700 4208 lugubri
712 4136 742 4190 in
765 4134 946 4191 altitudinem
1002 4128 1071 4202 ipsis
1094 4129 1205 4201 decepti
1232 4132 1309 4195 svrnt,
1331 4127 1469 4200 quoniam
1497 4127 1637 4184 honorem
1667 4127 1851 4184 sacerdotalis
1920 4125 1935 4144 ⁸

93 4231 163 4288 coeli
184 4227 336 4292 clamabat,
364 4225 479 4282 dicens:
506 4224 590 4294 nudi,
614 4226 729 4292 coelum,
758 4224 836 4297 quod
862 4223 947 4280 facies
966 4208 1089 4274 llofficti
1109 4219 1170 4274 sine
1190 4233 1277 4289 opere
1295 4217 1401 4273 habere
1416 4217 1526 4280 volunt,
1543 4216 1618 4288 quod
1639 4231 1701 4272 essa
1725 4232 1784 4271 nou
1798 4232 1850 4288 po-

94 4335 165 4377 mea
187 4316 336 4372 sordidata
349 4321 406 4382 est;
422 4320 461 4382 et,
486 4319 571 4382 terra,
588 4313 666 4385 luge,
683 4313 759 4385 quod
776 4313 860 4367 restis
884 4329 948 4368 mea
1002 4311 1066 4376 test,
1088 4306 1156 4378 quia
1169 4306 1241 4362 nulli
1258 4322 1376 4370 merces,
1392 4304 1448 4360 nisi
1463 4306 1612 4376 premisso
1626 4305 1725 4361 labore
1744 4306 1851 4376 operis,

94 4410 187 4465 scissa
209 4410 271 4472 est;
294 4409 333 4472 et,
360 4404 472 4476 abysse,
502 4401 700 4470 contremisce,
734 4401 811 4473 quod
839 4401 947 4456 calcea-
1003 4395 1126 4452 dabitur.
1146 4393 1199 4450 Uhi
1225 4401 1320 4449 autem
1345 4393 1437 4464 gratia
1462 4391 1512 4448 llei
1527 4393 1677 4448 hominem
1692 4393 1795 4464 tangit,
1811 4393 1852 4448 ihi

94 4503 199 4554 menta
216 4511 282 4550 mea
294 4492 445 4563 denigrata
459 4496 537 4547 sunt.
558 4490 668 4563 Vulpes
682 4489 905 4557 recalceent,
920 4491 949 4544 et
1003 4485 1099 4557 ipsum
1126 4483 1249 4554 operari,
1284 4487 1314 4538 ot
1337 4480 1497 4536 mercedem
1529 4481 1658 4552 accipiat,
1680 4481 1756 4536 facit.
1780 4482 1851 4536 Cum

94 4586 232 4646 wlucrer
252 4580 318 4639 coeli
339 4579 422 4636 nidos
445 4579 553 4652 (narrt
576 4580 645 4651 vni),
669 4595 722 4651 ego
744 4583 840 4634 autem
865 4578 948 4649 adju·
1004 4574 1100 4645 itaque
1115 4571 1207 4628 varios
1228 4571 1351 4641 dolores,
1373 4567 1420 4643 qui
1437 4569 1603 4625 hominihus
1618 4569 1754 4626 contrarii
1773 4574 1851 4636 sunt,

94 4681 194 4732 torem
208 4677 237 4728 et
251 4670 458 4726 consolatorem
482 4685 540 4724 uon
561 4668 664 4736 habeo,
678 4682 732 4723 nec
752 4666 886 4722 baculum
905 4683 951 4721 su·
1006 4663 1035 4717 in
1055 4662 1163 4717 ultione
1189 4661 1238 4716 [lei
1256 4661 1345 4732 pluat.
1368 4663 1499 4715 ettotam
1525 4663 1632 4714 terram
1648 4659 1752 4714 nebula
1773 4658 1854 4714 obte-

95 4779 152 4838 per
172 4777 259 4834 quem
273 4758 449 4826 incumbam,
465 4762 523 4814 eta
544 4772 601 4828 quo
615 4761 766 4812 sustenter.
788 4756 822 4810 Et
835 4755 949 4826 ,iterum
1006 4756 1064 4824 gat,
1089 4749 1127 4805 ita
1151 4755 1183 4805 ut
1209 4749 1337 4804 viriditas
1352 4749 1415 4818 ejus
1431 4753 1552 4814 arescat,
1569 4752 1599 4802 et
1615 4751 1784 4802 ornamenta
1808 4746 1853 4818 ip·

96 4851 237 4908 dicebat:
253 4850 313 4921 Ego
337 4847 369 4902 iu
390 4847 474 4903 corde
493 4845 583 4918 patris
599 4845 681 4913 latui,
698 4860 848 4917 quousque
862 4843 951 4898 uilius
1006 4839 1065 4895 sius
1087 4838 1261 4905 fuscabant,
1287 4837 1405 4909 abyssus
1420 4853 1537 4908 quoqne
1557 4836 1767 4904 contremiscet,
1783 4851 1854 4907 quo·

95 4939 238 5008 hominis,
256 4937 351 5010 quiin
373 4935 538 5007 virginitate
561 4940 718 5006 conceptus
746 4938 774 4989 et
789 4938 875 4989 uatus
897 4937 949 5001 est,
1006 4927 1085 4982 niam
1111 4927 1142 4980 in
1172 4925 1282 4980 ultione
1304 4929 1333 4978 et
1359 4923 1456 4979 dolore
1482 4939 1546 4977 cum
1580 4923 1694 4978 coeloct
1718 4927 1795 4977 terra
1824 4923 1855 4978 iu

97 5029 276 5103 sanguinem
291 5025 473 5092 suumludit,
497 5024 547 5098 qui
576 5023 663 5080 etiem
678 5038 745 5078 cuim
760 5021 863 5078 eodem
889 5037 951 5077 san·
1007 5015 1135 5072 furorem
1158 5013 1330 5070 movebitur.
1356 5011 1501 5082 Principes
1533 5011 1609 5066 euim
1634 5016 1661 5066 et
1685 5009 1856 5066 temerarius

97 5120 191 5194 gnine
215 5133 261 5174 me
280 5115 334 5172 sihi
357 5113 541 5185 desponsavit
560 5118 589 5169 et
613 5112 731 5179 dotavit,
756 5116 898 5183 quatenus
922 5109 951 5164 in
1008 5105 1131 5178 populus
1156 5118 1241 5174 super
1257 5118 1354 5170 vos,o
1380 5104 1539 5156 sacerdotes
1566 5099 1628 5172 (qui
1649 5115 1694 5154 rna
1720 5099 1857 5153 hactenns

98 5228 176 5286 pura
207 5212 237 5264 et
267 5205 392 5277 simplici
424 5202 642 5275 regeneratione
663 5199 781 5274 spiritus
807 5205 952 5272 utaque,
1008 5193 1198 5266 neglexistis),
1218 5191 1339 5259 irruent,
1363 5196 1391 5247 et
1415 5206 1465 5244 vos
1487 5187 1624 5260 abjicient
1647 5192 1675 5242 et
1703 5187 1856 5259 fugabunt,

98 5300 265 5356 contractos
284 5299 314 5350 et
334 5291 543 5350 contaminatos
568 5307 585 5347 a
606 5305 709 5362 spuma
734 5288 885 5359 serpentis,
912 5302 955 5341 re·
1009 5289 1038 5339 at
1052 5281 1166 5338 divitias
1180 5287 1288 5337 vestras
1302 5279 1381 5336 vohis
1396 5278 1538 5345 auferent,
1565 5293 1618 5350 pro
1634 5292 1668 5331 eo
1693 5276 1769 5348 quod
1792 5281 1860 5332 tem-

100 5399 285 5462 generarem.
311 5381 428 5439 Nutritii
456 5387 556 5437 antam
586 5378 654 5447 mei,
676 5375 809 5434 videlicet
825 5375 956 5432 sacerdo·
1010 5389 1065 5444 pus
1085 5369 1269 5428 sacerdotalis
1294 5367 1382 5424 oflicii
1400 5366 1489 5423 vestri
1504 5380 1566 5421 nou
1587 5364 1759 5420 attendistis.
1777 5365 1810 5422 ut
1825 5365 1860 5420 de

100 5484 158 5548 tes,
170 5473 223 5550 qui
236 5473 339 5530 faciem
358 5486 453 5527 meam
467 5469 561 5526 fucere
575 5467 716 5528 deberent
729 5465 809 5522 velut
821 5479 956 5520 auroram
1011 5459 1091 5517 vohis
1113 5460 1230 5516 dicent:
1249 5457 1399 5515 Adulteros
1423 5455 1492 5510 istos
1512 5458 1540 5510 et
1560 5457 1691 5527 raptores
1710 5456 1738 5512 et
1758 5454 1862 5525 plenos
