3984 6034
69 193 125 246 soe
693 190 835 248 sctttas'.
848 186 949 247 -blB.
970 188 1020 258 ΙΙΙ,
1042 189 1132 248 VlSiO
1153 191 1196 246 lV.
1528 254 1531 260 Ι
1635 261 1637 265 ,
1766 195 1818 247 eost

68 327 215 384 mundum
235 324 406 396 illustrante,
428 325 479 400 qui
492 325 523 383 iu
538 341 591 382 suo
604 324 694 384 letare
716 327 799 384 ualde
820 327 911 395 ardet,
930 325 1087 384 erationis
1110 341 1169 384 suae
1191 341 1257 384 carm
1278 326 1386 385 bouum
1407 333 1555 400 operetur,
1578 331 1622 385 est
1648 327 1820 386 robustioris

67 417 150 472 velut
165 416 301 472 meridies
311 415 342 471 in
355 415 452 471 electis
466 415 536 470 suis.
970 415 1158 486 fortitudinis,
1175 417 1313 488 quoniam
1327 417 1451 489 Spiritus
1468 421 1581 473 sanctus
1593 431 1660 474 cam
1674 422 1819 489 pertrans·

105 506 140 559 Et
158 505 305 560 incedam
328 505 480 576 splendore
500 505 530 559 in
550 511 609 560 tam
633 520 767 577 magnam
789 505 915 560 latitudi·
970 505 1023 561 ivit
1041 505 1183 561 infusione
1211 522 1271 573 sua,
1292 505 1322 560 iu
1344 521 1401 577 qua
1425 509 1522 561 temen
1546 510 1685 576 operante
1712 507 1816 562 virtute

65 609 136 649 uem
155 609 185 650 se
215 594 403 662 diffundente,
425 593 566 666 conspicis
588 595 742 664 apostolus,
765 600 914 665 martyres,
970 594 1104 666 frequens
1118 611 1179 649 esse
1203 611 1261 649 uon
1284 599 1388 667 potest.
1409 594 1488 649 Unde
1512 595 1617 649 iterum
1637 595 1816 650 constrictio·

65 682 255 749 confessores,
288 682 412 753 uirgines
434 686 521 754 atque
541 683 612 738 alios
642 683 781 755 plurimos
805 688 916 739 sanctes
970 681 1009 737 ris
1033 683 1087 739 erit
1110 683 1231 751 virtutis,
1262 683 1344 755 quasi
1360 683 1389 736 in
1408 682 1465 737 line
1487 682 1582 754 aperis
1601 698 1652 753 per
1673 681 1814 754 fragitita-

66 771 100 825 iu
124 786 232 842 magno
255 771 361 842 gaudie
380 770 610 838 deambulantee;
631 774 700 843 quia
720 772 916 843 inperspieue
971 777 1029 827 tem
1053 771 1146 827 carnis
1164 787 1232 826 suae.
1260 772 1304 827 Sic
1319 787 1433 843 semper
1451 771 1565 826 extendi
1588 771 1770 827 deberemus
1789 787 1820 826 se

66 858 191 924 lemine,
212 860 281 914 dom
297 858 386 914 Vilius
407 875 487 914 meus
502 860 557 914 fuit
569 860 730 930 praedicans
747 865 777 915 et
795 861 916 916 dilatans
971 859 1128 916 munientis
1143 859 1322 916 contravitia
1338 860 1488 915 diabolica.

67 948 170 1003 lumen
194 947 333 1010 veritatis,
352 947 417 1002 iacti
440 951 509 1002 sunt
530 948 651 1019 apostoli
672 947 916 1004 administratores
1006 949 1088 1014 Quod
1106 956 1203 1004 autem
1223 949 1253 1004 iu
1269 951 1417 1004 cacumine
1433 947 1563 1020 ejusdem
1582 947 1723 1003 calumnas
1740 947 1819 1002 uides

66 1037 130 1090 veri
144 1037 272 1102 luminis,
289 1042 317 1090 et
342 1042 482 1107 martyres
501 1036 611 1091 robusti
627 1036 731 1091 milites
746 1037 917 1110 sauguinem
971 1041 1080 1093 tautam
1106 1037 1264 1092 claritatem
1293 1037 1409 1092 luminis
1425 1042 1456 1091 ut
1474 1037 1602 1092 humana
1617 1035 1716 1108 liuga'a
1738 1035 1819 1090 elt'ari

67 1140 156 1179 suom
170 1124 294 1179 fideliter
315 1123 468 1180 fundentes
487 1128 515 1178 et
528 1125 701 1180 confessores
716 1125 836 1181 oftieiosi
853 1132 918 1197 post
970 1138 1030 1177 uon
1051 1122 1149 1195 possit,
1166 1122 1219 1177 boc
1235 1126 1277 1177 est
1304 1123 1381 1194 qued
1397 1121 1518 1177 caelestis
1534 1124 1617 1178 Pater
1631 1122 1662 1177 in
1676 1121 1819 1178 altissimo

68 1212 173 1268 Filium
204 1229 313 1282 meum,
338 1229 371 1268 ec
404 1213 530 1286 virgines
553 1230 710 1286 supernum
735 1231 854 1287 germen
875 1231 917 1270 se-
971 1211 1039 1266 etin
1054 1211 1279 1283 profundissime
1296 1217 1404 1267 secreto
1421 1227 1473 1266 suu
1504 1211 1594 1266 edidit
1608 1211 1743 1282 mysteria
1754 1209 1818 1266 filii

67 1307 203 1374 quantes,
223 1303 372 1375 atquealii
389 1303 471 1358 eiecti
486 1303 542 1358 mei
556 1304 688 1359 laetantes
705 1303 734 1358 in
748 1305 828 1360 lente
847 1305 918 1360 iaeti—
971 1301 1025 1368 sat,
1045 1300 1143 1372 quiin
1167 1301 1270 1356 eodem
1289 1302 1371 1356 Patre
1396 1317 1447 1356 suo
1471 1299 1562 1372 fulget
1585 1301 1745 1356 clarissima
1769 1317 1817 1355 co-

67 1391 117 1446 tie:
142 1396 171 1446 et
197 1392 227 1447 in
252 1393 332 1446 lente
362 1391 471 1461 salotis,
496 1392 566 1447 dum
587 1393 708 1465 Spiritus
731 1399 845 1449 sauctus
868 1411 917 1449 ees
972 1389 1142 1457 rosontione,
1176 1389 1206 1444 in
1230 1389 1412 1460 quaprelate
1435 1389 1588 1444 estemuis
1605 1388 1729 1459 justitia,
1746 1389 1818 1444 otiu

67 1480 228 1550 perfundit,
244 1479 285 1535 ita
305 1485 339 1535 at
354 1480 413 1535 siut
431 1482 585 1552 flagrantes
600 1486 629 1536 et
648 1485 798 1537 manantes
811 1483 847 1538 de
862 1484 916 1537 sir·
970 1477 1057 1548 legali
1080 1475 1277 1548 propositione
1296 1481 1324 1531 et
1339 1476 1370 1531 iu
1384 1477 1461 1532 Novo
1477 1477 1660 1532 Testamenta
1683 1479 1759 1550 qued
1775 1483 1818 1532 est

67 1570 129 1620 tute
146 1565 337 1621 invirtutem.
367 1566 423 1622 Sed
440 1568 517 1639 qued
538 1567 641 1623 tertius
661 1569 788 1640 angulus
809 1570 859 1642 qni
874 1586 917 1625 re·
971 1567 1097 1622 maxima
1118 1565 1231 1621 claritas
1249 1566 1371 1621 lucentis
1395 1565 1555 1637 sapientiae,
1584 1566 1625 1621 ita
1649 1571 1683 1621 ut
1702 1583 1762 1622 non
1782 1567 1819 1622 sit

66 1652 155 1724 spicit
168 1652 203 1708 ad
218 1653 371 1710 meridiem
384 1659 429 1710 est
441 1655 471 1710 iu
485 1655 579 1711 medie
594 1655 670 1711 lates
683 1661 713 1711 et
726 1661 869 1729 extentus,
885 1660 916 1714 ie
936 1624 956 1677 B
970 1655 1107 1728 possibile
1131 1655 1183 1710 ulli
1206 1660 1322 1710 terreno
1347 1654 1460 1711 homini
1490 1653 1542 1710 boc
1562 1655 1660 1726 alique
1686 1671 1819 1712 sernroue

67 1741 129 1796 ime
145 1746 287 1798 summat
308 1745 339 1798 in
358 1743 523 1800 summitate
545 1743 758 1816 aliquantulum
782 1746 917 1817 gracilior
970 1742 1196 1814 ptolemaeum
1219 1747 1261 1798 est
1282 1741 1314 1797 iu
1340 1742 1518 1812 corruptibili
1541 1758 1637 1799 carue.
1660 1745 1695 1799 Et
1717 1743 1747 1797 in
1771 1759 1819 1798 au-

67 1835 96 1886 et
110 1830 281 1886 demulctus
294 1833 454 1888 secundum
479 1833 596 1889 modum
612 1849 695 1889 arcus
715 1834 766 1906 qui
790 1836 918 1892 extendi·
970 1830 1037 1888 dem
1058 1832 1187 1888 claritate
1205 1847 1348 1903 apparens
1368 1832 1503 1887 celrrmba
1522 1831 1631 1886 babens
1644 1830 1675 1887 iu
1701 1848 1751 1887 ore
1766 1847 1818 1888 suo

67 1925 119 1974 tur
146 1920 182 1974 ad
199 1920 317 1993 sagittas
338 1920 495 1993 jaciendas,
515 1922 570 1977 boc
585 1927 628 1977 ast
642 1922 744 1978 diffuse
763 1924 916 1996 Evangelio
971 1921 1083 1977 radium
1100 1922 1180 1977 aurei
1204 1921 1307 1976 coleris
1328 1920 1419 1976 multu
1434 1920 1545 1991 fulgere
1559 1921 1723 1976 columnam
1739 1915 1819 1977 illem

68 2009 175 2064 ardeus
197 2009 229 2064 in
267 2010 378 2065 tersere
408 2010 530 2082 Spiritus
560 2012 659 2080 sancti
693 2012 743 2067 ilie
776 2012 917 2084 sapientia
970 2009 1167 2078 irradiantem,
1195 2015 1239 2067 est
1258 2010 1289 2065 in
1320 2009 1518 2066 coruscatione
1539 2008 1658 2064 luminis
1680 2008 1743 2064 Vitii
1767 2009 1818 2064 liei
1853 2037 1858 2044 ·

68 2102 248 2166 sanctorum,
263 2113 352 2169 quam
367 2097 397 2152 in
413 2097 609 2170 profonditate
623 2099 803 2171 querebant,
817 2107 851 2156 ut
864 2115 917 2172 per
969 2098 1001 2153 in
1023 2098 1107 2155 corde
1130 2099 1220 2154 Patris
1244 2099 1392 2172 fulgeatis,
1418 2099 1522 2170 igneus
1550 2097 1673 2170 Spiritus
1688 2103 1812 2165 sanctus,

67 2199 134 2238 caer
158 2185 320 2255 reperirent
340 2185 469 2256 typicum
484 2201 602 2257 germen
615 2187 829 2259 profunditatis,
843 2188 917 2244 scili·
970 2203 1022 2259 per
1049 2203 1136 2258 quiem
1159 2187 1302 2244 declarata
1328 2192 1395 2243 sunt
1415 2187 1549 2259 mysteria
1569 2187 1660 2258 ipsius
1683 2186 1817 2243 altissimi

67 2273 203 2345 estquod
224 2273 266 2329 eis
281 2278 357 2328 esset
381 2273 600 2346 intelligendum
621 2275 653 2330 in
672 2276 759 2332 serbo
772 2277 838 2344 ltei;
854 2277 917 2348 ipsa
972 2277 1035 2330 Filii
1056 2276 1105 2331 liei
1126 2293 1159 2330 ex
1184 2291 1297 2332 summa
1312 2275 1464 2331 altitudine
1485 2275 1625 2331 venientis
1638 2291 1692 2347 pre
1709 2275 1819 2331 redem-

66 2360 248 2428 immediata,
267 2361 402 2417 videlieet
424 2363 492 2431 lata,
514 2363 582 2435 quia
603 2364 764 2420 confortata
785 2371 814 2420 et
832 2366 916 2421 robu-
970 2364 1070 2435 ptieua
1089 2361 1198 2438 pepuli,
1219 2364 1255 2419 ab
1273 2364 1392 2436 antiquo
1408 2368 1540 2436 serpente
1555 2364 1674 2420 seducti.
1696 2364 1776 2419 Unde
1790 2369 1820 2419 at

67 2453 134 2504 rata
151 2448 207 2505 lide
227 2449 257 2504 in
273 2451 382 2522 popule
406 2451 577 2519 Christiane,
595 2452 679 2523 quasi
694 2453 724 2508 iu
743 2453 840 2508 medie
855 2461 918 2509 erat
970 2452 1046 2508 idern
1063 2452 1184 2524 Spiritus
1207 2456 1322 2507 sanetus
1337 2451 1482 2522 inspirans
1505 2451 1604 2507 emnia
1624 2451 1729 2523 legalia
1743 2468 1817 2524 prae·

66 2538 145 2592 latas
168 2555 268 2594 sensus
289 2538 387 2596 exieus
414 2540 450 2594 de
471 2539 621 2597 animabus
639 2547 803 2597 sanctorum
822 2543 918 2600 docte·
970 2546 1052 2613 cepta
1075 2546 1104 2595 et
1122 2555 1195 2596 uova
1215 2540 1391 2604 testimonia,
1411 2541 1483 2596 daus
1510 2540 1642 2595 videlicet
1658 2542 1750 2612 legem
1766 2541 1819 2595 cla-

68 2643 147 2694 rum,
163 2627 399 2698 quipretandam
417 2628 600 2699 asperitatem
616 2630 827 2700 Scripturarum
842 2648 918 2686 scru-
971 2629 1063 2684 ritatis
1091 2629 1219 2702 mysterii
1256 2629 1301 2684 sui
1334 2635 1401 2684 aute
1433 2628 1662 2684 incarnationem
1696 2627 1818 2692 flumini,

69 2719 174 2782 tentes,
188 2717 448 2786 pretuleruuteam
470 2715 500 2770 in
514 2717 665 2772 scientiam
684 2720 842 2774 maltorum
867 2720 918 2790 qui
971 2723 1057 2788 atque
1080 2717 1109 2772 iu
1134 2718 1233 2772 eadem
1253 2716 1379 2772 claritate
1403 2716 1537 2771 virtutem
1561 2731 1642 2771 suam
1666 2717 1818 2772 osteudens

68 2803 106 2857 ab
131 2803 173 2856 eis
196 2802 353 2872 discebant,
378 2803 418 2857 ita
436 2804 516 2875 quud
531 2804 690 2860 dilatabant
702 2823 818 2861 sensum
834 2825 917 2863 suum
970 2804 1001 2859 iu
1024 2805 1250 2862 incarnationem
1272 2805 1402 2876 ejusdem
1425 2803 1489 2859 i'ilii
1510 2804 1574 2858 liei:
1599 2804 1688 2859 babet
1703 2803 1733 2857 in
1752 2819 1819 2874 pro-

67 2891 100 2945 iu
119 2891 284 2946 extensione
307 2890 455 2964 sapientise
477 2897 506 2948 et
526 2892 653 2948 seientia.
673 2894 917 2966 divinaeSertptu-
935 2894 1140 2975 Claudissime
1173 2894 1360 2964 inspiratione
1393 2908 1444 2947 sua
1476 2907 1597 2948 auream
1624 2892 1816 2963 splendorem,

67 2993 120 3045 rae,
137 2977 341 3049 quaeininitio
357 2979 439 3050 quasi
462 2979 492 3033 in
513 2980 785 3037 imoeeclesiasticae
802 2982 916 3037 institu-
971 2982 1080 3037 scilicet
1116 2981 1249 3037 eximiam
1276 2987 1306 3040 et
1325 2980 1590 3038 excellentissimam
1628 2980 1817 3036 illuminatio-

68 3066 159 3120 tionis
173 3071 236 3122 erat
257 3067 351 3122 adbuc
375 3067 534 3139 gracilioris
555 3074 584 3124 et
599 3068 718 3126 minoris
732 3071 828 3138 studii,
849 3070 918 3142 quia
971 3087 1037 3126 aeus
1050 3071 1193 3126 auctionis
1211 3087 1270 3125 suae
1291 3071 1383 3124 multa
1397 3074 1426 3124 et
1444 3084 1548 3139 magua
1570 3069 1734 3140 perfusione
1759 3085 1819 3140 my·

70 3156 172 3226 pepuli
187 3155 317 3211 nendum
331 3171 395 3210 eam
408 3156 658 3227 amplectebantur
680 3158 731 3212 tali
754 3175 863 3229 eruore,
887 3164 918 3214 ut
970 3159 1051 3226 stica,
1076 3165 1184 3214 secreta
1206 3159 1297 3231 ipsios
1316 3157 1462 3230 Uuigeutti
1484 3156 1820 3228 Ueientiquisproecoui·

71 3244 258 3316 postmodum
281 3243 419 3311 fecerent,
442 3260 507 3299 eam
522 3245 610 3300 etiam
637 3246 668 3300 iu
684 3247 741 3301 tine
765 3249 863 3302 seculi
886 3253 919 3303 ut
970 3249 1033 3315 bus,
1047 3253 1077 3302 ut
1092 3249 1199 3304 dictum
1223 3253 1274 3316 est,
1299 3247 1442 3320 aperiens,
1459 3247 1509 3319 qui
1526 3247 1576 3302 liei
1601 3246 1704 3302 Vitium
1722 3247 1817 3318 typice

69 3333 102 3386 in
115 3331 285 3387 summitate
300 3333 371 3403 ejus,
386 3331 573 3402 refrigescent
587 3333 683 3387 studia
697 3334 866 3403 molturam,
878 3334 917 3388 ita
970 3337 1167 3402 ostendebant,
1206 3341 1234 3392 et
1261 3335 1339 3390 selda
1371 3334 1531 3390 mirabatur
1554 3333 1740 3390 inelieblliter
1771 3349 1817 3389 ex·

67 3421 150 3492 qued
163 3420 205 3474 eis
229 3419 326 3475 diuina
351 3419 470 3476 scientia
488 3435 546 3475 non
562 3420 618 3476 crit
631 3420 761 3475 amabilis
776 3421 805 3475 iu
819 3437 917 3476 amoro
971 3429 1087 3480 euntem
1111 3426 1237 3490 aPatre,
1260 3428 1289 3478 et
1315 3423 1485 3479 mirabiliter
1515 3427 1681 3493 surgentem
1706 3422 1739 3478 iu
1760 3438 1814 3477 au-

66 3509 236 3582 eperis,sed
251 3510 427 3565 abscondent
442 3509 497 3564 sibi
517 3508 585 3580 ipsis
605 3509 807 3564 conscientiam
824 3527 917 3580 suam,
971 3527 1037 3567 rora
1075 3518 1223 3584 perpetum
1256 3511 1391 3583 Virginis,
1423 3510 1540 3565 fortiter
1567 3510 1654 3565 etiam
1692 3525 1816 3564 exurens

67 3598 154 3670 quasi
184 3614 242 3653 aue
271 3598 309 3653 sit
341 3598 383 3653 eis
415 3597 586 3654 metendam
622 3598 730 3653 bunum
758 3598 788 3653 iu
817 3615 914 3670 opere,
970 3604 1079 3656 textum
1114 3602 1222 3656 Veteris
1254 3599 1428 3655 Testamenti
1449 3604 1477 3654 et
1509 3599 1655 3670 Evangelii
1678 3599 1708 3652 iu
1731 3598 1818 3669 spiri·

68 3687 144 3741 illud
157 3690 271 3741 tautum
286 3685 413 3742 exiemus
426 3689 460 3742 ut
473 3686 504 3741 in
514 3701 617 3741 sumne
631 3692 844 3756 cognoscentes.
970 3693 1047 3747 tuate
1062 3708 1191 3762 germen,
1207 3692 1238 3745 iu
1252 3707 1308 3762 quo
1322 3691 1416 3746 omnis
1428 3689 1540 3761 justitia
1554 3692 1648 3744 erecta
1667 3693 1718 3744 cst.
1738 3689 1818 3746 ideo·

106 3777 139 3828 Et
157 3774 224 3829 ideo
248 3780 291 3830 est
313 3775 367 3830 iste
390 3776 513 3846 angulos
533 3775 563 3830 iu
586 3774 682 3829 medio
696 3775 741 3829 sui
760 3774 916 3831 latissimus
971 3796 1027 3852 que
1042 3785 1161 3851 prepter
1183 3779 1355 3834 immensam
1374 3779 1430 3832 vim
1447 3777 1614 3845 diuinitatis,
1638 3792 1696 3832 uon
1712 3777 1819 3833 esttibi

67 3864 98 3918 iu
125 3863 291 3935 asperitate,
315 3864 453 3936 quioniam
476 3879 578 3934 aspera
593 3865 788 3934 operacuttus
804 3863 856 3920 liei
870 3865 916 3920 de
970 3870 1106 3942 passibile
1137 3867 1245 3923 intueri
1267 3867 1393 3922 divinem
1417 3866 1586 3934 claritatem,
1613 3883 1676 3939 quau
1703 3866 1819 3921 anullo

68 3953 178 4007 nudate
200 3953 236 4008 ab
259 3952 479 4008 obumbratione
504 3953 612 4008 Veteris
634 3953 818 4019 Testamenti,
835 3961 918 4012 eraut
971 3957 1086 4012 mortali
1108 3956 1224 4012 homine
1240 3957 1347 4027 poterit
1361 3955 1460 4022 videri,
1479 3955 1534 4010 uisi
1555 3960 1587 4010 ut
1610 3971 1674 4011 eam
1699 3954 1818 4010 ostendo

68 4059 86 4095 a
100 4041 299 4097 constrictiore
322 4041 406 4112 initio
429 4057 481 4096 suo
503 4059 533 4097 se
553 4043 765 4112 pretendentes,
785 4044 914 4114 quasiad
971 4044 1000 4098 in
1020 4045 1246 4110 obumbratione,
1274 4044 1319 4099 cui
1344 4046 1419 4099 vute.
1445 4045 1627 4116 Quapropter
1648 4049 1676 4098 et
1700 4047 1730 4099 tu
1752 4059 1819 4098 cave

71 4130 199 4185 medium
215 4131 269 4197 sui,
292 4146 357 4203 quar
372 4135 440 4186 sunt
462 4129 627 4186 fortissimae
646 4129 763 4186 virtutes
778 4131 808 4187 in
822 4133 916 4188 altiori
971 4147 1007 4186 ue
1028 4149 1185 4203 presumas
1208 4139 1316 4189 temere
1331 4133 1481 4190 intendere
1503 4134 1534 4189 iu
1549 4133 1578 4188 id
1597 4133 1674 4206 quod
1690 4133 1819 4188 divinum

70 4219 176 4285 studio,
202 4235 267 4273 eum
289 4220 413 4291 populus
431 4219 554 4274 velocior
575 4219 640 4285 fuit,
656 4223 756 4274 centra
782 4219 918 4292 iniquita·
938 4215 1027 4289 itast,
1044 4221 1118 4278 sicut
1140 4219 1227 4278 etiam
1242 4226 1351 4278 tremor
1364 4222 1415 4294 qui
1438 4227 1464 4277 te
1487 4221 1679 4294 apprehendit
1698 4221 1751 4276 tibi
1769 4221 1818 4276 de·

70 4315 130 4364 tem
146 4307 292 4363 diabolum
306 4308 414 4364 seilicet
426 4308 456 4361 in
471 4308 563 4363 serbis
584 4324 648 4379 quse
665 4307 714 4363 liei
728 4313 805 4374 sunt,
820 4314 849 4364 et
863 4309 916 4379 ejt·
971 4314 1121 4366 monstrat.

68 4413 135 4451 cere
152 4398 418 4468 atquecouculcare
442 4396 541 4451 omnia
564 4396 633 4451 vitia
657 4397 797 4468 ejuscem
813 4413 915 4468 magna
1007 4399 1063 4456 Sed
1077 4400 1154 4474 qood
1169 4399 1249 4455 uides
1262 4400 1338 4455 intra
1357 4398 1527 4472 praedictum
1552 4397 1707 4454 aediticium
1732 4397 1819 4454 veluti

69 4485 236 4541 austeritate
252 4485 374 4556 justitie
394 4484 532 4557 liei,ipse
545 4485 698 4540 tamensic
718 4485 914 4541 tandemdes·
970 4491 1126 4566 quamdam
1155 4489 1311 4560 imaginem
1333 4504 1429 4544 euram
1445 4487 1750 4560 bacculumuasuper
1767 4502 1817 4558 pa·

67 4576 206 4642 caedens,
230 4574 260 4629 iu
288 4575 431 4630 obliuione
454 4574 510 4640 sui,
541 4580 571 4629 et
591 4575 771 4630 constrictior
792 4575 916 4631 existens
970 4581 1127 4635 timentum
1146 4578 1237 4649 ipsius
1254 4575 1368 4632 aedilicii
1383 4581 1518 4642 stentem,
1542 4575 1597 4629 hoc
1618 4573 1755 4645 estquod
1776 4573 1818 4628 in·

67 4665 97 4719 iu
121 4664 233 4719 tersere
255 4663 379 4734 Spiritus
401 4665 492 4719 saneti
517 4663 591 4719 circa
615 4664 704 4719 finem
732 4664 851 4733 muudi,
876 4667 916 4721 ita
970 4671 1014 4721 tra
1039 4683 1112 4739 opus
1137 4664 1187 4720 Dei
1208 4664 1308 4734 Petris,
1329 4680 1359 4719 se
1388 4665 1478 4736 virtus
1497 4663 1559 4718 hec
1582 4662 1705 4718 ostendit
1728 4661 1818 4716 decla·

68 4753 200 4809 uidelicet
214 4757 346 4808 extensus
367 4759 400 4808 ut
421 4769 488 4808 cunr
508 4769 597 4808 nerse
620 4753 732 4824 liguum
751 4755 916 4810 extenditur
969 4771 1035 4810 rans
1050 4753 1217 4826 mysterium
1236 4753 1320 4808 Verbi
1335 4754 1397 4824 Dei,
1418 4752 1557 4825 quiaipsa
1572 4751 1685 4824 aperuit
1700 4765 1817 4806 omnem

66 4842 101 4898 ed
113 4841 233 4910 bellum,
251 4841 319 4913 quia
332 4842 362 4897 in
375 4842 473 4896 anima
490 4847 521 4897 et
548 4857 670 4914 corpere
682 4859 712 4896 se
726 4843 815 4898 bomo
830 4843 915 4899 debet
965 4842 1109 4914 justitiam
1130 4841 1161 4896 iu
1185 4840 1300 4896 ciuitate
1322 4841 1535 4915 omnipotentis
1557 4841 1588 4896 ln
1603 4841 1720 4912 populo,
1743 4838 1816 4894 seili-

67 4932 179 5003 erigere
201 4935 303 4986 contra
326 4930 407 4998 sitia,
423 4947 456 4986 er
476 4936 598 5004 utreque
620 4937 704 5004 parte
723 4930 767 4987 sui
789 4933 914 4988 coustri-
967 4935 1013 4988 cet
1035 4930 1181 4987 Veteriset
1205 4929 1274 4985 Neri
1292 4929 1476 4996 Testamenti,
1499 4945 1585 5001 super
1607 4928 1815 5001 pavimentum,

66 5020 225 5077 otierctiu
250 5020 346 5076 medio
367 5021 485 5092 largior,
501 5021 575 5077 utin
597 5022 692 5092 primo
715 5027 744 5077 et
761 5021 791 5076 iu
811 5021 913 5078 ultimo
967 5020 998 5076 id
1019 5024 1168 5090 estsuper
1190 5021 1294 5074 cuncta
1324 5022 1439 5073 terrena
1467 5018 1606 5091 inopere
1630 5017 1760 5089 ejusdem
1775 5016 1816 5088 pii

66 5127 154 5182 epere
168 5125 219 5165 suo
238 5109 513 5182 circumspectussit
526 5126 632 5182 magno
646 5111 749 5166 timere
770 5114 800 5165 et
816 5109 913 5166 bumi—
968 5109 1059 5165 Patris
1092 5113 1178 5176 stans,
1210 5106 1348 5179 queniam
1377 5106 1474 5162 omnia
1502 5107 1650 5162 terrestria
1683 5106 1756 5162 sicut
1788 5109 1818 5159 et

66 5196 145 5252 litate
159 5195 233 5253 etin
256 5196 354 5252 medio
370 5197 454 5252 iestis
467 5213 501 5251 ac
519 5203 654 5252 constans
676 5197 807 5253 emittere
817 5198 912 5270 jacula
966 5197 1093 5254 caelestia
1107 5196 1137 5253 in
1159 5197 1221 5268 ejas
1244 5200 1312 5250 suut
1325 5195 1516 5266 providentia.
1543 5195 1625 5260 Quod
1651 5200 1748 5251 erstem
1763 5194 1815 5248 eli·

65 5285 210 5341 bonerum
232 5301 355 5357 operum
374 5300 428 5358 per
441 5286 550 5341 donum
568 5285 692 5358 Spiritus
711 5287 802 5342 sancti
814 5287 911 5342 adver.
965 5285 1082 5359 quande
1104 5285 1196 5358 ipsam
1214 5286 1378 5341 columnam
1402 5283 1558 5354 aliquando
1581 5283 1668 5338 etiem
1682 5283 1814 5338 homiues

64 5392 113 5429 sas
126 5374 248 5430 insidias
260 5373 380 5431 diaboli.
397 5376 467 5432 Nam
481 5374 513 5431 in
526 5375 691 5446 inceptione
710 5375 780 5431 boni
798 5381 841 5431 est
859 5377 911 5431 be·
966 5376 1031 5431 illos
1049 5374 1098 5446 qui
1117 5374 1224 5446 inipso
1240 5372 1363 5429 aedilicio
1378 5371 1544 5428 discurrunt
1558 5371 1686 5442 inspicit,
1702 5371 1756 5428 bec
1771 5377 1814 5428 est

66 5481 112 5520 mo
134 5464 296 5536 gracilioris
316 5464 441 5530 rimatis,
460 5463 492 5519 in
510 5462 712 5536 prosecutione
729 5468 825 5520 autem
845 5480 909 5536 epe·
965 5464 1041 5536 quod
1056 5469 1085 5518 et
1100 5468 1242 5519 secretum
1262 5477 1346 5518 suum
1360 5461 1438 5535 quod
1459 5461 1579 5532 pretulit
1600 5460 1643 5515 vis
1655 5459 1814 5516 diuinitatis
