3984 6034
40 242 95 298 {37
706 235 894 301 illisione.
907 239 1057 300 ssEPlST.
1079 237 1180 298 lavit.
1746 237 1799 296 2³8

42 381 174 442 duntur,
195 395 261 452 qnae
284 377 422 449 exemplis
443 394 545 434 eornm
567 394 632 433 cum
662 377 812 434 elementis
826 394 896 449 ope·
915 378 999 433 nstt.
1019 378 1060 432 Tu
1076 375 1237 448 praecepisti
1250 375 1383 444 Abrabae,
1401 381 1433 431 nt
1462 371 1491 430 in
1519 390 1604 432 cerne
1628 393 1680 430 sna
1692 377 1799 432 serol-

42 469 202 536 rabnntnr,
223 469 300 540 quod
324 483 431 523 canem
455 467 525 522 tuba
547 482 647 522 eorum
662 466 814 539 significat,
828 467 899 538 quia
952 470 1078 532 nersret,
1096 480 1161 536 qnae
1174 465 1210 520 de
1238 463 1418 535 deceptione,
1438 464 1474 519 de
1497 465 1648 520 sanctitate
1662 464 1801 520 castitatis

45 559 121 612 Dans
149 558 188 613 ab
215 557 267 626 eis,
293 555 369 611 sicut
390 556 428 610 ab
450 553 571 626 angelis,
596 570 668 626 qnos
694 554 823 610 claritate
847 571 899 609 sua
952 552 1106 609 inincesla
1125 552 1269 608 desideria
1289 557 1399 607 ιιιιιιιιι
1415 557 1467 616 ιιι,
1498 555 1673 624 qnoetuper
1696 568 1800 625 aquam

42 645 186 716 perfudit,
216 644 352 700 laudatur
368 649 396 699 et
413 643 599 715 glorificetur.
616 642 677 697 Vox
693 642 771 697 enirn
786 647 898 697 sancto-
953 647 982 698 et
995 643 1172 715 baptismum
1189 641 1316 710 abluisti,
1347 642 1376 696 in
1407 640 1526 696 occultis
1552 641 1709 712 mysteriis,
1736 643 1802 714 qui-

45 751 200 806 rumque
224 733 316 788 Deum
336 733 371 788 de
389 733 449 787 suis
464 729 678 787 etdealiornm
693 731 836 787 bonorum
852 732 901 786 ho-
953 731 1007 787 bns
1022 731 1109 786 ctiam
1136 730 1197 801 ipsc
1228 729 1388 785 nescienter
1416 730 1551 800 deceptus
1576 733 1626 784 est.
1659 729 1801 787 Abrabam

47 821 161 876 minum
189 821 326 892 operibus
354 820 483 886 tendent,
508 820 591 891 qnasi
613 837 719 876 canens
745 821 814 877 tuba
841 826 898 876 est:
953 820 989 876 ad
1009 823 1185 891 praeceptum
1215 833 1323 886 meum,
1340 833 1455 873 carnem
1475 833 1556 873 snam
1580 819 1756 882 vralnerantc,
1773 825 1802 876 et

49 911 125 966 unde
150 915 182 966 et
209 909 265 981 ipsi
299 910 444 965 canticum
477 925 582 963 novum
611 914 677 964 ente
703 909 840 964 thronum
872 915 901 964 el
954 907 1102 964 diabolum
1117 907 1255 975 confudit,
1280 907 1330 979 qui
1347 907 1516 978 mysterium
1535 906 1608 962 illud
1623 923 1682 962 non
1696 923 1802 980 cogno-

48 1003 165 1070 Agnum
185 1003 303 1053 cantem
324 999 426 1070 (Aper.
455 997 522 1069 arv),
538 1002 567 1052 et
586 997 900 1067 terra,sciticatterre-
954 996 1005 1064 nit,
1022 997 1234 1067 etineaparte
1263 995 1539 1051 bominisconlusns
1565 1001 1617 1063 est,
1638 1012 1696 1068 qna
1715 997 1802 1053 etiem

50 1089 81 1142 ni
97 1087 202 1159 populi
214 1087 245 1141 in
257 1102 340 1141 voces
354 1101 455 1142 eornm
465 1087 614 1154 resultent,
630 1084 660 1142 in
675 1086 787 1142 meritis
800 1101 901 1142 eornm
955 1085 1102 1142 bominem
1128 1084 1250 1157 decepit.
1267 1083 1410 1139 Tertiam
1430 1084 1603 1155 praecepisti,
1620 1089 1652 1140 ut
1665 1085 1803 1142 dilectum

49 1178 142 1232 Deum
159 1175 320 1236 laudantes,
350 1180 379 1230 ιι
397 1174 539 1229 dicentes:
556 1173 658 1229 Gloria
682 1173 745 1245 tibi,
769 1173 900 1231 Domine.
956 1189 1041 1230 snum
1061 1173 1154 1229 lilium
1171 1173 1223 1228 tibi
1238 1172 1410 1228 sacrificaret
1424 1173 1506 1245 (Gen.
1520 1175 1598 1245 xsrr),
1616 1175 1644 1228 in
1660 1190 1717 1246 quo
1730 1190 1804 1247 pree·

48 1264 75 1318 0
89 1268 192 1318 sancta
224 1261 372 1329 Divinitas,
401 1266 431 1317 tu
464 1262 495 1316 ia
521 1261 593 1317 cralo
609 1260 644 1316 ab
659 1262 777 1316 occultis
791 1261 903 1332 angelis
956 1262 1076 1334 signasti
1091 1267 1174 1318 tunm
1192 1263 1293 1318 Filium
1310 1278 1362 1333 pro
1377 1262 1484 1333 popule
1500 1261 1729 1318 sacrificandum.
1750 1263 1805 1319 Sed

48 1351 236 1422 glorificaris,
262 1349 312 1422 qui
332 1350 367 1404 de
387 1355 436 1404 tua
460 1349 587 1404 claritate
613 1350 744 1403 scintillae
764 1349 901 1417 existunt,
956 1350 1118 1405 vibrantem
1141 1350 1268 1422 gladium
1285 1366 1373 1421 snper
1390 1350 1453 1421 ipso
1470 1351 1558 1421 ligato
1574 1356 1733 1415 extensum,
1750 1368 1805 1407 an-

49 1445 80 1493 et
94 1439 130 1494 dc
152 1439 273 1493 bomine
301 1439 400 1510 (quem
416 1436 452 1492 de
467 1437 537 1492 limo
552 1437 679 1492 formasti
696 1437 730 1492 ad
746 1437 904 1492 indumen·
957 1438 1039 1510 gelus
1058 1444 1125 1494 tuns
1139 1439 1297 1509 probibuit,
1311 1442 1339 1493 et
1353 1439 1473 1494 arietem
1490 1455 1524 1494 ex
1549 1439 1613 1493 eliis
1633 1439 1734 1494 ovibus
1748 1455 1806 1494 non

49 1527 228 1596 tumtunm)
243 1527 369 1582 laudaris
383 1527 414 1581 in
432 1531 519 1581 terra.
542 1526 622 1591 Quod
640 1525 764 1581 loannes
778 1542 903 1597 evange·
956 1531 1151 1599 procreatum,
1167 1527 1214 1582 sed
1239 1527 1433 1582 ostensionem
1451 1525 1492 1581 tui
1512 1527 1642 1581 miraculi
1655 1527 1697 1582 illi
1709 1533 1805 1583 osten-

49 1617 119 1672 lista
137 1617 272 1671 claritate
301 1616 352 1670 [lei
378 1615 523 1681 inclaruit,
543 1619 571 1668 at
595 1614 626 1668 iu
645 1613 764 1670 damma
780 1613 904 1685 Spiritus
958 1615 1036 1671 disti.
1050 1615 1141 1670 llorno
1161 1615 1249 1684 araim,
1270 1631 1356 1687 quem
1372 1621 1403 1668 ιιι
1419 1615 1575 1686 plasmasti,
1592 1631 1644 1686 par
1658 1615 1805 1672 diabolum

50 1706 143 1762 sancti
159 1705 284 1773 exarsit;
311 1709 341 1759 et
365 1703 430 1759 ideo
446 1704 475 1756 in
498 1718 619 1774 corpora
634 1717 687 1757 sno
701 1702 823 1756 caelestis
839 1701 902 1770 luit,
959 1703 1161 1774 deceptnsest.
1195 1702 1274 1759 Unde
1303 1703 1398 1760 omnis
1418 1703 1546 1758 bumana
1565 1704 1804 1760 naturaitacon-

52 1801 86 1848 nt
102 1794 196 1848 bomo
211 1797 279 1848 ente
293 1793 408 1848 ruinam
432 1791 550 1858 exstitit,
567 1790 643 1846 unde
658 1791 772 1862 pondus
797 1795 826 1845 et
839 1805 905 1861 gra·
958 1792 1099 1846 lancinata
1120 1796 1174 1856 est,
1204 1792 1281 1863 quod
1309 1791 1508 1846 omnishomo
1532 1795 1610 1847 totus
1637 1793 1807 1863 inpeccatis

50 1885 126 1937 redo
140 1881 275 1953 corporis
299 1881 388 1937 suiin
413 1885 490 1935 terra
515 1880 663 1947 remansit,
679 1880 742 1950 ipso
765 1879 795 1934 in
822 1881 906 1935 coele-
959 1879 1083 1936 carnalis
1097 1879 1232 1936 desiderii
1246 1879 1418 1952 concipitur.
1433 1879 1539 1935 Natura
1568 1880 1654 1938 etiam
1682 1881 1807 1936 bominis

49 1972 107 2026 etia
140 1969 397 2041 sublevato,qnasi
424 1969 454 2024 in
483 1968 541 2023 ictu
555 1969 640 2037 oculi,
670 1967 745 2023 sicut
769 1972 834 2039 post
852 1984 906 2021 no·
959 1968 999 2023 ita
1015 1967 1178 2023 distortaet
1205 1973 1333 2023 tortuose
1356 1968 1429 2023 lacte
1457 1974 1508 2036 est,
1535 1969 1678 2024 utnullus
1697 1969 1807 2027 socium

50 2060 207 2114 vissimum
230 2058 307 2113 diem
331 2057 426 2112 omnis
439 2056 598 2128 corporalis
613 2056 736 2128 grauedo
751 2055 907 2110 combure·
959 2072 1045 2112 suurn
1058 2055 1179 2111 liberare
1194 2061 1290 2127 posset
1305 2055 1340 2112 de
1355 2055 1519 2128 captivitate
1543 2056 1665 2126 diaboli;
1688 2060 1764 2114 unde
1777 2059 1808 2114 in

51 2153 112 2214 tar,
132 2145 242 2201 sanctis
255 2146 406 2200 animabus
428 2145 463 2200 ud
487 2145 613 2200 caelestia
628 2144 800 2200 volantibus.
820 2144 908 2198 loan—
960 2146 1052 2217 teipso
1067 2144 1205 2200 ordinasti
1221 2145 1348 2200 tunicam
1376 2145 1439 2200 Filii
1462 2145 1506 2200 tui
1519 2147 1662 2201 extentam
1678 2146 1714 2202 de
1739 2147 1809 2202 sim-

53 2252 107 2290 nes
145 2234 278 2307 Baptista
313 2233 483 2290 lortitudine
516 2233 679 2289 [livinitetis
718 2231 850 2305 perinsus
876 2231 907 2286 la
959 2231 1027 2305 plici
1042 2237 1130 2298 terra,
1147 2249 1211 2304 quae
1228 2234 1263 2289 de
1290 2233 1371 2289 nullo
1395 2234 1617 2305 germinat-eret,
1633 2235 1716 2306 cujus
1743 2253 1808 2291 san·

56 2340 141 2378 cuna
156 2339 211 2378 sna
237 2323 356 2393 (Malta.
382 2323 437 2393 nr),
459 2322 616 2377 omninoa
642 2337 745 2392 spuma
767 2321 909 2392 serpentis
960 2320 1058 2392 guinis
1085 2321 1209 2376 calorem
1247 2323 1325 2376 calor
1353 2321 1477 2393 Spiritus
1513 2321 1605 2377 sancti
1631 2323 1807 2379 accenderat.

55 2418 194 2468 mortuus
209 2411 281 2478 ιιιιις
298 2416 324 2464 ιι
340 2411 405 2465 ideo
419 2409 526 2464 emeris
552 2408 647 2464 verbis
671 2413 821 2479 peccantes
844 2423 907 2463 cor·
962 2426 1027 2482 qnae
1041 2409 1114 2465 sicut
1142 2425 1226 2464 cunm
1241 2425 1357 2465 aceram
1372 2415 1440 2465 nata
1469 2413 1520 2475 est,
1549 2410 1627 2482 qnod
1656 2427 1709 2483 per
1726 2413 1809 2484 gallr·

58 2498 161 2570 ripnit.
193 2498 280 2552 lstum
297 2497 372 2551 Dens
387 2501 455 2551 ante
469 2495 680 2551 humanitatem
696 2511 778 2550 snam
794 2493 908 2566 praemi·
962 2513 1030 2552 nam
1055 2496 1158 2561 lutum,
1174 2497 1285 2567 pullum
1314 2497 1434 2564 emittit,·
1451 2497 1491 2552 sic
1514 2499 1577 2570 ipsa
1605 2498 1691 2571 Virgo
1717 2500 1810 2556 calore

56 2589 104 2654 sit,
131 2591 292 2658 ιιιιιιιιιιιιι
317 2584 470 2656 plenitudo
497 2583 769 2655 temporisveniret,
793 2583 824 2637 in
850 2597 909 2654 quo
962 2583 1085 2655 Spiritus
1116 2584 1209 2640 sancti
1231 2585 1414 2653 iota-lilium
1434 2587 1551 2658 gennit:
1580 2587 1695 2643 etaient
1715 2590 1811 2661 pullus

56 2676 133 2730 Deus
157 2677 249 2729 homo
276 2674 368 2729 lactus
386 2678 430 2727 est
444 2672 518 2743 (dcl.
534 2673 584 2740 n).
602 2673 684 2727 llunc
697 2676 794 2727 aratam
808 2672 909 2726 invoco
963 2673 1071 2745 absque
1091 2672 1186 2728 calore
1205 2673 1320 2744 galline
1335 2690 1369 2729 ex
1399 2691 1452 2730 oro
1468 2691 1617 2748 nunqnam
1631 2678 1810 2748 procederet,

55 2769 86 2819 ιι
99 2765 193 2819 adoro
219 2767 259 2831 te,
289 2767 321 2817 nt
344 2777 391 2817 rna
418 2760 645 2832 pusillanimem,
662 2775 728 2831 qum
742 2759 829 2815 rerba
855 2758 909 2814 ista
963 2763 1004 2816 sic
1034 2762 1120 2834 Virgo
1150 2761 1259 2834 absque
1287 2764 1382 2819 calore
1405 2763 1528 2836 Spiritus
1553 2767 1643 2821 sancti
1662 2782 1812 2839 nunqnam

55 2854 117 2909 aidi
131 2857 162 2907 et
176 2849 286 2921 andivi,
312 2851 390 2923 quod
418 2855 448 2904 tn
473 2850 552 2904 solus
576 2849 641 2916 scis,
664 2850 694 2905 in
709 2848 827 2904 cantius
844 2847 910 2903 bea·
963 2850 1069 2905 l'rlium
1088 2855 1263 2921 procrearet.

55 2950 155 2999 ιιιιιιιι
177 2941 341 2996 animarum
367 2953 536 2994 causamme
562 2938 643 3008 uelis,
672 2942 702 2993 et
729 2952 830 2992 omnes
859 2936 909 3008 qui
928 2929 974 3012 ρ’
1000 2938 1165 3009 llysterinm
1193 2937 1270 2994 istud
1300 2943 1392 2994 totum
1415 2938 1447 2994 in
1479 2940 1567 2996 ariete
1598 2942 1812 3014 praefiguratum

55 3036 180 3105 propter
198 3044 303 3101 puram
327 3027 415 3083 fidem
429 3027 555 3082 neminis
568 3027 613 3082 tui
638 3026 764 3082 studiose
797 3041 909 3082 mecum
964 3025 1030 3092 luit,
1047 3025 1244 3098 quiinspinis
1268 3026 1423 3099 pendebat,
1451 3033 1482 3082 ut
1512 3029 1649 3085 [lominus
1672 3031 1707 3086 ad
1722 3030 1812 3086 Adam

56 3121 201 3179 laborant
226 3117 257 3171 in
284 3116 381 3170 sinam
395 3115 497 3186 gratim
511 3114 550 3168 ita
565 3113 680 3184 collige,
701 3120 734 3169 nt
761 3131 778 3168 a
793 3119 820 3169 te
834 3129 909 3168 nun·
964 3113 1051 3167 dixit:
1067 3115 1142 3168 Gnm
1153 3115 1390 3186 operatuasaeria
1408 3119 1528 3186 terram,
1548 3115 1649 3190 aptam
1658 3121 1685 3177 ιι
1695 3119 1815 3176 tribulor

57 3223 146 3280 quam
169 3203 403 3277 peregrinemur.
432 3203 475 3258 lu
501 3202 579 3258 enim
612 3202 690 3257 solns
716 3201 909 3274 ignorantiam
962 3200 1138 3273 germinabit
1162 3201 1214 3258 titt
1227 3201 1310 3274 (Gen.
1323 3205 1377 3275 ιιι).
1411 3205 1442 3260 ln
1472 3206 1619 3262 laboribus
1646 3208 1742 3279 operis
1769 3207 1815 3264 sni

57 3311 154 3352 meam
174 3294 243 3359 scis,
257 3309 322 3365 quae
345 3291 476 3347 doctrina
502 3291 715 3362 scripturarum
727 3291 839 3346 stellata
853 3306 912 3345 non
965 3289 1110 3345 malitiosa
1137 3289 1262 3347 vindicta
1289 3291 1315 3347 ei
1330 3297 1445 3348 ostensa
1471 3299 1525 3364 est,
1553 3295 1621 3367 qnia
1643 3297 1815 3368 contempsit

57 3399 133 3450 sum,
149 3397 218 3454 qnae
234 3380 371 3435 miracula
398 3384 449 3435 tna
465 3383 593 3446 nument,
622 3382 654 3433 ut
668 3378 756 3434 etiam
777 3377 912 3434 instellis
965 3383 1143 3450 preceptum
1170 3379 1231 3448 ilai,
1261 3380 1337 3452 quod
1366 3381 1492 3454 iucoepit,
1522 3386 1551 3438 et
1570 3399 1627 3439 non
1641 3384 1771 3456 perfecit,
1786 3391 1815 3442 et

57 3477 197 3544 tempora
214 3469 426 3524 discernuntur.
459 3466 539 3524 Unde
567 3482 637 3538 rogo
662 3474 701 3535 te,
726 3472 757 3523 ut
776 3467 812 3522 ab
831 3466 912 3522 omni
967 3482 1027 3521 non
1042 3466 1165 3538 gloriam
1185 3483 1266 3524 snam
1290 3469 1438 3524 contrivit:
1456 3475 1484 3526 et
1513 3470 1577 3528 ideo
1592 3472 1687 3529 lucida
1715 3474 1814 3539 restis,

55 3559 217 3633 nigredine
230 3558 425 3624 malignorum
451 3555 606 3628 spirituum
633 3570 680 3610 me
695 3555 810 3622 liberes,
833 3561 863 3610 ιι
876 3556 913 3610 ab
966 3569 1032 3626 quac
1045 3555 1244 3627 absqneomni
1259 3557 1474 3614 obnubilatione
1497 3559 1561 3627 luit,
1578 3560 1614 3615 ab
1629 3577 1663 3616 eo
1679 3561 1832 3618 ablataet:

55 3649 143 3706 omni
170 3646 260 3705 dubio
282 3644 453 3717 ignorantiae
480 3659 552 3699 mesa
568 3644 598 3698 in
627 3659 746 3716 corpore
774 3643 912 3701 stenima
967 3643 1054 3698 scissa
1075 3649 1128 3706 est,
1153 3643 1285 3700 utetisru
1304 3645 1396 3716 spinae
1415 3647 1556 3702 attributi
1573 3649 1721 3706 bominem
1742 3651 1816 3706 scin·

54 3751 229 3794 conserves.
248 3736 355 3791 lterum
374 3749 454 3806 rogo,
481 3738 519 3802 te,
549 3733 627 3788 mitis
645 3734 738 3802 Pater,
752 3737 785 3788 ιιι
800 3747 913 3788 mecum
968 3732 1050 3789 dunt.
1068 3732 1165 3800 Filius,
1187 3733 1237 3804 qni
1262 3733 1368 3806 absque
1383 3735 1462 3790 omni
1490 3735 1565 3792 virili
1580 3738 1817 3809 sanguinanatus
1931 3773 1936 3784 .

57 3829 244 3891 pabomtee,
268 3823 339 3896 igne
366 3821 514 3877 charitatis
541 3826 599 3876 ture
625 3836 714 3888 ames,
730 3825 760 3876 et
787 3821 816 3876 in
838 3821 913 3876 libro
968 3820 1066 3887 est,in
1094 3821 1224 3876 claritate
1251 3821 1303 3877 llei
1321 3823 1416 3877 calore
1434 3823 1556 3895 Spiritus
1583 3826 1683 3893 sancti,
1703 3827 1752 3882 ille
1774 3843 1817 3882 so-

56 3913 209 3987 vttae‚qni
225 3911 410 3968 scientiales
428 3915 480 3978 est,
503 3909 619 3977 scribas,
636 3914 668 3965 nt
685 3914 741 3964 ate
763 3924 913 3980 nunquam
968 3908 1013 3963 lus
1025 3909 1056 3963 in
1074 3909 1184 3981 lignum
1204 3924 1360 3980 suspensus
1374 3914 1417 3965 est
1437 3927 1490 3982 pru
1505 3911 1624 3968 crimine
1649 3914 1733 3982 aue,
1749 3915 1817 3988 quia

59 4006 249 4077 separemur,
268 4000 291 4056 0
308 4000 367 4055 p00
390 3997 441 4071 qui
456 3997 643 4069 ,principium
659 4013 689 4052 es
710 3996 868 4052 sanctitatis
886 4002 916 4052 et
968 3997 1083 4052 nullum
1109 3997 1232 4052 similem
1254 3998 1366 4066 babuit,
1380 3999 1491 4056 animas
1510 4001 1650 4071 liberavit,
1671 4002 1818 4060 infernam

60 4105 228 4158 umorum,
254 4089 307 4161 qni
331 4104 348 4142 a
371 4092 400 4142 te
423 4090 635 4158 processerunt,
663 4099 800 4156 rogamus
824 4089 863 4151 ιι,
878 4101 914 4140 ne
970 4083 1171 4156 despoliando:
1200 4091 1231 4140 et
1257 4085 1322 4158 quis
1352 4093 1394 4144 est
1423 4088 1539 4161 istequi
1558 4090 1612 4146 hoc
1639 4089 1725 4146 iecit?
1743 4092 1818 4148 lleus

59 4183 155 4239 „ostri
180 4179 213 4234 in
237 4176 356 4232 canticis
373 4176 494 4231 landum
512 4180 628 4233 tuarum
652 4173 827 4229 obliviscaris
845 4190 915 4245 pro-
969 4172 1088 4240 scilicet,
1109 4174 1159 4244 qni
1174 4173 1281 4246 absque
1294 4177 1374 4231 omni
1388 4177 1570 4250 incoeptione,
1586 4179 1698 4235 delectu
1713 4185 1742 4236 et
1757 4198 1819 4237 mn·

60 4278 129 4343 pter
166 4265 360 4338 negligentias
398 4268 520 4327 nostras,
551 4263 601 4318 sed
632 4267 753 4335 propter
787 4279 914 4318 amorem
935 4260 1290 4332 ptatione,dieeillaest,
1311 4265 1393 4336 cujus
1420 4266 1534 4322 claritas
1547 4283 1698 4340 utinquam
1721 4270 1818 4342 aliqua

62 4362 151 4424 jutus,
181 4356 235 4427 qui
252 4361 280 4410 te
301 4353 332 4409 in
346 4351 676 4422 miraculissuiselegit,
692 4351 722 4407 in
737 4351 870 4408 laudibus
889 4356 917 4406 et
971 4351 1035 4406 lnce
1061 4349 1204 4406 illustrata
1219 4357 1270 4408 est.
1298 4353 1352 4409 Sed
1380 4354 1442 4426 ipse
1467 4355 1516 4409 lux
1545 4357 1639 4412 omnis
1655 4357 1773 4414 iacturae
1791 4365 1820 4414 ιι

62 4443 248 4501 canonibus
275 4441 332 4496 tuis
360 4445 427 4495 ante
457 4441 547 4495 Deam
567 4438 659 4494 nostri
675 4437 919 4496 memorassedi·
971 4443 1110 4494 creaturae
1124 4455 1182 4495 sues
1198 4445 1251 4509 est,
1277 4440 1384 4513 dequo
1400 4443 1486 4498 llavid
1502 4443 1585 4500 dicit:
1613 4447 1683 4514 Quis
1701 4451 1743 4504 ιιι
1765 4448 1820 4505 iste

62 4533 165 4606 gustis
180 4546 305 4601 semper.
327 4531 430 4584 Amen.
443 4528 547 4584 Sancta
562 4527 710 4594 Divinitas,
727 4542 791 4600 quae
810 4526 918 4598 absque
970 4527 1150 4601 receptoria?
1163 4527 1398 4599 Βοιιιίιιιιιίονιιι
1410 4534 1438 4586 ιι
1447 4534 1557 4604 poteras,
1579 4533 1712 4590 Dominae
1719 4539 1820 4609 potens

63 4620 149 4678 omni
166 4616 310 4674 divisione
323 4616 437 4688 integra
455 4614 566 4682 existis,
582 4618 612 4668 tu
628 4630 681 4685 per
701 4614 820 4670 verbum
836 4618 918 4668 tuum
970 4615 1004 4672 in
1029 4615 1130 4685 prelio
1150 4617 1236 4688 (Perat.
1263 4619 1354 4690 ιιιιιι).
1373 4620 1433 4676 lloc
1456 4626 1509 4689 est,
1531 4622 1605 4678 llens
1618 4622 1819 4696 inexistingni-

62 4710 94 4767 iu
109 4707 199 4765 omni
226 4710 358 4761 creatura
383 4720 456 4777 puro
490 4703 610 4759 numine
641 4717 773 4776 generas.
797 4703 917 4769 Formae,
973 4704 1031 4761 bile
1060 4706 1158 4760 lumen
1186 4711 1239 4772 est,
1264 4708 1340 4778 quod
1369 4725 1516 4781 nunquam
1545 4711 1740 4780 inveterascet,
1768 4729 1821 4769 nec

64 4815 134 4872 qnae
152 4794 341 4869 perverbum
360 4798 442 4848 tunm
458 4792 590 4849 formatae
607 4791 719 4847 suntin
733 4807 839 4862 genere
853 4807 919 4862 suo,
973 4796 1132 4859 evanescet,
1146 4807 1198 4847 nec
1226 4793 1256 4848 in
1284 4795 1401 4851 taedium
1424 4797 1555 4868 ducetur,
1589 4799 1691 4871 etipse
1707 4805 1749 4856 est
1763 4801 1821 4858 ller

66 4889 160 4943 avita
175 4899 239 4940 non
263 4886 454 4938 creauerunt.
489 4881 626 4946 Quaedam
654 4883 784 4934 creatura
802 4896 836 4935 er
853 4879 921 4935 riri·
973 4879 1084 4951 gloriae,
1102 4880 1183 4952 quus
1196 4882 1288 4952 gloria
1304 4883 1412 4956 absque
1428 4886 1507 4941 onrni
1524 4887 1630 4942 noxiali
1647 4889 1821 4946 obscuritate

67 4977 169 5042 diuae,
201 4971 334 5044 quaedam
355 4969 650 5026 carnibnsindntaex
665 4968 795 5024 sensibili
819 4973 923 5023 natrrra
975 4967 1112 5038 persistit,
1130 4973 1159 5024 et
1177 4985 1236 5025 non
1265 4971 1370 5042 delicit,
1387 4974 1459 5029 sicut
1478 4982 1609 5048 tempora
1631 4977 1756 5033 hominis
1776 4979 1823 5035 de-

68 5082 131 5134 m,
147 5060 286 5135 quaedm
302 5075 335 5115 ex
348 5063 465 5115 ventoso
479 5057 550 5113 lietu
575 5073 638 5125 suo,
656 5057 789 5130 quaedam
805 5073 841 5112 ex
857 5071 923 5112 aare
974 5055 1087 5124 ficiunt,
1104 5073 1168 5129 quae
1183 5058 1326 5131 incipiunt
1349 5067 1379 5117 ιι
1397 5068 1539 5134 arescunt,
1569 5069 1598 5120 et
1620 5081 1734 5136 semper
1759 5083 1823 5122 mu·

71 5152 191 5208 fluentis
215 5163 300 5221 aquae
316 5147 394 5202 sirit.
410 5149 451 5202 Tu
466 5145 544 5202 enim
558 5146 701 5218 integram
715 5149 745 5201 et
771 5144 923 5200 indivisam
976 5149 1085 5200 tantur.
1111 5147 1166 5202 Sed
1183 5147 1244 5218 ipsa
1264 5149 1294 5203 in
1318 5150 1461 5208 viriditate
1476 5169 1525 5208 sna
1550 5153 1659 5209 stabilis
1678 5159 1706 5210 et
1719 5155 1825 5212 immn-

72 5237 270 5298 obedientiam
288 5235 454 5292 indumenti
469 5234 548 5290 verbi
563 5233 618 5301 tei,
632 5233 664 5288 in
687 5231 833 5289 Abrabam
847 5248 925 5304 prae·
976 5233 1071 5289 labilis
1090 5236 1281 5306 permanebit,
1296 5237 1491 5311 sicntlipnnm
1509 5240 1584 5312 quod
1602 5242 1770 5314 plantatum
1783 5247 1825 5301 ert

74 5327 218 5401 signando
245 5323 396 5397 scripsisti,
418 5329 447 5379 et
461 5339 525 5379 eam
537 5337 642 5394 puram
655 5325 685 5377 at
698 5319 840 5392 integram
855 5337 925 5393 pro·
976 5337 1058 5378 secus
1069 5321 1204 5379 decernas
1211 5341 1353 5397 aquaram
1368 5326 1462 5398 (Paci.
1478 5327 1506 5400 ι).
1523 5329 1648 5386 Gloriam
1659 5331 1748 5402 enim,
1759 5349 1825 5406 qum

75 5423 139 5487 pter
163 5412 369 5472 liberationem
398 5428 498 5470 eornm
521 5411 572 5483 qni
597 5408 797 5481 poenitentiam
818 5409 925 5479 (dein-
978 5411 1040 5484 ipsa
1056 5412 1130 5468 Deus
1149 5417 1200 5483 est,
1219 5429 1271 5470 nec
1298 5416 1427 5488 angelus,
1458 5432 1510 5472 nac
1530 5417 1617 5474 homo
1632 5421 1691 5476 ullo
1705 5438 1826 5478 numero

78 5502 253 5573 audientia,
278 5516 345 5575 que
370 5500 403 5557 in
430 5499 520 5556 Adam
546 5496 657 5569 exorta)
677 5500 779 5570 agunt,
801 5497 925 5555 custodi·
980 5498 1065 5555 linire
1081 5516 1134 5582 nec
1158 5501 1341 5559 dinumerare
1361 5503 1446 5561 valet.
1467 5505 1608 5575 Quoniam
1632 5509 1694 5584 ipsa
1715 5511 1828 5588 integra
