3984 6034
109 179 161 236 roe
846 175 875 232 s.
895 169 1131 231 ertoscnnors
1803 143 1854 231 rol

109 307 249 382 suspiriis]
272 309 330 364 Deo
353 323 399 362 me
425 304 573 373 vovebant,
597 320 630 360 ec
657 305 742 360 tertio
766 305 857 362 oetatis
882 319 953 360 mee
973 303 1067 359 lllleo
1084 309 1188 373 essent,
1212 305 1310 361 abbati
1330 321 1383 360 sno
1407 305 1562 374 intimavit,
1585 322 1748 379 magnoque
1777 307 1853 362 desi-

108 415 184 455 enno
198 404 312 454 mutum
327 397 426 452 lurnen
449 394 518 458 vidi,
545 394 622 466 qnod
645 393 742 449 amma
767 409 831 450 mee
845 400 956 449 contre·
1010 393 1090 448 derio
1117 394 1252 464 deinceps
1275 409 1387 449 mecum
1411 394 1442 448 in
1460 394 1505 448 his
1524 394 1673 450 laboravit.
1698 396 1731 450 ln
1753 397 1852 450 cedern

107 487 183 544 sunit
202 503 210 542 s
226 484 485 556 sedprreiulautia
501 483 596 539 debis
619 482 690 539 nihil
714 483 843 554 prolerre
861 481 952 554 potui.
1010 483 1120 538 visione
1156 483 1261 554 scripta
1300 482 1524 555 prophetarum,
1565 482 1790 553 Erengliorum,
1826 488 1855 537 et

108 577 141 631 lu
160 580 259 631 ootaro
286 578 382 629 autern
405 587 481 627 anno
504 572 598 626 aetatis
625 587 697 627 mem
721 572 750 626 in
777 571 953 644 spiritualem
1010 573 1133 629 aliorum
1171 577 1335 626 sanctorum
1381 572 1572 643 quorumdam
1605 570 1853 643 pbilosophorum,

108 663 353 719 conversationem
365 663 422 716 oso
433 661 528 716 oblata
545 676 620 725 sum,
632 669 657 716 et
671 675 762 732 usque
776 659 808 715 in
820 661 953 732 quintnrn
1010 662 1072 716 sine
1088 662 1147 717 nlla
1166 661 1292 716 hnmana
1307 659 1438 714 doctrine
1452 659 1591 726 intellexi,
1612 676 1644 714 ac
1667 660 1800 732 quasdem
1820 677 1853 715 ex

108 751 251 808 decimum
267 766 374 806 aunum
395 749 437 804 lui
454 749 546 804 rnulta
561 749 670 816 videns,
691 754 720 804 et
737 750 819 820 plnre
849 749 956 819 simpli·
1009 750 1067 806 illis
1082 750 1210 822 exposui,
1225 765 1291 804 com
1309 748 1355 805 vix
1370 747 1502 804 notitiam
1518 748 1680 805 litterarum
1706 748 1852 815 haberem,

108 841 178 896 citer
202 841 339 911 loquens,
360 838 400 892 ite
429 836 507 908 qnod
531 843 557 891 et
581 835 811 906 admirabantur,
826 836 876 908 qui
893 837 955 892 baec
1010 839 1084 894 sient
1102 838 1216 894 indocta
1239 838 1344 893 mulier
1364 854 1411 893 me
1442 837 1590 894 docuerat.
1611 839 1666 894 Sed
1687 844 1716 893 et
1736 842 1853 893 centnm

103 929 273 995 audierunt,
289 928 366 982 nude
384 927 526 992 renuant,
543 930 574 980 et
593 941 610 980 a
632 941 689 997 qno
709 931 813 981 essent.
833 926 912 980 Tunc
927 930 956 980 et
1009 944 1074 983 cum
1094 928 1218 983 melodia
1241 929 1271 981 in
1294 927 1410 984 laudem
1436 927 1484 981 Dei
1507 932 1536 981 et
1556 930 1720 982 sanctorum
1746 927 1853 998 absque

108 1018 202 1089 egoin
222 1016 333 1087 meipsa
347 1015 488 1069 admirata
504 1029 578 1080 snm,
594 1014 672 1086 qnod
691 1029 755 1068 cnm
771 1013 847 1070 inlra
872 1011 955 1086 {sorte
1010 1017 1140 1072 doctrine
1153 1015 1241 1071 ullius
1257 1015 1382 1070 hominis
1397 1016 1504 1086 protuli
1518 1018 1547 1069 et
1561 1014 1682 1084 cantavi,
1697 1030 1762 1070 cnm
1779 1031 1853 1069 nnn·

107 1104 197 1178 intra]
213 1107 243 1161 in
257 1107 352 1162 anime
366 1102 435 1170 ridi,
457 1102 627 1158 exteriorem
641 1101 727 1156 etiam
743 1102 833 1158 visum
847 1102 953 1158 hebui:
1010 1121 1098 1177 qnam
1113 1105 1157 1160 vet
1171 1120 1306 1160 neumam
1330 1103 1396 1176 (29),
1412 1105 1457 1160 vel
1481 1110 1597 1159 centnm
1624 1104 1752 1174 aliquem
1777 1105 1854 1159 didi-

109 1199 137 1251 el
152 1195 227 1266 qnod
240 1194 295 1248 lroc
310 1193 344 1248 de
357 1193 438 1246 nullo
451 1190 571 1246 homine
587 1190 792 1262 audiebatque
802 1189 952 1260 visionem,
1009 1193 1121 1248 cissam.
1138 1195 1204 1248 llee
1219 1193 1254 1249 ad
1268 1193 1446 1250 audientiam
1467 1193 1641 1265 llogontines
1662 1192 1788 1250 eoelesiae
1808 1195 1853 1247 al-

108 1298 195 1356 qnnm
215 1282 245 1336 in
269 1281 365 1336 anima
385 1280 452 1346 vidi,
477 1285 617 1351 qnantum
640 1279 857 1350 potni,eelavi:
881 1278 956 1334 mul·
1009 1280 1066 1334 leta
1093 1296 1159 1335 cnm
1184 1286 1281 1335 essent
1306 1285 1334 1335 et
1362 1279 1499 1348 discussa,
1529 1295 1629 1335 omues
1658 1296 1690 1335 ex
1716 1281 1772 1336 Deo
1792 1297 1853 1336 esse

108 1375 195 1442 taque
218 1371 361 1425 exteriore
384 1368 515 1441 ignoraui
541 1368 575 1423 de
599 1368 745 1440 trequenti
770 1367 954 1438 egritudine,
1010 1369 1155 1435 dixerunt,
1171 1367 1423 1440 etexprophetia‚
1440 1383 1498 1438 qne
1519 1368 1589 1423 olim
1613 1368 1762 1440 prophete
1784 1384 1854 1439 pro·

109 1475 196 1530 qnam
223 1475 239 1512 a
270 1459 342 1513 lacte
372 1457 472 1512 matria
502 1472 575 1512 mere
601 1457 748 1528 hucusque
770 1473 852 1528 passa
880 1472 954 1522 snm,
1009 1458 1208 1529 phetaverant.
1226 1457 1334 1512 Deinde
1347 1457 1455 1528 scripte
1468 1472 1534 1512 mea
1549 1458 1677 1527 Eugenio
1692 1473 1774 1528 papae
1786 1457 1854 1528 (30),

108 1563 174 1620 qnoe
189 1562 304 1602 carnem
322 1561 415 1600 meam
432 1545 596 1612 macerarit,
613 1551 641 1600 et
662 1560 766 1616 exque
790 1545 862 1599 vires
882 1560 954 1600 meae
1010 1560 1076 1600 cum
1101 1544 1220 1599 Treberi
1244 1548 1327 1608 esset,
1357 1544 1443 1598 allata
1469 1549 1546 1613 sunt,
1572 1544 1623 1616 qui
1646 1560 1680 1598 sa
1708 1549 1856 1616 gratanter

108 1636 282 1692 deiecerunt.
307 1635 355 1690 llis
379 1635 460 1712 valde
487 1634 616 1706 fatigata,
644 1650 660 1688 a
688 1633 811 1708 quedam
842 1634 953 1689 nutrice
972 1601 1105 1689 Bcoram
1139 1632 1273 1704 plurimis
1306 1631 1363 1702 tegi
1387 1631 1465 1699 lecit,
1492 1648 1526 1686 ao
1546 1647 1599 1702 per
1621 1632 1748 1702 seipsum
1773 1631 1853 1702 legit,

108 1740 173 1780 mee
189 1723 317 1796 quesivi,
337 1724 362 1777 si
383 1723 489 1794 aliqua,
516 1723 642 1793 exceptis
661 1721 860 1790 exterioribus,
875 1722 953 1777 vide·
1008 1723 1193 1793 multumque
1209 1720 1245 1776 de
1258 1722 1352 1791 gretie
1364 1720 1414 1775 liei
1434 1720 1592 1787 conlidens,
1615 1720 1856 1776 benedictionem-

108 1817 162 1880 ret,
188 1817 217 1867 et
239 1811 312 1866 nibil
339 1811 412 1867 mibi
436 1811 503 1866 inde
535 1810 694 1881 rospondit,
720 1811 858 1881 quoniam
881 1809 954 1865 nibil
1009 1828 1065 1883 qne
1085 1826 1167 1866 suam
1189 1825 1255 1864 cnm
1283 1808 1386 1864 litteris
1410 1808 1481 1864 mibi
1505 1809 1632 1874 mittens,
1656 1808 1796 1881 pracepit
1821 1815 1855 1864 ut

109 1900 180 1974 [ms.
212 1900 283 1955 nihil
317 1898 430 1968 horum]
457 1898 582 1954 ridebat.
614 1899 693 1953 Tunc
721 1913 826 1969 magno
850 1899 954 1955 timore
1009 1916 1053 1965 ea,
1075 1915 1140 1970 ane
1162 1898 1192 1953 in
1222 1898 1330 1953 visione
1355 1898 1484 1953 videram
1507 1899 1552 1953 vel
1575 1898 1717 1964 audirem,
1742 1897 1855 1969 scriptis

108 1995 249 2060 correpte,
272 2003 329 2042 non
352 1988 492 2043 audebam
521 1989 581 2042 trae
604 1986 738 2058 cuiqnam
759 1986 953 2055 manifestere,
1011 1988 1146 2044 attentius
1161 1987 1405 2042 commendarem.
1423 2007 1438 2036 n

109 2077 158 2132 sed
190 2081 287 2132 temen
319 2063 402 2146 plura
432 2075 584 2147 loquendo,
614 2075 760 2144 dictando,
787 2075 822 2130 de
850 2075 954 2131 futuris
1047 2077 1211 2148 l8.,ltaqne
1235 2073 1302 2148 [nes.
1334 2074 1424 2146 igitur
1455 2075 1500 2146 ex]
1525 2075 1616 2132 beatae
1642 2074 1763 2146 virginis
1788 2076 1853 2145 pnl-

109 2164 234 2220 solebam
254 2179 400 2220 enarrare.
427 2165 459 2219 Et
482 2164 597 2235 quando
621 2163 675 2218 bec
697 2163 805 2220 visione
831 2164 956 2235 pleniter
1009 2165 1151 2221 cherrima
1166 2163 1285 2234 risione,
1301 2163 1387 2218 etsui
1403 2164 1524 2233 timoris,
1545 2180 1632 2236 quem
1650 2164 1687 2219 ad
1710 2179 1854 2220 accessum

108 2254 310 2325 perlundebar,
328 2252 428 2321 multe,
450 2269 515 2324 quoe
537 2251 722 2308 audientibus
745 2252 839 2307 aliene
861 2258 953 2322 eraut,
1010 2253 1136 2327 Spiritus
1159 2253 1251 2308 sancti
1275 2252 1417 2324 capiebat,
1437 2253 1617 2321 recitatione,
1638 2254 1673 2309 de
1698 2253 1855 2324 apostolici

109 2342 257 2414 loquebar.
273 2341 328 2398 Sed
343 2358 410 2397 enm
424 2341 464 2396 ris
485 2339 603 2395 cisionis
623 2339 838 2412 aliquantulum
860 2341 953 2406 cessit,
1009 2357 1125 2414 qnoque
1149 2340 1359 2407 benedictione,
1384 2344 1414 2395 et
1440 2340 1475 2396 de
1507 2345 1642 2412 percepta
1670 2341 1707 2395 ab
1730 2356 1765 2396 eo
1789 2341 1856 2395 scri-

109 2432 140 2488 in
162 2447 220 2502 qua
244 2446 289 2486 me
317 2431 384 2502 plns
417 2429 574 2485 secundnm
603 2443 696 2482 mores
715 2426 844 2496 infantis,
868 2444 955 2500 qnam
1008 2430 1097 2487 bandi
1120 2428 1321 2501 permissione,
1346 2433 1478 2499 patenter
1501 2428 1679 2500 colligimus,
1696 2431 1781 2501 ¹qnod
1806 2430 1855 2485 ille

109 2519 265 2577 secundnm
286 2533 377 2574 annos
396 2517 487 2573 estatis
509 2532 580 2572 mear
595 2516 720 2584 exhibui,
738 2516 820 2572 valde
841 2516 954 2584 erubui,
1010 2518 1132 2574 dilectus
1151 2533 1221 2572 snus
1243 2516 1372 2588 Sponsus
1396 2516 1518 2572 coelestis
1539 2517 1620 2571 tesns
1639 2518 1768 2574 Christus
1790 2533 1855 2574 rere

109 2614 139 2663 et
161 2623 237 2678 saepe
260 2605 336 2671 flevi,
365 2612 394 2661 et
416 2605 563 2661 multoties
588 2605 712 2660 libenter
738 2605 901 2672 tacuissem,
932 2604 956 2659 si
1009 2607 1088 2663 misit
1102 2621 1220 2661 manum
1234 2622 1325 2669 suam,
1348 2606 1377 2662 id
1393 2610 1437 2660 est
1459 2607 1656 2678 operationem
1679 2610 1709 2662 et
1729 2605 1856 2678 inspira-

109 2696 182 2752 mibi
196 2695 332 2751 licuisset.
343 2697 405 2751 Prae
421 2695 526 2750 timore
542 2699 650 2762 entem,
663 2708 750 2765 quem
764 2693 798 2748 ad
823 2693 955 2748 homiues
1011 2696 1120 2752 tionem
1146 2694 1270 2767 Spiritus
1290 2694 1391 2763 sancti,
1414 2711 1467 2767 per
1490 2696 1629 2761 toramen,
1652 2698 1706 2752 boc
1729 2701 1781 2765 est,
1804 2713 1856 2768 per

109 2785 262 2853 habebam,
278 2783 423 2856 quomodo
438 2784 575 2848 viderem,
594 2782 668 2837 nulli
694 2782 787 2838 dicere
803 2782 953 2837 andebam.
1012 2785 1152 2840 occultem
1168 2783 1291 2856 gratiam
1306 2799 1398 2850 suem,
1413 2788 1442 2840 et
1455 2789 1555 2840 rentm
1568 2784 1640 2854 ejus,
1654 2783 1760 2841 seilicet
1775 2801 1856 2840 mens

107 2874 162 2930 Sed
177 2874 310 2946 quedem
326 2873 432 2929 nobilis
446 2872 567 2940 lemine,
581 2871 627 2927 oui
650 2871 679 2926 in
703 2869 855 2942 disciplina
876 2885 954 2927 eram
976 2880 1073 2941 csna,
1098 2874 1133 2928 ed
1157 2877 1266 2927 tactum
1286 2871 1361 2942 ejus,
1383 2871 1439 2928 hoc
1463 2879 1508 2928 est
1532 2872 1569 2928 ed
1593 2872 1767 2930 inlusionem
1793 2889 1857 2946 grn-

108 2962 232 3028 snbdite,
247 2965 309 3018 hec
327 2962 447 3029 noterit,
463 2964 491 3015 et
505 2959 621 3016 cuidam
644 2958 700 3014 sibi
716 2964 792 3014 notae
807 2960 956 3014 monache
1011 2963 1060 3018 tice
1075 2978 1134 3018 snas
1151 2961 1312 3030 intremuit,
1338 2962 1376 3017 ob
1400 2962 1560 3017 insolutum
1583 2962 1714 3034 vigorem
1738 2962 1857 3034 spiritns

111 3051 164 3119 (27)
180 3051 335 3122 aperuit.»
1011 3056 1040 3106 et
1071 3051 1201 3122 pondus,
1237 3050 1312 3120 qnod
1346 3050 1469 3106 interius
1499 3051 1601 3106 sensit.
1634 3051 1706 3116 Quid
1740 3051 1856 3123 aptius?

145 3143 188 3194 l7.
209 3138 308 3194 Eidem
323 3136 440 3193 leminoe
456 3137 531 3192 Deus
546 3151 598 3207 per
621 3133 744 3206 gretiam
767 3151 849 3190 snam
874 3135 957 3208 qnasi
1010 3138 1079 3212 qnid
1089 3137 1325 3193 convenientius?
1335 3137 1416 3193 Certe
1431 3138 1504 3194 sient
1518 3154 1570 3210 per
1583 3138 1710 3194 illumin
1724 3139 1785 3194 Elia
1798 3141 1855 3210 (37)

109 3226 235 3282 rivulum
251 3243 284 3281 ex
301 3227 400 3282 multis
415 3225 498 3297 equis
513 3223 628 3290 inludit,
644 3223 685 3278 ite
698 3224 775 3296 quod
790 3224 872 3280 bonis
887 3240 957 3295 ope·
1010 3228 1127 3285 sibilum
1141 3243 1220 3283 auree
1230 3219 1354 3284 tenuem
1377 3225 1443 3299 [ms.
1467 3228 1570 3301 tenuis]
1587 3228 1767 3300 frequentior
1789 3228 1856 3283 visi.

107 3316 190 3371 ribus
208 3315 335 3387 quietam
351 3330 406 3369 nnn
423 3313 524 3369 tribuit
539 3311 607 3383 (28),
631 3328 781 3383 quousque
796 3313 872 3368 bono
897 3312 955 3368 line
1010 3316 1080 3374 tatio
1102 3314 1248 3388 signetur,
1276 3315 1318 3372 ita
1345 3315 1435 3371 divini
1466 3315 1588 3388 Spiritus
1616 3331 1747 3388 saporem
1773 3317 1857 3372 toties

107 3408 280 3476 presentem
307 3403 394 3458 vitam
417 3401 522 3466 finivit,
545 3401 627 3471 cujus
650 3401 738 3456 etiam
757 3401 859 3456 merita
880 3402 956 3456 Deus
1011 3403 1180 3476 degustabat
1210 3419 1292 3460 mens
1318 3404 1391 3476 ejus,
1416 3403 1529 3476 quoties
1553 3404 1583 3458 in
1606 3404 1857 3476 contemplationis

108 3508 160 3563 par
182 3491 315 3563 quedam
346 3490 467 3562 pulchra
502 3489 628 3545 ostendit
656 3489 747 3560 signa.
781 3491 847 3545 Post
874 3490 956 3561 cujus
1010 3490 1188 3547 sublimitate
1210 3491 1449 3562 suspendebatur.
1470 3491 1506 3546 Et
1530 3490 1601 3562 qnid
1620 3491 1706 3547 lecit?
1724 3490 1856 3558 Serrai,

107 3580 197 3636 linem
213 3580 253 3634 ita
267 3579 413 3651 permansi
428 3577 526 3632 videns
542 3577 571 3632 in
591 3577 845 3650 quadragesimum
863 3580 956 3634 etatis
1010 3579 1164 3652 inquitet
1185 3579 1330 3651 operirem
1348 3579 1453 3637 dtloeto
1474 3596 1538 3637 meo
1563 3581 1660 3652 (cont.
1684 3583 1721 3648 r).
1747 3580 1769 3637 0
1789 3595 1857 3636 rere

108 3683 312 3724 meneaunum.
338 3667 416 3721 Tunc
437 3666 468 3720 in
490 3664 591 3720 endem
614 3664 725 3720 risione
746 3681 852 3738 magne
875 3684 951 3739 pres·
1010 3667 1094 3723 beata
1110 3667 1201 3739 virgo,
1226 3683 1301 3740 qnae,
1326 3667 1400 3723 sient
1427 3669 1565 3740 scripturn
1590 3671 1643 3737 est,
1668 3668 1736 3740 quie
1758 3669 1859 3725 dilexit

108 3773 176 3813 sure
198 3760 294 3811 concta
319 3771 382 3810 snm
407 3755 502 3826 palem
526 3753 711 3809 manilestare
736 3769 770 3809 ea
790 3770 855 3826 qnae
877 3756 956 3811 ride·
1010 3756 1298 3826 cordismunditiem,
1309 3761 1427 3830 propter
1441 3756 1565 3828 gratiam
1580 3756 1725 3813 labiorum
1737 3773 1856 3814 suornm

111 3862 172 3902 ram
184 3850 214 3901 et
228 3845 386 3902 audieram.
399 3842 454 3900 Sed
470 3843 551 3898 valde
571 3843 656 3898 timui
671 3846 699 3897 et
712 3843 815 3898 erubui
829 3843 957 3914 prolerre
1011 3844 1100 3901 habet
1114 3845 1238 3900 amicum
1253 3846 1371 3916 llegem,
1388 3845 1417 3900 id
1439 3849 1491 3912 eat,
1507 3844 1663 3910 Christum,
1680 3863 1697 3900 a
1723 3862 1781 3918 qno
1801 3848 1858 3902 tate

111 3951 176 4008 qnae
199 3941 258 3990 tam
279 3934 328 3990 din
344 3933 491 3990 silueram.
508 3934 593 3987 Venas
615 3937 710 3986 antem
733 3932 868 3988 medulla
891 3930 955 4003 [ma.
1010 3935 1141 4004 percepit
1159 3934 1284 3989 dnnnml
1300 3933 1464 3990 Secundum
1483 3949 1650 3989 mensnram
1665 3934 1755 4002 enim,
1770 3951 1858 4007 quam

107 4029 136 4079 et
151 4019 300 4094 medullae]
311 4037 384 4076 meae
396 4020 568 4092 tnncplenoe
582 4020 689 4078 virium
704 4024 796 4088 erant,
808 4020 838 4075 iu
852 4021 956 4092 quibus
1011 4019 1065 4074 sibi
1078 4020 1145 4075 dere
1168 4019 1291 4092 Spiritus
1312 4026 1426 4075 sanctus
1449 4019 1551 4088 voluit,
1572 4035 1641 4075 uam
1662 4020 1737 4076 sicut
1758 4022 1857 4092 spiret,

107 4111 144 4166 ab
166 4108 299 4179 [infantia
323 4112 352 4163 ct
371 4107 522 4177 juventute
545 4123 609 4164 mea
632 4107 776 4164 delectum
803 4108 954 4164 habebam.
1011 4107 1062 4163 ubi
1089 4108 1160 4176 vult,
1188 4107 1229 4162 sic
1255 4106 1342 4162 etiam
1370 4107 1473 4162 dividit
1498 4108 1629 4180 singulis,
1663 4112 1752 4180 pront
1786 4111 1856 4180 vult,

108 4201 164 4255 lsta
178 4198 302 4258 Ponidam
326 4197 467 4252 monacho
493 4197 631 4268 magistro
652 4213 716 4253 meo
739 4197 880 4261 intimavi,
906 4179 1082 4270 quinquin
1112 4200 1242 4267 surgeret
1268 4201 1298 4251 et
1327 4196 1430 4252 dilecto
1466 4196 1608 4269 aperiret,
1639 4212 1770 4254 recusare
1799 4215 1858 4254 non

106 4289 190 4344 bonas
212 4286 436 4343 conversationis
450 4290 479 4342 et
504 4286 649 4358 diligentis
667 4286 837 4342 intentionis
851 4303 883 4342 ac
905 4303 952 4341 ve·
1010 4288 1145 4356 poterat:
1169 4288 1303 4354 etnunc
1329 4301 1415 4352 voce,
1441 4300 1520 4340 nune
1554 4285 1676 4354 litteris,
1710 4288 1857 4360 pessulum

108 4378 163 4434 luti
177 4376 348 4448 peregrinus
370 4392 388 4431 a
407 4375 645 4430 sciscitationibus
669 4390 783 4430 morum
799 4375 956 4430 multorum
1011 4372 1079 4428 ostii
1114 4372 1159 4427 sni
1198 4373 1331 4445 aperiens
1361 4373 1483 4442 dilecto,
1523 4373 1594 4429 toria
1634 4376 1857 4447 exsequebatur,

108 4475 180 4526 erat.
208 4467 288 4523 Unde
313 4470 342 4521 et
363 4466 463 4522 eadem
488 4465 626 4521 miracula
648 4465 772 4521 libenter
794 4465 954 4536 audiebat:
1011 4461 1089 4534 quod
1112 4461 1191 4517 iutns
1214 4461 1333 4518 audivit.
1363 4462 1436 4527 Quid
1466 4463 1545 4518 intus
1565 4463 1700 4519 audivit?
1728 4465 1859 4520 limium-

109 4640 260 4715 absconso]
276 4642 440 4710 scriberem,
461 4642 552 4697 donec
571 4641 692 4709 videret,
713 4656 779 4713 qtroe
801 4639 867 4714 [me.
891 4656 957 4714 ques
1010 4639 1110 4708 (Proo.
1129 4637 1168 4709 v).

110 4729 215 4803 essent]
237 4734 267 4787 et
292 4729 368 4786 nude
394 4733 498 4785 essent.
524 4729 691 4804 Intelligens
714 4734 812 4786 antem
839 4730 917 4801 qnod
940 4744 957 4785 a
1049 4731 1090 4784 le.
1105 4727 1198 4799 lgitur
1211 4727 1281 4784 dnm
1296 4728 1331 4783 ad
1349 4728 1427 4785 bunc
1446 4729 1565 4786 modum
1580 4730 1723 4788 bonorum
1738 4748 1858 4805 opernm

145 4923 204 4998 (27)
236 4925 268 4980 ln
293 4939 345 4979 ms.
370 4922 478 4995 legitur
506 4940 515 4976 ε
540 4943 554 4972 «
577 4920 698 4977 Cnidum
724 4923 793 4976 noto
817 4921 871 4977 sibi
895 4936 957 4977 mo·
1048 4923 1107 4995 (23)
1131 4922 1163 4978 ln
1189 4937 1242 4977 ms.
1271 4939 1387 4989 nmmo,
1408 4923 1487 4996 qnod
1516 4940 1570 4996 pro
1593 4927 1788 4983 modulatione
1811 4945 1860 4983 sn-

110 4997 202 5052 uecbo
226 4995 350 5066 apernit.
378 5015 389 5043 ι
421 4995 485 5048 llaec
509 4993 593 5048 lectio
619 4992 713 5048 verior
737 4991 872 5048 videtur:
889 5008 957 5048 nem
1013 4994 1112 5050 mitur.

110 5067 228 5131 lemine,
258 5066 304 5121 cni
338 5065 442 5121 Sancta
476 5080 537 5118 rem
576 5063 698 5134 apernit,
731 5062 787 5118 luit
819 5063 849 5118 B.
880 5065 958 5120 Jntte
1049 5064 1104 5134 (30)
1131 5064 1169 5118 ns
1199 5064 1330 5120 examine
1364 5065 1536 5136 scriptorum
1557 5068 1682 5125 Treviris
1704 5070 1859 5125 lectocou-

110 5143 248 5210 magistre
268 5136 367 5208 ipsius,
391 5141 420 5190 et
435 5134 496 5190 brec
520 5133 714 5190 verisimiliter
737 5133 871 5190 directori
893 5151 954 5192 sno.
1013 5135 1076 5190 sule
1092 5135 1350 5203 Commentarinm,
1369 5153 1449 5192 unm.
1473 5139 1507 5192 27
1527 5142 1555 5193 et
1577 5141 1622 5195 23.
1648 5140 1771 5213 lleliqna
1792 5156 1859 5196 vero

146 5210 205 5278 (28)
234 5209 298 5266 llac
323 5207 359 5262 de
389 5208 417 5263 Β.
447 5206 537 5271 tutte,
564 5205 599 5260 de
650 5221 687 5260 na
711 5205 747 5260 ad
776 5205 811 5260 22
843 5205 958 5262 Decem·
1013 5205 1050 5261 de
1064 5205 1224 5261 visionibus
1238 5206 1329 5277 ipsius
1345 5209 1534 5280 §texpnsita
1547 5213 1624 5265 snut.
1678 5229 1681 5235 ’

110 5279 171 5336 bris
189 5295 318 5352 egemus,
343 5279 450 5333 iterum
471 5277 578 5358 rectius
596 5220 745 5357 bddsentnr
768 5275 799 5331 in
824 5291 877 5358 ms.
903 5277 958 5358 boc
1048 5277 1106 5348 (31)
1121 5277 1228 5332 Sibilns
1244 5292 1322 5358 auree
1337 5279 1433 5333 tennis
1449 5278 1516 5351 (111
1535 5280 1605 5354 Rep.
1629 5297 1685 5351 xix,
1704 5282 1746 5354 72)
1770 5283 1858 5355 signi·

111 5351 197 5408 modo
216 5367 222 5405 :
240 5351 310 5405 «lta
326 5348 403 5421 quod
422 5362 534 5418 corpori
555 5363 606 5402 suo
635 5361 665 5401 sn
690 5346 804 5418 vigilus,
824 5347 955 5419 Jejnnirs,
1013 5346 1118 5404 licebat
1133 5348 1200 5404 Elire
1213 5348 1406 5404 visitationem
1427 5349 1551 5406 Domini.

112 5426 141 5478 et
170 5419 280 5476 ceteris
304 5419 388 5476 bonis
411 5417 548 5489 operibus
571 5417 696 5490 quietem
721 5433 779 5474 uon
804 5417 915 5474 tribuit.
941 5437 955 5472 o
