3984 6034
182 118 248 171 tritt
908 110 937 165 S.
958 109 1193 167 ulbuuuluuls
1869 107 1951 163 {25³2

178 266 238 305 ram
265 264 350 304 suum
382 246 537 318 aliquando
560 245 718 300 secundum
745 260 841 300 aarum
869 246 972 311 habat;
995 249 1026 299 at
1043 248 1067 299 A
1083 249 1113 299 at
1133 244 1308 315 onychinum
1333 260 1419 315 super
1439 244 1584 317 fumigans
1608 245 1705 299 vinnam
1727 244 1804 301 illud
1828 249 1946 307 teneat,

178 342 276 392 tamen
296 336 385 391 etiam
409 334 512 405 ignaus
533 338 584 403 est,
610 333 680 405 quia
699 332 734 388 ab
751 333 817 403 igne
836 331 972 403 gignitur.
993 333 1028 387 lit
1083 337 1116 387 ut
1137 333 1223 387 sudor
1239 334 1274 387 de
1289 349 1322 386 ao
1338 334 1489 404 egrediens
1505 334 1570 388 vino
1591 332 1633 388 illi
1655 334 1904 393 commisceatur,
1920 340 1946 385 et

179 427 266 480 bomo
289 424 339 496 qni
358 424 512 493 caliginem
534 422 564 476 iu
587 422 678 477 oculis
693 420 811 492 patitur,
828 428 877 475 aut
891 420 937 475 cui
951 420 1027 475 oculi
1082 420 1186 475 deinde
1216 438 1282 475 eum
1311 421 1341 477 iu
1377 422 1454 478 idem
1489 422 1589 477 vinum
1625 423 1748 478 calidum
1776 429 1885 493 ponat,
1919 428 1945 474 et

128 548 131 553 .
178 512 286 568 turbidi
305 515 372 567 aunt
395 506 446 566 au't
467 514 589 575 suarem,
611 510 730 579 jachant
748 510 785 563 ad
810 509 902 563 solem
920 513 1027 573 tanam,
1083 508 1153 563 illud
1180 524 1249 565 mox
1276 510 1316 563 ita
1338 510 1428 579 bibat,
1447 513 1476 565 et
1498 511 1577 566 calor
1597 511 1690 567 cordis
1709 516 1739 565 at
1762 511 1867 565 latoris
1882 526 1947 563 ces

178 608 207 656 et
220 601 270 655 ille
282 599 380 655 statim
401 598 595 653 reminiscitur
616 598 684 668 qrnia
704 597 739 651 da
758 596 824 667 igne
843 596 958 664 genitus
972 605 1025 662 est,
1082 597 1164 653 subit.

178 695 207 745 ct
232 690 288 744 cito
302 687 460 753 incalescit,
484 694 512 741 ct
526 688 636 741 moxin
651 685 739 742 salira
753 700 821 741 eum
840 700 942 755 parum
958 700 1027 757 pcr-
1119 686 1151 740 Et
1173 684 1223 756 qui
1248 686 1277 741 in
1300 687 1450 742 stomacho
1471 686 1549 741 dolet
1570 686 1668 741 uirium
1691 702 1757 741 cum
1777 686 1945 757 onychino.

178 779 272 844 made,
292 782 320 831 at
339 777 380 830 ita
395 775 485 830 oculis
504 774 638 829 citissima
653 779 789 845 apponat,
814 778 846 826 ut
868 772 934 827 iuda
950 774 1026 827 cala·
1082 775 1114 829 ut
1127 773 1296 845 praedictum
1312 780 1365 841 cst,
1386 779 1477 845 parat,
1493 780 1523 830 et
1536 781 1605 831 ωηο
1624 790 1689 829 cum
1703 776 1807 830 codem
1824 774 1898 829 rino
1915 783 1944 827 rt

177 864 236 933 fiat,
263 870 293 919 ct
315 864 355 918 sic
378 879 454 934 saepc
477 862 573 922 faciat,
597 865 626 915 et
649 861 723 915 oculi
745 859 979 915 clarificabuntur
999 863 1028 913 ct
1082 874 1147 913 cum
1166 860 1227 913 ovis
1246 861 1419 931 gallinarum
1435 866 1464 915 at
1477 860 1602 917 farinula
1623 862 1711 930 suffen
1725 862 1822 926 faciat,
1840 867 1871 915 at
1886 862 1941 915 boe

177 953 240 1007 sani
259 958 354 1009 erunt.
380 953 411 1006 lit
434 951 459 1005 si
480 950 545 1022 qnia
567 966 620 1019 per
638 950 811 1004 fantasmata
831 954 881 1002 aut
899 962 950 1018 per
965 962 1026 1002 ma·
1081 962 1157 1018 saepe
1173 948 1258 1001 faciat
1278 951 1306 1002 at
1324 949 1466 1016 comodat,
1496 954 1523 1003 at
1544 952 1722 1004 stomachum
1745 951 1809 1020 ejus
1831 966 1941 1020 purga

176 1041 240 1110 gica
258 1040 347 1094 verba
371 1038 515 1093 bezaubert
537 1044 591 1106 cst,
615 1038 656 1091 ita
678 1037 755 1107 qnod
777 1051 875 1090 amens
890 1033 1025 1089 efficitur,
1080 1033 1132 1101 bit,
1157 1040 1185 1088 et
1208 1041 1298 1089 sanat.
1322 1036 1376 1091 Sed
1397 1042 1425 1090 at
1446 1036 1497 1108 qui
1522 1038 1553 1092 in
1575 1038 1674 1109 splene
1697 1038 1783 1102 dolet,
1805 1036 1939 1093 hircinas

177 1127 274 1199 accipe
293 1126 457 1198 siligineum
480 1141 584 1197 panem
601 1124 738 1191 calidum,
758 1130 787 1178 ct
808 1138 874 1178 eum
897 1124 928 1177 in
940 1138 1026 1193 supe·
1081 1123 1126 1177 rel
1144 1124 1267 1193 juvenes
1287 1124 1385 1179 crinas
1406 1140 1506 1179 carnus
1528 1128 1641 1197 coquat,
1664 1130 1693 1181 et
1710 1134 1803 1181 coctas
1818 1128 1853 1180 iu
1869 1128 1938 1179 rino

176 1215 248 1270 riori
272 1223 367 1270 curiata
390 1216 419 1268 in
446 1214 563 1268 inodum
591 1213 682 1267 crucis
713 1211 821 1277 scindo,
845 1227 905 1265 nun
928 1218 1026 1265 tamen
1082 1216 1111 1266 ct
1131 1228 1195 1266 cum
1216 1212 1371 1284 onychino,
1387 1218 1418 1267 nt
1437 1213 1632 1284 supradictum
1652 1220 1704 1279 est,
1721 1220 1819 1285 parato
1842 1215 1937 1267 intiu-

176 1321 242 1360 aum
277 1320 329 1375 per
359 1310 452 1357 lotum
481 1303 627 1373 frangens,
658 1308 687 1355 at
714 1300 839 1370 lapidem
863 1300 949 1354 istum
974 1315 1026 1370 per
1082 1306 1139 1354 ctas
1166 1300 1304 1367 comedat,
1335 1300 1413 1355 velut
1438 1302 1542 1373 aliquis
1568 1302 1648 1357 cibus
1673 1303 1704 1357 in
1725 1308 1805 1356 aucto
1825 1302 1936 1365 intingi

176 1393 328 1447 scissuram
363 1393 446 1445 istam
481 1392 615 1445 deorsum
639 1388 772 1442 lrabeat
796 1388 842 1442 dic
868 1404 875 1442 ε
902 1409 913 1437 ι
937 1388 1024 1455 Deus,
1081 1388 1164 1456 solet,
1196 1398 1223 1443 at
1245 1388 1305 1443 baec
1327 1405 1403 1460 sepa
1427 1390 1522 1455 faciat,
1554 1397 1583 1444 at
1607 1388 1689 1460 splen
1713 1388 1880 1451 sanabitur,
1908 1400 1935 1443 et

176 1483 226 1553 qui
247 1496 365 1537 omnem
389 1480 598 1551 pretiositatem
621 1477 752 1547 lapidum
775 1477 811 1531 da
834 1475 957 1548 dyabolo
977 1476 1024 1531 ab·
1046 1476 1206 1573 Bamplius
1229 1478 1410 1532 intumescat.
1432 1478 1467 1532 Et
1483 1478 1533 1549 qui
1556 1478 1643 1533 tortas
1661 1478 1729 1547 phar
1748 1478 1848 1540 habat,
1868 1495 1936 1547 ony-

172 1570 253 1641 y'acil‚
273 1583 338 1624 cum
362 1574 540 1638 preceptum
563 1567 625 1636 ojus
643 1572 838 1635 transgressus
859 1569 913 1631 cst,
928 1565 964 1618 dc
987 1569 1026 1631 te,
1082 1564 1197 1619 chinum
1217 1579 1269 1634 par
1284 1563 1413 1635 quinque
1437 1564 1498 1619 dias
1517 1565 1548 1621 iu
1571 1571 1682 1619 acutum
1703 1570 1801 1635 ponat,
1818 1568 1850 1619 rt
1865 1570 1936 1618 tunc

177 1660 223 1724 N.‚
248 1656 345 1711 omnia
365 1657 538 1711 fantasmata
560 1662 589 1709 ct
606 1654 703 1708 omnia
726 1652 835 1722 magica
853 1652 940 1706 verba
955 1652 1027 1724 abji·
1081 1651 1177 1705 ablato
1200 1666 1265 1705 cum
1289 1651 1389 1706 codam
1405 1657 1486 1706 aceto
1502 1668 1602 1706 omnes
1615 1652 1694 1707 cibos
1708 1668 1773 1705 suos
1788 1656 1937 1722 temperat

177 1745 243 1813 ciat,
269 1750 298 1799 ct
322 1744 358 1799 de
383 1751 412 1798 te
435 1743 563 1798 dolorem
589 1742 722 1795 amantia.
744 1741 831 1811 hujus
851 1740 987 1794 msulvat.
1011 1759 1025 1790 a
1082 1744 1112 1792 et
1134 1738 1257 1803 condiat,
1279 1746 1308 1793 ct
1330 1755 1381 1793 eus
1404 1740 1443 1795 ita
1459 1740 1600 1807 comedat,
1622 1747 1651 1794 ct
1670 1740 1737 1809 {lber
1756 1738 1885 1794 cassabit
1907 1749 1934 1792 er

177 1834 210 1888 Et
222 1834 328 1888 iturum
344 1832 480 1886 eumdem
490 1830 616 1901 lapidem
630 1845 681 1900 per
692 1828 817 1883 calidum
828 1842 931 1898 punam
944 1825 1027 1880 illum
1081 1827 1181 1881 leuiter
1203 1834 1362 1893 corruscat,
1383 1828 1451 1899 quia
1471 1828 1563 1883 honus
1583 1830 1662 1883 calor
1680 1827 1825 1899 onychini,
1842 1830 1935 1881 calori

176 1926 372 1976 transversum
397 1920 524 1983 trahens,
546 1919 591 1972 dic
614 1934 621 1972 ε
646 1935 661 1968 u
685 1917 764 1971 Sicut
783 1914 921 1981 splendor
939 1928 1027 1985 quem
1081 1915 1154 1969 acati
1178 1916 1353 1981 commistus,
1381 1917 1478 1971 noxios
1497 1917 1633 1971 humores
1652 1918 1686 1971 de
1710 1916 1816 1987 quibus
1835 1916 1935 1971 febres

177 2007 316 2079 dyabolus
329 2007 361 2061 in
380 2005 526 2060 rehabuit
541 1994 658 2075 propter
672 2002 930 2072 transgressionem
944 2016 1026 2055 suam
1081 2003 1216 2058 oriuntur
1248 2004 1338 2075 fugat.
1368 2005 1424 2061 Sed
1451 2012 1480 2060 at
1512 2007 1535 2059 si
1561 2006 1678 2060 tristitia
1705 2020 1863 2077 oppressus
1892 2022 1932 2065 es,

176 2094 214 2148 ab
237 2108 271 2147 ao
289 2092 402 2147 ablatus
424 2096 478 2158 est,
499 2090 541 2144 sic
565 2091 652 2144 ctiam
677 2090 739 2143 haec
760 2088 889 2143 amentia
907 2102 974 2159 quae
992 2089 1025 2142 N.
1081 2106 1149 2146 oum
1172 2098 1280 2147 attenta
1304 2092 1424 2163 inspice,
1439 2099 1469 2147 et
1482 2110 1549 2148 eum
1564 2094 1651 2149 etiam
1668 2110 1734 2149 mox
1752 2094 1783 2149 iu
1798 2112 1830 2149 cs
1846 2102 1932 2148 tuum

176 2196 229 2252 par
253 2181 378 2235 diversas
400 2179 537 2234 fantasias
561 2188 590 2232 ct
614 2193 665 2248 par
687 2177 800 2231 diuersa
823 2176 935 2247 magica
958 2176 1027 2230 fati-
1081 2196 1166 2252 puna,
1189 2187 1218 2235 et
1240 2182 1388 2253 oppressio
1422 2183 1526 2237 mentis
1558 2188 1615 2237 tua
1643 2183 1775 2237 cassabit.
1801 2183 1886 2248 Quod
1910 2184 1933 2235 si

177 2274 235 2340 gat,
252 2274 311 2325 atc
326 2269 474 2323 anferatur
488 2273 516 2322 ct
532 2283 549 2321 a
564 2270 591 2321 tc
606 2265 736 2333 deliciat3
749 2286 765 2315 ο
782 2271 813 2320 et
826 2265 961 2321 cuondam
973 2280 1027 2336 pu·
1081 2268 1168 2325 etiam
1192 2272 1307 2325 achelon
1331 2271 1417 2326 boras
1442 2271 1558 2326 infestat
1581 2278 1610 2325 et
1632 2270 1743 2335 occidit,
1768 2286 1879 2343 aquam
1897 2277 1931 2324 aa

176 2372 244 2413 nem
268 2358 344 2412 circa
366 2357 518 2411 scissuram
541 2356 633 2422 illam,
651 2370 704 2426 per
725 2370 811 2426 qnam
832 2353 951 2424 jachant
969 2359 1026 2407 tra·
1081 2357 1223 2428 ignomin
1238 2374 1303 2413 vase
1322 2360 1436 2425 calefac,
1453 2364 1481 2413 ct
1501 2360 1536 2413 de
1551 2360 1617 2430 igne
1632 2360 1735 2427 ablata,
1750 2360 1932 2431 onychinum

176 2446 254 2515 xisti,
275 2446 319 2501 illi
336 2445 386 2517 qni
408 2445 488 2500 dolet
507 2444 545 2499 ad
567 2443 776 2503 comedendum
792 2442 885 2496 dabis.
908 2442 989 2506 onoc
1003 2441 1027 2496 si
1081 2462 1168 2517 super
1182 2446 1313 2502 eamdem
1334 2447 1503 2518 fumigatam
1527 2464 1631 2518 aquam
1649 2455 1723 2515 tanc,
1744 2452 1777 2502 ut
1791 2448 1882 2503 sudor
1897 2450 1932 2503 dc

176 2534 225 2589 ille
264 2535 433 2606 siligineum
467 2548 574 2605 panem
608 2548 662 2603 per
689 2530 866 2585 debilitatum
898 2530 1027 2600 corporis
1081 2552 1115 2589 oo
1159 2535 1257 2590 exiens
1294 2536 1337 2593 illi
1371 2537 1598 2603 commisceatur,
1632 2542 1661 2591 ot
1696 2545 1764 2593 tuno
1802 2554 1871 2593 eum
1901 2536 1932 2591 in

177 2625 329 2679 comedere
353 2639 413 2678 non
437 2622 553 2693 poterit,
581 2626 651 2675 tunc
675 2634 808 2690 azymum
829 2634 933 2690 panem
957 2618 1026 2672 cali·
1081 2639 1187 2695 aquam
1210 2624 1289 2679 illam
1313 2641 1365 2696 par
1387 2631 1444 2679 tres
1465 2625 1526 2679 dies
1549 2642 1635 2696 pone,
1659 2630 1687 2680 et
1701 2627 1807 2682 deinde
1822 2627 1930 2695 ablato,

178 2713 257 2780 dum,
275 2711 304 2767 id
322 2716 365 2766 cst
386 2711 435 2766 der
454 2712 514 2765 brot
533 2724 598 2765 cnm
610 2708 735 2780 jacincto
750 2712 779 2762 ct
792 2707 920 2780 praefatis
934 2706 1028 2761 rer-bis
1081 2712 1212 2768 eamdem
1227 2727 1332 2784 aquam
1353 2713 1443 2769 hobus
1459 2714 1493 2767 ad
1509 2713 1665 2784 potandum
1683 2730 1757 2785 sarpa
1778 2714 1890 2779 tribua,
1904 2720 1932 2769 at

176 2801 338 2866 benedices,
363 2805 395 2854 ul
414 2799 586 2870 praedictum
606 2802 659 2864 esi,
683 2804 712 2851 el
734 2796 790 2867 ipsi
815 2795 853 2852 ud
876 2794 1028 2850 comedun·
1046 2802 1220 2872 cpabulum
1242 2818 1341 2857 eorum
1363 2817 1429 2855 oum
1450 2798 1513 2872 ipsa
1534 2816 1750 2873 oquaospergo,
1771 2807 1859 2873 atquo
1873 2802 1932 2856 fur-

176 2890 245 2945 dum
268 2890 386 2944 tribues.
407 2888 459 2943 Sed
480 2889 567 2941 etium
590 2885 724 2941 eumdum
741 2885 775 2939 ud
798 2883 917 2939 modum
935 2884 1027 2938 urticis
1081 2891 1159 2945 fureo
1188 2906 1253 2945 oum
1278 2890 1381 2945 eadem
1404 2905 1481 2962 aquo
1507 2889 1670 2957 commisce,
1700 2895 1728 2945 et
1753 2890 1796 2944 εἰς
1821 2891 1860 2945 ad
1885 2906 1931 2945 eo·

169 2991 229 3050 pet·
244 2994 345 3034 omnes
360 2976 468 3032 ualidos
479 2975 557 3030 cibus
570 2990 642 3047 quos
657 2972 706 3029 illo
718 2978 898 3028 comesturus
912 2977 957 3027 est
971 2968 1029 3025 ira·
1081 2978 1256 3034 medendum
1278 2994 1418 3051 propone,
1438 2982 1468 3034 ot
1480 2977 1535 3032 hoo
1556 2993 1631 3050 oaepo
1645 2977 1697 3045 fao,
1714 2982 1744 3033 ot
1763 2979 1869 3034 molius
1885 2980 1932 3034 ho-

175 3068 239 3135 hes,
259 3067 368 3123 scilieet
393 3080 446 3137 per
467 3080 578 3130 carnes,
599 3079 652 3134 per
672 3077 818 3128 womaro,
842 3068 871 3115 et
892 3074 947 3130 per
965 3059 1029 3113 reli·
1080 3066 1200 3123 boboni.

176 3172 249 3227 quos
270 3155 349 3209 cibos
369 3155 443 3224 ejus,
463 3161 493 3208 et
511 3154 599 3223 ipsos,
625 3166 691 3205 cnm
714 3165 812 3204 cruces
832 3149 861 3203 in
887 3150 928 3202 eis
946 3147 1026 3215 facis,
1310 3155 1374 3212 cop,
1396 3155 1696 3211 1V,-1)2133ffl0,

176 3260 241 3298 cum
266 3242 394 3313 praefatis
413 3240 507 3296 verbis
526 3238 686 3303 benedices,
706 3242 735 3291 ct
757 3238 813 3292 hoc
831 3252 906 3308 sape
929 3236 1026 3304 facias,
1117 3244 1246 3317 Boryuus
1277 3244 1385 3300 calidus
1408 3249 1460 3312 ost,
1493 3249 1521 3299 or
1543 3260 1595 3315 por
1617 3244 1745 3313 singulos
1768 3242 1832 3299 dios
1857 3246 1930 3299 iures

176 3338 205 3386 ei
219 3331 376 3387 curabitur.
391 3329 445 3385 Sed
468 3332 498 3383 eb
521 3327 571 3400 qui
595 3328 626 3381 in
647 3326 732 3381 cordo
751 3325 837 3393 dolui,
859 3324 1028 3397 climJ'utlin-
1082 3334 1197 3389 tertiam
1220 3333 1322 3388 hoo-om
1348 3331 1405 3388 diei
1429 3340 1459 3387 el,
1482 3333 1558 3387 inter
1585 3332 1708 3388 mediam
1729 3334 1805 3387 diem
1830 3334 1931 3387 offigit

177 3424 223 3475 cto
248 3419 364 3491 signum
380 3416 471 3472 crucis
494 3432 581 3488 snper
595 3431 645 3470 cor
658 3430 744 3469 auum
760 3415 856 3484 faciat,
872 3420 903 3470 ct
918 3413 1027 3487 pradi—
1080 3421 1116 3478 (ιθ
1140 3437 1242 3492 spuma
1266 3437 1360 3493 squar,
1385 3436 1450 3475 cum
1475 3422 1517 3476 sol
1537 3421 1629 3491 ipsam
1652 3418 1764 3475 fortiter
1781 3420 1929 3485 incendit,

177 3514 222 3565 0¹⁸
233 3509 320 3564 Verbi
336 3507 422 3574 dlfflh
438 3510 467 3561 0¹
482 3504 585 3560 ⁰¹⁰5!ss
597 3502 722 3559 habebit·
1081 3517 1111 3565 ct
1131 3509 1174 3564 ris
1195 3511 1257 3580 ojus
1278 3510 1369 3580 magis
1393 3508 1428 3564 dc
1449 3525 1515 3564 aera
1539 3515 1567 3564 et
1581 3510 1615 3564 de
1631 3525 1706 3581 aqna
1727 3514 1770 3563 est
1785 3524 1878 3580 quam
1898 3510 1929 3564 dc

391 3597 455 3651 Car.
473 3594 522 3650 lfl.
538 3594 630 3648 -Dr
653 3591 812 3648 Onrcnrno.
1081 3596 1158 3667 igne,
1186 3597 1237 3651 sed
1262 3600 1359 3651 lamen
1386 3597 1596 3669 aliquantulum
1620 3596 1732 3668 igneus.
1757 3598 1790 3651 lit
1814 3598 1839 3651 si
1868 3598 1930 3669 quis

215 3686 379 3758 onychinus
397 3683 506 3739 calidus
520 3688 574 3751 θεῖ,
589 3680 707 3736 eieircu
723 3679 954 3736 funiambulum
968 3676 1025 3732 diei
1081 3683 1169 3739 homo
1192 3701 1335 3740 renonum
1354 3686 1414 3756 jam
1430 3684 1555 3740 comedit
1579 3689 1630 3763 ool
1644 3685 1725 3751 bibit,
1743 3700 1809 3741 mox
1831 3686 1869 3739 do
1888 3688 1930 3740 bu·

176 3776 208 3831 in
232 3777 322 3847 spisso
339 3773 416 3829 nube
437 3770 629 3837 crescit,cum
650 3768 790 3823 solvaldc
810 3768 1025 3834 sadracarum
1081 3772 1154 3842 ryllo
1177 3772 1208 3826 in
1231 3772 1414 3841 queckbronen
1442 3778 1493 3827 ant
1517 3772 1547 3827 in
1571 3772 1656 3827 aliam
1686 3788 1790 3845 aquam
1819 3776 1931 3829 nrodicc

176 3871 274 3921 tamen
288 3864 408 3919 diversae
419 3861 607 3931 nnbessuper
621 3859 709 3913 solam
724 3857 889 3926 ascendant,
901 3854 1026 3926 itaqnod
1080 3859 1188 3927 schabe,
1211 3865 1239 3915 et
1261 3860 1356 3914 atatim
1371 3860 1459 3923 bibat,
1481 3867 1510 3915 et
1531 3860 1570 3915 sic
1586 3876 1638 3932 per
1656 3862 1785 3933 quinqua
1805 3862 1868 3918 dias
1890 3864 1930 3918 fa·

177 3956 220 4010 sol
244 3969 297 4025 por
322 3949 543 4007 inundationem
566 3961 706 4018 aquarum
736 3961 788 4016 per
813 3961 861 3999 aas
887 3957 1027 4016 apparere
1081 3948 1148 4015 ciat,
1173 3948 1261 4003 semul
1285 3948 1314 4002 in
1337 3948 1383 4003 dic
1403 3948 1520 4019 jejunus
1540 3949 1652 4016 bibens,
1672 3955 1701 4004 ct
1721 3966 1865 4005 venenum
1882 3958 1931 4005 aut

177 4059 235 4097 non
258 4046 366 4114 putest;
382 4054 435 4093 nec
450 4042 511 4109 ipsa
527 4051 664 4106 magnum
685 4034 820 4089 ardorem
838 4033 914 4104 ignis
929 4032 1025 4099 habat,
1081 4052 1133 4108 por
1157 4051 1293 4090 nauseam
1317 4037 1473 4106 spumabit,
1495 4042 1544 4092 aut
1562 4053 1614 4109 par
1632 4039 1745 4092 cumin
1761 4041 1930 4110 posteriori·

178 4131 227 4186 sed
243 4131 368 4184 calorem
383 4126 458 4181 acris
472 4131 552 4179 tenet
565 4128 595 4177 et
611 4124 706 4177 radice
726 4122 795 4177 aclis
819 4121 919 4188 oritur,
940 4124 1026 4191 atque
1048 4102 1136 4179 Dhus
1156 4122 1299 4179 transibit.
1315 4124 1347 4179 El
1364 4125 1413 4197 qui
1433 4141 1499 4180 aum
1520 4125 1594 4197 apud
1609 4142 1639 4181 sa
1661 4142 1775 4196 semper
1788 4128 1889 4193 habet,
1905 4134 1932 4183 et

177 4219 214 4274 de
240 4216 360 4273 dirersis
388 4212 513 4268 nubibus
541 4212 766 4283 conglutinatur.
796 4209 863 4265 Ideo
890 4224 1027 4281 magnam
1081 4230 1157 4284 sape
1179 4212 1210 4267 in
1228 4229 1314 4268 manu
1331 4230 1381 4268 sua
1396 4219 1484 4282 tanat,
1506 4220 1533 4270 cl
1548 4230 1624 4286 sape
1638 4214 1763 4285 inspicit,
1783 4232 1851 4271 cum
1866 4218 1931 4271 aliis

176 4308 313 4363 virtutem
341 4309 441 4359 contra
464 4302 649 4356 infirmitates
684 4299 772 4355 babet
803 4316 869 4372 qnae
896 4298 932 4353 de
960 4313 1025 4353 acre
1080 4300 1247 4356 hominibus
1272 4300 1394 4355 faciliter
1415 4317 1473 4358 non
1492 4306 1591 4371 cariat,
1614 4318 1667 4358 nec
1680 4302 1781 4373 stridig
1803 4310 1857 4373 est,
1883 4306 1930 4359 sed

178 4397 323 4452 oriuntur.
345 4394 381 4448 Et
408 4392 453 4447 cni
478 4390 555 4445 oculi
579 4390 712 4459 caligant,
741 4389 785 4442 rcl
807 4387 905 4459 aliquo
930 4385 1026 4455 modo,
1080 4386 1256 4459 tranquillus
1275 4392 1382 4441 manat.

178 4485 286 4540 scilicet
307 4483 341 4537 de
357 4496 511 4552 capsacem,
527 4479 722 4542 infirmantur,
739 4476 769 4531 in
784 4491 833 4530 aas
853 4490 965 4530 ueneram
981 4476 1026 4530 rel
1308 4474 1372 4528 Gar.
1388 4473 1419 4528 V.
1437 4505 1472 4515 -
1486 4475 1526 4529 iia
1540 4474 1700 4530 Sanuomca.

177 4589 318 4646 cupreum
333 4572 377 4625 rol
391 4571 421 4624 in
442 4568 616 4624 calibineum
635 4582 740 4638 purum
757 4572 785 4620 ct
798 4566 907 4620 bonum
927 4563 1027 4618 vinum
1115 4560 1253 4619 Sardonir
1275 4561 1384 4617 calidus
1398 4566 1449 4630 est,
1476 4568 1506 4618 ct
1528 4579 1580 4635 por
1597 4564 1724 4635 singulos
1737 4564 1798 4619 dias
1817 4567 1927 4632 crescit,

178 4668 276 4735 ponat,
301 4658 477 4732 onychinum
497 4655 527 4711 in
549 4654 621 4709 illud
643 4654 742 4708 vinum
766 4657 864 4725 ponah
889 4656 919 4707 et
938 4652 970 4708 in
992 4666 1027 4705 eo
1081 4665 1146 4705 cum
1163 4655 1241 4707 sexta
1255 4650 1326 4705 hora
1342 4652 1403 4721 jam
1427 4651 1540 4718 defecit,
1562 4657 1669 4707 etcum
1683 4653 1832 4707 lineauna
1847 4670 1929 4708 nona

178 4756 227 4806 ant
246 4765 297 4822 par
321 4746 488 4820 quindecim
512 4750 563 4799 ant
586 4759 637 4814 per
657 4741 775 4813 triginta
796 4742 857 4797 dias
879 4741 981 4810 beysze,
998 4745 1029 4794 ct
1080 4738 1161 4793 borae
1186 4737 1245 4794 diei
1267 4738 1394 4805 transiit;
1422 4744 1451 4795 at
1472 4741 1541 4794 tuuc
1565 4738 1600 4795 dc
1627 4754 1700 4811 puro
1722 4740 1781 4794 sola
1805 4740 1927 4805 furatur,

177 4844 247 4895 tunc
269 4836 396 4910 lapidem
419 4836 508 4888 istum
524 4831 644 4897 auferat,
666 4829 787 4885 elidem
803 4830 901 4884 vinum
916 4828 946 4882 in
961 4844 1028 4884 vase
1081 4841 1147 4881 curn
1173 4826 1216 4881 sul
1238 4826 1270 4880 in
1291 4826 1416 4897 puritate
1438 4842 1489 4882 sna
1511 4826 1597 4896 lucet,
1623 4827 1690 4899 quia
1705 4844 1755 4882 aer
1769 4832 1837 4883 tunc
1854 4830 1929 4884 infri-

177 4929 228 4984 illo
250 4927 406 4997 relinquat,
438 4934 467 4977 et
488 4919 690 4993 persingulas
714 4924 811 4973 noctes
835 4916 938 4972 codam
961 4916 1028 4971 rino
1082 4931 1197 4986 goscera
1222 4914 1332 4986 incipit,
1363 4922 1390 4971 ct
1418 4916 1484 4972 ideo
1506 4917 1597 4988 magis
1626 4916 1661 4972 dc
1689 4916 1756 4988 igne
1778 4932 1867 4991 quam
1894 4917 1927 4971 da

179 5016 278 5072 oculos
305 5030 373 5068 suos
400 5010 511 5067 modico
538 5013 648 5079 tangat,
674 5012 704 5062 ct
728 5005 970 5071 clarificabuntur,
999 5008 1027 5059 et
1082 5020 1148 5059 aera
1170 5008 1218 5059 aut
1234 5020 1320 5076 quam
1338 5004 1373 5059 do
1397 5020 1474 5076 aqua
1497 5012 1554 5072 ast;
1570 5010 1599 5060 et
1614 5004 1721 5061 validas
1741 5006 1815 5061 virus
1829 5005 1861 5060 in
1880 5022 1926 5061 na·

179 5105 242 5161 sani
256 5109 352 5158 crunt.
371 5100 425 5157 Sed
444 5104 473 5153 at
495 5096 546 5169 qni
567 5095 596 5153 in
617 5095 703 5151 cordo
725 5095 802 5149 dolat
821 5091 914 5147 autin
928 5092 1025 5159 latere,
1082 5097 1147 5148 tura
1175 5106 1226 5148 sua
1245 5091 1342 5160 habet,
1365 5097 1394 5147 et
1418 5093 1547 5165 quinque
1573 5094 1701 5149 sensibus
1729 5093 1854 5149 hominis
1880 5094 1927 5147 ali-

179 5194 355 5265 unychinum
376 5190 408 5244 in
431 5187 564 5243 manibus
586 5184 646 5240 suia
667 5183 762 5238 velad
783 5188 879 5237 cutem
900 5180 1029 5253 corporis
1083 5196 1170 5254 qoam
1193 5180 1329 5236 virtutem
1355 5181 1466 5248 tribuit,
1491 5188 1520 5235 at
1542 5182 1584 5236 eis
1603 5186 1646 5236 est
1671 5180 1815 5254 quoddam
1841 5198 1928 5237 remc-

179 5278 394 5346 suicalefaciat,
419 5283 448 5333 et
467 5276 555 5331 ctiam
570 5275 670 5329 vinum
685 5272 790 5327 iterum
805 5270 841 5326 ad
864 5269 1027 5342 ignemva-
1082 5269 1174 5339 dium,
1204 5268 1273 5341 quia
1295 5269 1327 5324 in
1357 5268 1482 5340 puritate
1502 5270 1570 5325 solis
1595 5269 1734 5336 nascitur,
1761 5285 1828 5325 cnm
1850 5270 1927 5325 nulla
1973 5300 1974 5345 l

180 5371 257 5425 sculc
280 5368 435 5433 calefaciat,
458 5370 488 5421 et
509 5369 578 5419 tnnc
601 5360 677 5417 idam
699 5376 748 5417 ras
768 5359 804 5415 dc
818 5358 885 5431 igns
904 5358 1027 5421 auferat.
1083 5357 1219 5414 foetiditas
1232 5356 1264 5413 in
1279 5355 1408 5413 claritate
1431 5358 1499 5415 solis
1519 5363 1647 5431 apparet.
1667 5359 1739 5415 llam
1759 5374 1826 5415 cum
1841 5358 1926 5415 bomo
1973 5346 1974 5375 ³
