3984 6034
168 200 221 254 tat
896 196 924 252 S.
948 194 1201 252 ttttulttttltuls'
1872 196 1921 248 tat

169 345 241 386 nam
265 327 361 385 devoti
383 326 542 399 juvaminis
562 327 725 398 petentibus
739 325 899 398 porrigant,
928 327 952 381 si
976 331 1017 382 ta·
1037 326 1222 383 ttllanedicto
1236 325 1378 393 declarat,
1403 342 1491 397 quem
1506 341 1559 397 ego
1575 341 1627 396 pec
1653 325 1809 382 ardentem
1828 341 1922 396 ignem

168 433 236 472 men
257 417 294 472 ad
317 415 397 470 illem
422 412 593 486 dignitatern
617 412 809 468 ecclesiastica
835 414 1016 485 promotione
1072 415 1197 479 traduxi,
1212 414 1317 470 doeens
1342 429 1408 468 eum
1435 413 1465 467 in
1493 413 1595 468 vestitu
1622 413 1854 468 conversationis
1868 431 1923 468 suu

168 506 257 576 digne
279 508 482 576 pervenerunt,
501 507 531 557 at
549 503 580 557 in
600 502 656 572 boc
674 503 1016 572 praedecessoremsuum
1071 501 1300 558 incarnationem
1316 503 1381 557 Filii
1410 504 1467 556 mei
1490 504 1593 570 celere,
1621 503 1706 558 etin
1736 503 1924 574 abnegatione

168 593 293 649 fideliter
306 592 467 658 imitentur,
482 595 515 646 ut
528 592 605 663 quod
616 590 665 646 ille
679 591 757 645 uelut
768 589 1017 645 inumbraosten·
1071 591 1298 646 voluntatissuae
1325 591 1491 662 passionem
1511 591 1588 646 illius
1617 591 1738 655 imitari,
1771 592 1841 662 quia
1865 591 1924 661 ipse

167 683 221 751 dit,
243 681 300 754 ipsi
322 681 353 736 in
377 682 505 736 acritate
527 679 600 735 lucis
620 679 945 749 aeracitsreompleant.
961 679 1015 748 lpsi
1074 679 1243 734 Benedictus
1273 682 1317 733 est
1344 679 1427 750 quasi
1448 680 1519 734 aller
1542 679 1632 734 Moses
1657 679 1688 732 in
1714 679 1832 748 lapideo
1855 680 1925 733 fora-

169 771 248 826 enim
261 774 328 825 sunt
351 785 424 824 zona
437 768 569 824 Ecclesiae
589 785 652 823 cam
679 769 759 823 valde
774 768 1015 840 constringentes,
1072 767 1149 822 mina
1161 767 1270 838 jacens,
1298 771 1326 824 et
1354 783 1458 837 corpus
1482 783 1578 835 suurn,
1605 767 1635 822 in
1655 766 1751 822 multa
1772 769 1924 839 asperitato

168 859 309 931 quoniam
323 859 355 913 in
377 851 577 913 incarnatione
593 857 657 911 Filii
673 852 734 910 mei
749 856 879 927 occupati
892 861 970 923 sant,
988 862 1018 910 et
1071 856 1109 911 ob
1135 871 1262 911 amorem
1280 855 1345 910 rita¹
1361 856 1491 910 crucians
1509 861 1544 928 et
1567 856 1773 927 constringens
1788 857 1923 927 quenrad·

168 946 237 1018 qaia
265 947 352 1002 etism
376 945 539 1017 angelicane
570 944 702 1000 ordinem
728 949 872 1012 exercent,
909 944 1018 999 seilicet
1072 943 1188 1000 madum
1204 944 1290 998 etiam
1319 944 1429 1015 primus
1459 945 1547 1000 lloses
1562 943 1591 998 ia
1616 944 1740 1014 lapideis
1770 944 1877 999 tabulis
1892 962 1924 998 ex

168 1051 227 1091 non
243 1041 387 1089 cessantes
403 1032 468 1089 allis
490 1033 729 1089 heriscantando
752 1049 818 1088 cum
834 1033 940 1099 sonitu,
965 1039 1016 1088 aut
1072 1038 1214 1104 praecepte
1241 1049 1305 1087 mea
1331 1048 1462 1104 asperam
1487 1037 1514 1087 el
1548 1033 1650 1088 duram
1679 1031 1775 1105 legent
1800 1034 1923 1088 scribens

170 1123 280 1178 orando
300 1122 331 1176 in
350 1120 579 1193 compunctione,
606 1136 662 1175 non
688 1126 786 1176 autem
815 1120 940 1177 excussis
959 1122 1016 1177 cla·
1071 1121 1176 1177 ludaeis
1190 1121 1276 1176 dedit.
1298 1121 1352 1178 Sed
1366 1125 1394 1176 ut
1410 1121 1486 1176 lilius
1502 1137 1584 1176 meus
1607 1122 1743 1176 eamdem
1764 1122 1860 1192 legem
1875 1139 1924 1192 per

168 1209 300 1267 moribus
317 1209 471 1265 utiuntilis
487 1208 647 1280 pulcisaut
672 1208 769 1264 aridus
791 1209 900 1281 absque
918 1210 1017 1282 rigere
1072 1209 1255 1266 dulcedinem
1279 1210 1428 1281 Evangelii
1442 1209 1605 1281 perforavit,
1620 1210 1660 1264 sic
1686 1209 1777 1264 etiam
1806 1211 1924 1266 Benedi-

168 1299 416 1371 cornpunctionis;
442 1303 472 1354 et
494 1298 663 1369 quinetiam
683 1303 890 1354 conrecusant
903 1299 1018 1370 operari
1072 1305 1134 1354 ctus
1156 1298 1379 1354 ramulnenses
1403 1298 1583 1370 propositum
1608 1298 1698 1368 hujus
1721 1298 1923 1370 ordinisquod

168 1403 222 1459 pro
245 1387 412 1443 necessitate
433 1403 501 1454 sua3
526 1402 586 1441 non
617 1388 769 1442 tamenin
798 1388 932 1442 manibus
959 1389 1017 1443 suis
1074 1392 1138 1442 ante
1158 1387 1253 1459 ipsum
1280 1388 1474 1443 diversissima
1495 1387 1674 1442 conversatio
1701 1388 1769 1454 luit,
1791 1404 1842 1459 per
1864 1388 1923 1444 dul-

168 1475 316 1531 sacularia
341 1476 571 1546 quaerentes,sed
596 1492 661 1530 carn
684 1476 824 1531 charitate
840 1480 869 1531 et
896 1477 1016 1532 humili·
1073 1477 1203 1531 cedinem
1227 1475 1423 1546 inspirationis
1447 1475 1570 1547 Spiritus
1599 1475 1691 1530 sancti
1716 1476 1869 1530 discretim
1897 1481 1924 1530 et

168 1570 227 1622 tale
253 1582 284 1621 se
302 1565 381 1638 ipsos
402 1565 529 1620 districte
554 1565 825 1637 circumspicientes.
846 1566 939 1639 [lipsa
954 1565 1016 1621 lor·
1036 1565 1186 1665 Bplainam
1202 1564 1277 1620 viam
1299 1564 1376 1632 fecit,
1401 1580 1435 1618 ac
1457 1579 1508 1635 per
1526 1563 1579 1618 hoc
1601 1562 1759 1634 plurimam
1778 1565 1921 1620 cohortem

167 1654 295 1710 tissimus
315 1659 400 1725 atque
421 1653 636 1708 amantissimus
655 1654 884 1726 populusmens,
908 1670 974 1709 cum
986 1654 1016 1708 in
1045 1661 1047 1664 ’
1073 1669 1132 1708 susa
1146 1652 1295 1723 religionis
1323 1652 1451 1722 collegit;
1482 1657 1513 1706 ut
1534 1653 1619 1706 etiam
1650 1652 1741 1707 Filius
1766 1669 1847 1708 meus
1873 1669 1922 1722 per

169 1740 211 1795 eis
234 1741 422 1796 afflictionem
440 1740 520 1796 illam
537 1741 654 1796 attendo
679 1758 765 1814 qnam
787 1743 874 1798 l'ilius
889 1758 972 1797 meus
986 1743 1016 1796 in
1072 1740 1240 1796 suavitatem
1251 1739 1403 1795 odorissui
1418 1738 1608 1796 Christianum
1623 1742 1767 1811 populum
1788 1739 1843 1795 sibi
1861 1757 1922 1794 coa·

167 1845 254 1885 carna
287 1846 339 1884 sira
366 1846 466 1900 passus
490 1835 541 1896 est,
564 1831 703 1901 queniam
726 1831 831 1901 stipsi
858 1831 1016 1886 secuudum
1072 1829 1199 1884 donavit.
1218 1829 1251 1884 lit
1265 1827 1369 1883 deinde
1382 1827 1506 1898 Spiritus
1521 1833 1636 1884 sanctus
1655 1829 1795 1884 cordibus
1817 1828 1920 1884 electe·

169 1918 571 1984 mortemilliusmorinutnr,
589 1919 847 1974 cumvoluntatem
871 1920 1017 1974 suamda-
1072 1933 1136 1972 rum
1166 1933 1284 1972 suorum
1314 1915 1437 1987 suspiria
1465 1917 1529 1972 rita
1556 1917 1726 1972 habentium
1762 1917 1919 1989 inspirarit,

168 2009 306 2072 serentes,
339 2010 368 2060 et
390 2009 508 2078 propter
528 2006 617 2062 ritem
638 2013 777 2062 aeternam
800 2007 967 2078 magisteria
987 2024 1017 2062 se
1074 2010 1105 2059 ut
1127 2004 1200 2060 sicut
1214 2004 1243 2059 in
1254 2004 1366 2061 lavacro
1385 2004 1521 2076 baptismi
1535 2005 1657 2060 crimina
1679 2006 1856 2076 populorum
1873 2006 1918 2060 alt-

168 2093 364 2165 subjicientes,
379 2095 537 2150 aecundum
560 2094 716 2166 imperium
743 2096 927 2167 prelatorum
950 2113 1017 2152 suo·
1072 2093 1204 2159 luuntur,
1220 2094 1259 2148 ita
1285 2093 1382 2164 stipsi
1398 2092 1651 2165 insignificatiene
1680 2094 1825 2164 passienis
1851 2096 1919 2164 ejus-

168 2183 433 2254 rnmgradiuatur.
1073 2181 1139 2236 dem
1155 2181 1218 2236 Filii
1245 2182 1302 2236 mei
1330 2184 1482 2238 saeculares
1501 2199 1623 2254 pompas
1653 2183 1824 2254 abjicerent.
1849 2184 1918 2248 Quo-

203 2272 385 2343 ouapropter
414 2275 444 2328 et
468 2272 588 2328 restitus
615 2287 717 2328 eorum
750 2271 864 2328 vestitui
892 2273 1016 2328 aliarum
1072 2271 1178 2326 mode?
1192 2271 1262 2326 Nem
1277 2277 1309 2326 ut
1323 2271 1408 2326 bomo
1423 2287 1441 2325 a
1455 2270 1594 2326 diabolice
1607 2277 1751 2342 potestate
1768 2271 1798 2326 in
1826 2276 1917 2326 sancto

167 2362 344 2433 popularum
378 2377 436 2416 non
458 2360 644 2427 assimilatur,
674 2361 742 2433 quia
765 2367 795 2417 et
823 2361 883 2433 ipse
904 2361 1018 2432 integer
1072 2359 1214 2429 baptismo
1238 2359 1425 2428 convertitur,
1446 2359 1569 2414 crimina
1594 2360 1699 2416 veteris
1730 2361 1850 2414 maculae
1873 2359 1918 2414 ab

168 2448 365 2520 incorruptam
381 2449 610 2504 incarnationem
627 2449 691 2504 l’ilii
705 2449 763 2504 mei
777 2466 842 2522 qnae
855 2450 1016 2522 plurimum
1067 2449 1185 2520 jiciens;
1201 2447 1241 2504 sic
1256 2453 1284 2503 et
1304 2449 1350 2503 isti
1370 2453 1497 2504 terrenas
1519 2465 1618 2504 causas
1642 2449 1671 2504 iu
1695 2450 1780 2521 signo
1803 2449 1917 2504 restitus

168 2537 292 2593 distata
315 2538 514 2608 procreatione
537 2537 662 2593 aliorum
693 2537 846 2594 bantinum
878 2535 1015 2593 ostendit.
1072 2537 1117 2592 sui
1142 2537 1298 2608 abnegant,
1324 2536 1355 2591 in
1378 2553 1435 2607 qua
1459 2537 1547 2592 etiam
1575 2543 1604 2593 et
1624 2538 1790 2610 angelicum
1805 2539 1915 2609 signum

169 2626 240 2681 Nam
257 2615 336 2680 illam
360 2625 586 2682 incarnationem
611 2627 703 2697 legale
727 2627 883 2698 imperium
907 2625 962 2680 viri
983 2643 1017 2682 ac
1070 2625 1187 2680 habent.
1204 2624 1374 2690 Oriomode‘l
1389 2625 1445 2696 lpsi
1457 2625 1535 2680 euim
1550 2625 1580 2680 in
1596 2627 1746 2682 voluntate
1762 2643 1840 2692 mea3
1858 2641 1916 2696 pre

167 2714 298 2768 mulieris
323 2729 381 2768 non
415 2714 520 2784 tetigit,
553 2714 627 2770 sient
653 2730 706 2770 nec
739 2714 793 2770 ista
816 2716 939 2787 popalus
958 2716 1017 2770 nlla
1071 2713 1560 2784 tectorespepulimeipositisunt.

166 2801 327 2875 conscripta
352 2803 414 2874 lege
438 2803 473 2858 ad
500 2804 575 2858 banc
602 2803 837 2860 constrictionem
871 2805 1016 2875 cogendus
1107 2802 1185 2858 Unde
1204 2801 1254 2872 qui
1278 2816 1312 2856 aa
1337 2800 1405 2872 ipsis
1433 2802 1464 2855 in
1488 2804 1585 2856 sancta
1609 2801 1828 2858 conversatione
1857 2816 1916 2872 pro·

167 2895 229 2959 est3
245 2892 293 2946 sed
317 2891 370 2963 qui
386 2908 450 2947 eam
465 2907 519 2962 pro
543 2892 695 2947 dilectione
711 2892 762 2946 liei
789 2907 839 2947 sna
865 2893 1016 2948 voluntate
1035 2891 1128 2960 cbati
1154 2888 1351 2957 inveniuntur,
1392 2894 1522 2960 pastores
1551 2890 1682 2946 Ecclesiae
1713 2906 1786 2946 mccc
1814 2887 1914 2944 cousti-

167 2979 298 3034 roreudo
309 2980 488 3050 aggreditur,
505 2980 552 3035 bic
574 2980 604 3034 in
620 2979 685 3051 ipsa
699 2987 870 3051 perseveret,
883 2987 1016 3036 ceretro
1069 2982 1199 3048 tuantur,
1228 2977 1296 3048 quia
1323 2983 1352 3033 et
1375 2978 1471 3049 angeli
1490 2978 1539 3049 qui
1562 2979 1641 3034 nulla
1657 2979 1770 3034 macula
1797 2984 1913 3032 terrena

166 3068 271 3124 cedens
288 3072 410 3134 corruat,
432 3068 505 3123 sicut
521 3067 642 3135 Lucifer,
660 3069 710 3138 qui
729 3068 823 3123 lucem
843 3067 972 3124 deseruit
986 3073 1016 3124 et
1069 3081 1162 3120 causas
1176 3070 1347 3136 tanguntur,
1364 3066 1496 3122 custodes
1509 3066 1609 3137 populi
1621 3067 1767 3122 meisnnt.
1785 3069 1853 3122 llam
1866 3065 1914 3118 sic-

166 3157 302 3214 tencbras
329 3157 445 3228 recepit.
470 3156 642 3226 Huiusmodi
665 3155 742 3211 anim
764 3157 883 3211 restitus
909 3171 1015 3210 secun·
1070 3155 1216 3226 utingen
1241 3169 1336 3208 ceram
1352 3155 1411 3209 lieo
1432 3154 1463 3210 iu
1477 3155 1586 3226 duplici
1611 3155 1723 3210 honere
1739 3159 1817 3222 sunt,
1834 3155 1872 3208 sie
1886 3156 1912 3206 et

167 3246 237 3300 dum
263 3245 491 3300 coruscationem
535 3260 728 3315 supernorum
765 3244 922 3316 spirituum
948 3260 1015 3299 aem
1069 3242 1202 3297 homines
1218 3241 1302 3312 hujus
1317 3241 1466 3314 religionis
1480 3247 1548 3298 suut
1566 3243 1598 3298 in
1613 3244 1722 3316 duplici
1744 3243 1810 3299 rita.
1838 3242 1912 3307 Que-

166 3334 220 3390 slis
248 3332 413 3388 subtilitatis
447 3348 507 3388 suae
530 3333 727 3401 circumvolat,
744 3336 774 3388 et
786 3332 1015 3388 incarnationem
1070 3331 1177 3386 mado?
1192 3331 1295 3402 Angeli
1319 3331 1349 3386 in
1371 3331 1532 3387 coelestibus
1548 3332 1605 3387 lieo
1628 3333 1690 3390 sine
1705 3329 1912 3390 intermissione

166 3435 200 3477 ac
211 3421 390 3492 sepulturam
418 3421 484 3476 Filii
503 3421 561 3476 mci
588 3419 729 3490 designat,
747 3419 826 3492 'quia
840 3420 955 3490 signum
969 3421 1015 3474 in·
1067 3418 1206 3486 serviunt,
1223 3424 1251 3475 et
1267 3419 1355 3474 etiem
1376 3419 1408 3474 in
1433 3421 1517 3475 terris
1532 3420 1661 3476 heminas
1676 3439 1693 3476 a
1708 3419 1854 3478 diabolicis
1871 3419 1912 3472 in·

167 3504 344 3565 carnationis
357 3509 386 3564 in
414 3525 467 3564 seo
483 3511 586 3564 restite
601 3508 699 3573 babet,
727 3509 779 3580 qui
800 3523 831 3564 se
845 3509 880 3563 acl
895 3509 1015 3564 tortissi-
1068 3507 1146 3562 sidiis
1160 3523 1275 3578 semper
1288 3512 1461 3578 protegunl;
1477 3511 1515 3562 sic
1543 3513 1568 3562 el
1592 3510 1717 3580 populus
1743 3510 1797 3564 iste
1811 3505 1913 3576 angeli·

169 3613 247 3654 mam
276 3596 470 3653 obedientiam
499 3597 625 3664 exhibet,
654 3602 683 3652 et
710 3598 825 3668 signum
857 3599 1015 3668 sepulturae
1067 3611 1132 3651 cum
1149 3596 1279 3652 ordinem
1299 3593 1439 3663 imitatur,
1457 3611 1522 3650 cum
1543 3600 1659 3651 terrena
1674 3597 1835 3669 despiciens
1858 3595 1912 3648 lico

166 3688 230 3758 ejus
241 3686 272 3742 in
289 3687 352 3758 ipse
368 3687 469 3742 vestitu
491 3690 600 3758 portat3
615 3685 665 3756 qui
686 3685 716 3738 in
733 3685 868 3756 operibus
883 3686 1012 3758 justitiae,
1069 3683 1197 3755 quotidie
1211 3684 1378 3752 famulatur,
1402 3688 1429 3738 et
1444 3700 1509 3739 curn
1533 3685 1620 3740 stiam
1636 3685 1762 3767 reliquos
1786 3682 1912 3741 homines

168 3776 352 3830 saecularibus
368 3774 460 3830 causis
480 3774 674 3830 abrenuntiat.
704 3775 784 3829 Unde
804 3775 854 3846 qui
873 3791 947 3846 pura
965 3790 1013 3829 vo·
1068 3771 1128 3826 suis
1150 3771 1361 3828 orationibusa
1380 3772 1515 3843 malignis
1531 3773 1678 3844 spiritibus
1708 3775 1755 3830 die
1779 3789 1812 3829 ac
1833 3775 1912 3826 nocte

166 3863 278 3918 laniate
302 3862 404 3918 eadem
440 3863 543 3916 vestitu
575 3861 716 3926 induitur,
747 3861 856 3916 salubri
886 3860 1014 3917 remedio
1067 3865 1187 3915 tutatur.
1204 3859 1320 3916 Undesi
1336 3860 1455 3917 ecclesie
1475 3878 1540 3917 mea
1556 3868 1664 3918 rectum
1688 3869 1834 3934 pastorem
1858 3875 1912 3915 non

166 3951 327 4006 alleviatur.
346 3952 379 4004 Et
393 3950 458 4006 ideo
473 3950 524 4022 qui
547 3949 631 4007 illum
647 3965 698 4020 per
723 3949 935 4005 invocationem
950 3949 1012 4022 Spi-
1068 3947 1164 4015 babet,
1181 3954 1250 4004 tunc
1265 3949 1431 4020 hujusmodi
1447 3950 1597 4022 religionis
1618 3958 1707 4008 castris
1721 3949 1868 4008 clamando
1885 3951 1912 4002 et

166 4039 239 4094 ritas
261 4039 350 4094 sancti
373 4039 403 4093 in
421 4038 670 4094 benedictionibus
693 4038 822 4109 suscipit,
847 4054 906 4093 non
931 4037 1013 4094 illum
1068 4036 1164 4091 flendo
1175 4037 1229 4108 ipsi
1243 4037 1409 4107 subveniat3
1427 4043 1455 4094 et
1481 4039 1576 4110 quiin
1591 4057 1625 4096 ea
1646 4041 1784 4112 probatus
1808 4035 1912 4092 iuveni·

166 4127 292 4198 abjiciet,
316 4126 456 4198 quoniam
478 4127 617 4198 quicum
643 4142 696 4197 per
709 4126 900 4196 abjectionem
915 4142 1014 4196 perse-
1069 4132 1117 4180 tur
1131 4125 1155 4178 si
1171 4126 1393 4194 necessaiuerit,
1424 4128 1700 4198 superintendentiae
1727 4125 1909 4184 sacerdotium

166 4215 377 4270 verentismali
403 4216 617 4286 contempserit,
632 4231 698 4270 cum
722 4215 771 4270 illo
789 4216 843 4269 erit
857 4216 908 4287 qui
922 4231 1015 4287 ange·
1034 4194 1237 4286 ”suscipione
1266 4213 1359 4286 ipsam
1385 4214 1416 4270 in
1441 4217 1503 4271 zelo
1536 4233 1600 4272 meo
1627 4222 1744 4274 strenue
1771 4213 1908 4271 defendat.
1974 4225 1977 4232 “

166 4304 253 4360 licum
277 4304 407 4358 ordinem
436 4303 544 4375 sprevit
575 4309 604 4359 et
626 4305 657 4358 in
688 4311 811 4358 mortem
833 4303 1016 4373 serieliendus
1069 4302 1170 4357 Nullus
1184 4307 1281 4358 autem
1294 4303 1466 4374 religionem
1483 4303 1586 4360 beriam
1607 4312 1726 4374 repente
1742 4309 1769 4360 at
1784 4303 1860 4358 velut
1876 4313 1908 4352 ex

166 4392 284 4446 corruit.
312 4390 385 4455 Ouid
414 4397 458 4446 est
483 4392 560 4447 boc?
586 4391 724 4463 quoniam
755 4392 801 4445 bic
829 4392 955 4462 populus
980 4407 1015 4446 ex
1069 4407 1171 4448 somna
1192 4392 1331 4464 evigilans
1357 4395 1552 4466 aggrediatur,
1579 4397 1635 4452 nisi
1654 4398 1735 4468 prius
1752 4397 1782 4450 iu
1799 4389 1910 4449 constri-

167 4484 313 4550 pcoeccpte
335 4478 408 4548 legis
431 4478 468 4532 ad
497 4478 571 4532 hanc
593 4478 827 4532 constrictionem
853 4478 1016 4534 stimulatus
1068 4477 1164 4536 elioda
1188 4481 1277 4535 animi
1306 4481 1351 4536 sui
1372 4482 1396 4536 si
1426 4483 1456 4538 in
1483 4484 1538 4539 lroc
1563 4483 1707 4556 proposito
1735 4491 1908 4556 perseverare

166 4582 226 4622 non
256 4571 309 4634 est,
333 4566 383 4621 sed
408 4566 554 4621 voluntate
580 4582 631 4620 sua
655 4581 806 4638 aggressos
834 4571 878 4621 est
899 4573 1015 4638 pactum
1070 4569 1208 4624 valeatax
1223 4569 1328 4625 intima
1348 4570 1518 4644 probatione
1534 4573 1724 4640 examinetur,
1740 4588 1775 4626 ue
1794 4570 1817 4624 si
1841 4565 1909 4622 illud

166 4669 265 4711 mcum
287 4654 448 4719 observare,
469 4660 499 4708 et
514 4654 553 4708 ita
575 4654 726 4709 Ecclesiam
742 4669 836 4708 meam
849 4670 902 4709 stac
919 4660 1017 4711 sancta
1070 4657 1214 4712 voluntate
1229 4673 1281 4712 sua
1295 4658 1326 4713 in
1340 4658 1447 4716 ledere
1466 4660 1676 4718 benedictionis
1703 4656 1867 4731 susceperit,
1883 4655 1908 4706 ⁰¹

165 4744 383 4798 conversatione
408 4742 562 4797 illustrare.
596 4742 771 4807 Quomodo?
796 4743 832 4797 Ut
864 4749 928 4814 post
955 4744 1017 4814 pri·
1068 4745 1254 4815 postmodnm
1281 4747 1311 4800 iu
1346 4749 1534 4818 pervenisses
1573 4749 1678 4804 erroris
1705 4750 1750 4806 sui
1780 4743 1909 4817 abjiciens

166 4847 244 4888 maru
269 4833 364 4887 lucem
391 4829 447 4886 diei
480 4846 586 4886 aurora
610 4830 679 4886 solis
705 4830 855 4902 aspicitur,
885 4830 925 4886 ita
946 4833 1016 4887 orda
1070 4833 1216 4889 mibisine
1245 4836 1412 4906 poeriilenlia
1427 4837 1561 4906 illuserit,
1578 4837 1609 4894 in
1638 4838 1821 4895 damnatione
1837 4845 1907 4888 mor·

166 4918 221 4974 iste
234 4924 300 4990 post
327 4934 410 4974 rocas
437 4919 634 4990 apostolorum
663 4925 777 4974 exertus
799 4924 852 4976 est.
876 4919 950 4984 Quid
973 4923 1017 4976 est
1071 4921 1109 4976 tis
1134 4923 1340 4980 miserabiliter
1367 4930 1473 4997 pereat.
1500 4926 1689 4999 Quapropter,
1718 4914 1909 4983 ocharissiml

166 5007 241 5063 liec‘l
1068 5009 1120 5064 lilii
1137 5011 1203 5078 mel,
1234 5011 1284 5083 qui
1299 5013 1380 5068 valde
1403 5012 1435 5068 in
1449 5014 1654 5070 contrarietate
1680 5011 1809 5086 dissipati
1834 5003 1906 5068 esus,

203 5095 300 5150 Prima
323 5095 372 5150 lux
393 5094 451 5150 dici
464 5094 562 5150 tidelia
577 5094 661 5151 rerba
685 5094 852 5166 apostolicae
876 5096 1015 5152 doctrinae
1068 5098 1177 5170 surgite
1192 5100 1275 5155 citius
1289 5101 1320 5157 in
1339 5101 1503 5158 bumilitate
1517 5109 1547 5158 ct
1560 5102 1590 5158 iu
1606 5103 1754 5170 charitate,
1776 5104 1803 5155 el
1817 5097 1907 5152 sancte

167 5183 309 5256 designat,
335 5199 438 5238 eurora
462 5183 578 5238 initium
598 5183 684 5254 hujus
710 5183 934 5238 conversationis
948 5201 1016 5256 quaa
1069 5187 1217 5259 proposito
1228 5195 1321 5244 restro
1337 5189 1459 5246 viriliter
1473 5195 1502 5244 et
1513 5191 1689 5247 unanimiter
1704 5185 1867 5246 consentite.

168 5271 296 5343 primum
309 5272 341 5327 in
355 5271 511 5328 solitudine
523 5277 552 5327 at
566 5273 598 5327 in
611 5271 755 5344 speluncis
768 5273 925 5344 postillam
951 5275 1017 5329 bea·
1103 5275 1168 5340 Sed,
1196 5282 1227 5332 ut
1258 5277 1346 5347 rides,
1370 5279 1444 5334 alius
1464 5279 1603 5350 splendor
1630 5285 1663 5336 ut
1689 5275 1806 5336 candida
1821 5269 1906 5328 nubes

168 5366 228 5415 mm
258 5359 419 5417 doctrinam
448 5359 621 5434 germinarit
648 5361 895 5428 demonstratam
918 5368 1016 5418 autern
1068 5364 1234 5434 predictam
1276 5366 1446 5422 muliebrem
1475 5367 1632 5439 imaginem
1666 5368 1701 5424 ab
1729 5361 1861 5422 umbilico
1881 5357 1907 5408 et

169 5447 324 5505 discretam
346 5455 376 5506 st
398 5450 472 5505 bena
489 5449 657 5522 dispositam
681 5450 758 5505 ciam
785 5449 817 5504 in
840 5465 922 5506 serra
949 5466 1015 5506 mec
1070 5454 1204 5508 deorsum
1228 5453 1302 5510 ultra
1324 5459 1420 5510 tamen
1449 5457 1578 5512 nondum
1598 5471 1770 5524 excrescens,
1795 5449 1905 5506 honesta
