3984 6034
141 198 191 253 res
731 193 777 251 ne
796 194 985 252 santonus
1004 194 1036 252 s.
1059 194 1294 252 arnoeomms
1836 199 1886 253 iae
1974 154 1977 231 l

139 333 284 407 posuisset
313 332 455 402 ecclesiae,
481 334 510 388 et
538 330 597 400 bis,
626 347 690 404 quae
718 336 801 387 crant
828 331 858 387 in
888 331 986 396 altari,
1006 332 1244 403 Aquaternarios
1259 337 1288 387 et
1303 332 1448 387 tertiarios
1460 333 1566 390 ibidem
1582 334 1816 392 liberatos:cum
1831 353 1889 407 qua

140 423 266 492 exustis,
299 420 436 494 pyxidula
472 419 563 476 serica
593 420 752 494 permansit
783 420 890 488 illaesa,
925 420 987 492 ipss
1041 423 1195 476 concordet
1209 421 1297 486 tutta,
1314 421 1354 474 ite
1376 421 1454 493 quod
1470 422 1580 478 addidit
1594 440 1717 494 puerum
1732 425 1887 495 quemdam

139 511 277 584 pyxidula
292 510 387 583 lignea
413 510 527 582 penitus
550 510 710 566 combusta.
734 509 877 565 intellexit
900 509 985 565 etiam
1041 510 1235 582 epilepticum,
1251 527 1303 583 pro
1319 527 1376 583 qno
1390 512 1466 582 apud
1486 513 1615 568 tumbam
1633 515 1723 569 heatae
1742 514 1887 584 hildegar-

140 599 216 671 quod
233 600 365 672 quedam
383 599 488 655 mulier
510 599 615 656 nobilis
635 597 821 668 Trevirensis,
844 615 910 654 cum
935 614 988 669 per
1040 599 1084 654 dis
1108 599 1244 663 exoravit,
1269 614 1330 654 esse
1354 599 1517 668 liberatum,
1542 605 1570 655 et
1593 601 1669 672 qnod
1691 601 1887 673 carpentarius

139 688 365 744 incantationem
380 689 528 759 cujusdam
546 687 659 761 juvenis
679 691 774 742 mente
796 693 878 758 capta
899 694 984 745 essct.
1041 688 1126 742 castri
1141 689 1227 743 matri
1245 687 1334 762 [sorte
1354 686 1464 760 matris]
1486 705 1556 755 suae,
1581 705 1646 744 cum
1670 695 1766 746 mente
1787 696 1887 760 captus

139 777 180 832 ita
208 777 284 849 quod
312 777 428 848 penitus
457 783 552 833 mente
582 778 704 832 alienata
733 779 823 844 esset,
853 783 986 847 parentes
1040 782 1124 844 esset,
1148 777 1282 831 invocata
1309 776 1393 831 beata
1422 777 1603 848 hildegarde,
1629 778 1820 850 eusthocius
1844 782 1887 832 est

140 881 227 939 super
248 866 303 921 hoc
324 865 456 922 dolentes
479 866 512 920 ad
534 865 648 920 beatam
671 863 865 935 hildegardim
885 863 986 920 conlu-
1040 865 1200 922 liberatus:
1216 865 1648 938 cumquaconcordetpuhlica
1666 866 1885 939 iamaejusdem

139 958 255 1027 gerunt,
279 955 401 1026 gratiam
426 954 488 1025 ejus
509 959 700 1027 quarentes:
730 969 794 1024 quae
823 968 927 1024 panem
955 952 985 1007 in
1039 953 1105 1010 loci.
1134 952 1276 1008 liechild'u
1300 953 1397 1024 jurata
1425 953 1514 1023 dicit,
1541 954 1618 1027 qnod
1643 955 1746 1011 viderit
1772 956 1885 1010 beatam

138 1059 238 1100 mensa
258 1059 310 1099 sua
331 1043 488 1112 benedixit,
510 1046 538 1097 et
556 1042 649 1097 eidem
665 1040 787 1097 infirme
802 1041 984 1096 transmisit:
1041 1042 1249 1114 ltildegardim,
1278 1045 1307 1097 et
1335 1042 1411 1115 quod
1437 1043 1462 1098 ei
1492 1043 1627 1099 continue
1654 1043 1883 1115 permorabatur,

139 1148 197 1205 quo
226 1136 350 1204 gustato,
379 1131 474 1186 statim
504 1135 601 1186 curata
632 1134 683 1184 est.
709 1129 791 1194 Quod
813 1130 985 1186 miraculum
1040 1146 1106 1203 qnse
1121 1130 1206 1185 etiam
1222 1130 1375 1186 coneordat
1393 1147 1458 1186 cnm
1472 1132 1696 1188 liechildecaeca
1716 1137 1794 1188 nata.
1815 1133 1885 1188 heta

138 1220 211 1278 vidit
230 1221 322 1279 Odilia
344 1220 490 1276 celleraria
514 1225 541 1275 et
566 1219 707 1292 lledwigis
722 1233 857 1274 conversa
870 1219 984 1290 jurate,
1040 1219 1138 1286 etism,
1153 1235 1219 1291 quse
1239 1224 1305 1291 post
1328 1225 1452 1275 mortem
1476 1221 1567 1276 beata
1589 1221 1768 1294 hildegardis
1791 1221 1884 1276 visum

140 1326 205 1383 quae
231 1315 299 1366 tunc
320 1325 416 1364 secum
441 1309 557 1364 luerunt
580 1308 610 1362 in
634 1324 733 1363 mensa
755 1309 818 1372 (79).
844 1307 987 1363 lntellerit
1039 1309 1156 1380 recepit,
1179 1308 1253 1364 etin
1268 1307 1332 1364 aliis
1354 1309 1508 1364 concordat
1527 1325 1592 1365 cum
1614 1310 1761 1382 magistra.
1788 1311 1885 1364 Brnno

140 1399 227 1453 etiam
254 1415 270 1453 a
298 1397 456 1468 majoribus
482 1395 656 1458 monasterii,
682 1395 769 1467 quod,
795 1411 985 1468 quoscumque
1039 1402 1135 1453 custos
1149 1398 1240 1452 sancti
1255 1397 1333 1453 Petri
1355 1398 1384 1452 in
1406 1398 1564 1469 Arguetius
1587 1403 1617 1453 et
1639 1399 1787 1470 presbyter
1807 1399 1886 1470 jura·

139 1503 220 1542 soror
242 1485 407 1542 monasterii
431 1484 529 1539 inania
551 1484 580 1538 in
604 1483 701 1539 divino
721 1483 815 1538 cilicio
836 1485 983 1555 cogitaret,
1038 1489 1085 1542 tus
1106 1486 1175 1543 dicit
1197 1487 1232 1542 de
1257 1486 1314 1541 rita
1334 1485 1425 1541 heatae
1447 1486 1635 1558 hildegardis,
1655 1487 1704 1542 sed
1724 1485 1812 1560 [sorte
1830 1487 1884 1542 sci·

137 1576 221 1632 beata
239 1574 417 1646 hildegardis
440 1589 503 1628 eam
526 1573 620 1628 statim
645 1573 844 1644 reprehendit;
869 1580 983 1630 etcum
1040 1573 1117 1645 licet]
1137 1575 1214 1646 qnod
1241 1590 1294 1646 per
1319 1574 1463 1646 publicam
1482 1574 1587 1629 famem
1610 1575 1730 1641 audivit,
1754 1580 1784 1629 et
1809 1574 1884 1646 quod

137 1664 275 1720 lectiones
294 1663 434 1734 legerent,
451 1661 492 1716 eis
508 1661 664 1716 secundum
680 1676 778 1715 eartrm
794 1650 982 1716 intentionem
1039 1663 1070 1719 in
1086 1663 1194 1724 libello,
1211 1663 1261 1734 qui
1275 1662 1309 1717 de
1331 1662 1393 1732 ejus
1414 1663 1471 1716 vita
1486 1679 1503 1716 a
1517 1662 1630 1740 duobus
1643 1663 1793 1735 religiosis,
1812 1663 1886 1717 scili-

136 1753 352 1808 beuedictiones
368 1751 464 1819 dabat,
480 1751 515 1806 de
531 1751 617 1806 verbo
633 1749 667 1804 ad
685 1749 805 1804 verbum
820 1749 984 1821 exprimens
1038 1757 1084 1808 cet
1106 1751 1234 1808 Gotirido
1249 1756 1278 1807 ct
1297 1750 1483 1819 Theoderico,
1505 1751 1557 1822 qni
1577 1766 1642 1806 cum
1666 1751 1750 1807 beata
1772 1751 1885 1822 virgine

137 1841 568 1911 earumrolnntetem:qoerum
578 1839 718 1911 quasdam
727 1837 806 1906 vidit,
818 1837 896 1910 qnod
907 1837 982 1893 idem
1038 1841 1235 1909 morabantur,
1257 1841 1354 1895 statim
1376 1846 1442 1911 post
1469 1840 1532 1910 ejus
1558 1840 1668 1895 obitum
1696 1845 1739 1895 est
1761 1841 1885 1912 scriptus

139 1935 240 2002 postea
255 1930 284 1985 in
302 1929 401 1984 habitu
418 1928 611 1986 cisterciensis
627 1927 735 1984 ordinis
749 1931 817 1982 sunt
840 1926 984 1984 confessae..
1037 1929 1109 1998 legit
1132 1945 1140 1984 :
1162 1945 1249 2000 quem
1263 1929 1399 1984 omnibus
1413 1928 1507 1984 modis
1528 1945 1595 1983 vera
1617 1929 1706 1984 credit
1726 1931 1883 1996 continere,

173 2022 199 2074 6.
218 2019 290 2074 ltcm
312 2034 376 2072 cnm
398 2018 516 2089 quidam
538 2016 643 2088 injuste
666 2016 931 2071 excommunicatus
952 2016 983 2070 in
1038 2018 1147 2073 seilicet
1159 2017 1236 2089 quod
1251 2033 1268 2071 a
1282 2016 1429 2072 nobilibus
1443 2016 1611 2087 parentibus
1627 2017 1769 2089 originem
1784 2017 1881 2086 duxit3

136 2123 188 2162 sno
204 2107 379 2163 monasterio
395 2112 469 2161 esset
484 2107 652 2173 inmutatus,
673 2109 702 2159 et
718 2121 784 2160 cum
799 2109 916 2176 propter
929 2101 984 2159 hoc
1038 2123 1115 2178 qnae,
1132 2122 1197 2160 cum
1220 2105 1347 2177 quinque
1368 2121 1460 2160 annos
1483 2105 1609 2172 baberet,
1630 2122 1744 2161 vaccam
1759 2106 1838 2175 vidit,
1854 2112 1884 2163 et

136 2194 255 2252 ecclesia
276 2195 443 2265 hloguntina
466 2194 564 2250 divina
591 2193 701 2249 ibidem
727 2193 930 2265 suspendisset,
955 2195 984 2247 et
1038 2211 1098 2250 sure
1112 2193 1219 2250 nutrici
1237 2193 1329 2249 dixit:
1348 2214 1363 2243 «
1377 2193 1456 2260 Vide,
1472 2193 1580 2262 nutrix,
1598 2210 1686 2266 qnam
1704 2197 1823 2267 pulcher
1837 2196 1883 2251 vi-

136 2284 201 2355 ejici
226 2284 280 2356 (80)
303 2283 429 2352 deberet,
453 2283 517 2355 ipsa
542 2283 686 2338 tumulum
714 2282 777 2354 ejus
802 2281 903 2338 haculo
930 2297 982 2336 suo
1037 2283 1116 2338 tulus
1138 2287 1182 2337 est
1204 2282 1234 2336 in
1257 2297 1342 2336 vacca
1359 2281 1419 2350 illa,
1434 2281 1693 2338 albnsetdirersis
1714 2284 1833 2339 maculis
1850 2285 1882 2340 iu

137 2373 220 2444 signo
235 2371 327 2428 crucis
347 2371 480 2443 signarit,
502 2377 532 2427 et
552 2371 592 2426 sic
610 2370 774 2442 sepulcrum
790 2370 919 2440 eJusdem
934 2371 983 2426 ad·
1037 2370 1143 2438 fronte,
1160 2369 1231 2426 etin
1246 2370 1377 2442 pedibus,
1393 2376 1422 2425 et
1435 2371 1466 2424 iu
1489 2370 1573 2426 dorso
1596 2371 1759 2439 distinctus;
1775 2393 1789 2422 o
1804 2371 1883 2444 qnod

135 2459 272 2517 huonon
297 2464 407 2532 poterat
430 2459 563 2515 inveniri.
594 2459 665 2515 ltem
694 2475 759 2514 cum
786 2459 903 2531 qnidam
932 2475 985 2531 per
1038 2459 1134 2514 nutrix
1156 2458 1305 2524 admirata,
1332 2458 1428 2514 statim
1452 2459 1539 2514 matri
1562 2459 1669 2515 retniit.
1693 2461 1781 2516 ldater
1802 2477 1880 2528 vero,

135 2547 304 2620 homagium
325 2547 439 2602 diabolo
462 2562 492 2602 se
516 2545 702 2614 astrinxisset,
718 2550 750 2600 ut
764 2547 893 2617 quolibet
906 2563 982 2602 auno
1037 2549 1119 2620 cujus
1133 2563 1216 2602 vacca
1231 2547 1296 2615 tuit,
1313 2547 1459 2619 pracepit,
1477 2548 1565 2618 quod,
1586 2554 1739 2622 postquam
1758 2556 1881 2622 pareret,

136 2637 252 2710 aliquod
275 2636 383 2692 animal
404 2635 497 2691 eidem
520 2634 706 2703 sacrificaret3
729 2636 866 2692 animalia
887 2635 982 2708 primo
1035 2644 1152 2710 partum
1178 2637 1206 2692 ei
1230 2641 1424 2710 praesentaret.
1456 2638 1519 2703 Quo
1541 2639 1634 2708 tecto,
1663 2641 1779 2707 omnia,
1808 2641 1882 2696 sicut

136 2726 251 2794 obtulit,
277 2725 380 2781 deinde
400 2723 484 2791 illios,
508 2725 585 2780 ultra
609 2739 736 2780 uxorem.
763 2724 826 2796 lpse
847 2725 900 2781 hoc
920 2741 983 2780 seu·
1036 2727 1133 2798 puella
1147 2727 1231 2784 beata
1255 2727 1436 2799 llildegardis
1459 2727 1641 2798 predixerat,
1661 2744 1728 2784 vera
1749 2745 1811 2784 esse
1834 2745 1881 2784 co-

135 2814 220 2882 tiens,
248 2813 284 2870 ad
311 2813 425 2870 beatam
452 2813 646 2884 hildegardim
676 2813 815 2885 confugit,
843 2814 980 2870 auxilinm
1036 2816 1159 2887 gnovit:
1184 2816 1260 2888 quod
1283 2820 1417 2887 parentes
1439 2816 1503 2886 ejus
1523 2815 1709 2885 admirantes,
1730 2817 1882 2873 etelienos

135 2903 305 2976 implorans,
331 2901 441 2958 remei
464 2917 499 2956 ex
522 2900 624 2956 ordine
647 2916 802 2972 exponens.
827 2903 892 2973 lpse
913 2919 980 2957 vcro
1001 2916 1130 2971 cmures
1156 2904 1191 2959 ah
1219 2904 1283 2959 aliis
1310 2903 1475 2960 hominihus
1502 2921 1566 2960 eam
1591 2905 1697 2960 hahere
1719 2911 1880 2973 cernentes,

135 2997 246 3064 partem
272 2991 394 3046 crinium
417 3005 536 3045 snorum
562 2989 656 3044 eidem
681 2989 811 3057 tradidit;
829 2991 981 3047 stitisse
1035 3009 1099 3048 eam
1132 2992 1306 3048 monasterio
1341 2993 1487 3049 includere
1518 2993 1724 3065 disposuerunt
1753 3010 1760 3049 :
1794 3011 1881 3066 quam

134 3082 259 3136 cundum
276 3081 338 3151 ejus
354 3078 519 3134 mandatum
535 3077 593 3132 suis
608 3077 734 3133 crinibus
748 3077 888 3134 innexuit.
901 3078 979 3144 Quod
1036 3087 1137 3137 octavo
1159 3081 1253 3137 aetatis
1268 3097 1327 3136 suae
1350 3097 1427 3137 auno
1448 3081 1562 3137 cuidam
1579 3082 1708 3150 inclusae,
1729 3083 1813 3138 totrae
1828 3100 1881 3139 no·

134 3170 248 3226 demon
276 3168 412 3233 sentiens,
444 3168 545 3221 marito
573 3166 645 3222 dixit
671 3183 677 3221 :
702 3184 716 3218 ι
746 3167 787 3222 lle
811 3167 978 3238 decepisti:
1036 3171 1124 3238 mine,
1141 3169 1233 3225 sorori
1252 3169 1364 3225 comitis
1387 3170 1423 3225 de
1445 3170 1612 3241 spanheim,
1634 3173 1880 3240 commendantes,

134 3257 209 3314 nihil
222 3257 296 3327 juris
317 3256 346 3311 in
363 3272 396 3310 ea
418 3254 508 3310 babeo
532 3261 648 3326 propter
664 3254 871 3310 incantationes
887 3256 980 3311 llilde-
1036 3258 1181 3336 subtbeati
1197 3258 1341 3313 benedicti
1364 3258 1472 3331 Regula
1497 3274 1560 3314 eam
1584 3260 1691 3315 servire
1715 3261 1835 3317 homino
1848 3261 1880 3316 in

135 3346 239 3418 gardis.
255 3364 269 3397 n
285 3344 347 3416 lpse
362 3344 483 3399 maritus
500 3358 564 3397 eam
579 3343 609 3396 in
626 3343 729 3399 balneo
743 3343 894 3398 denudans
909 3345 980 3399 loca·
1035 3351 1133 3403 monle
1147 3346 1242 3404 Sancti
1258 3346 1386 3403 Disibodi
1398 3347 1573 3404 obtulerunt.
1975 3396 1976 3419 ,

133 3435 183 3503 vit,
200 3437 232 3488 ut
247 3433 288 3489 sic
308 3431 425 3488 tandem
445 3433 596 3504 perliceret
618 3431 696 3504 quod
717 3432 840 3488 solebat.
863 3433 978 3489 Etcum
1069 3438 1096 3491 8.
1122 3436 1162 3491 lle
1183 3435 1398 3491 conversatione
1424 3436 1489 3490 vitre
1516 3436 1586 3492 dicit
1603 3435 1692 3509 quod.
1716 3453 1782 3492 cum
1803 3437 1881 3493 lama
1975 3474 1976 3477 =

134 3522 264 3578 diabolus
278 3538 340 3577 eam
356 3521 462 3577 habere
478 3537 536 3575 nun
551 3526 655 3592 posset,
675 3520 777 3576 marito
792 3520 897 3576 collum
912 3537 978 3576 eon·
1034 3525 1069 3580 de
1084 3525 1147 3596 ejus
1168 3524 1317 3580 sanctitate
1339 3524 1395 3579 late
1421 3523 1639 3593 diffunderetur,
1655 3524 1766 3581 nobiles
1781 3541 1881 3597 quam·

133 3611 229 3683 tregit.
253 3612 323 3666 item
348 3626 413 3665 crim
438 3609 555 3682 qnidam
576 3609 727 3682 episcopus
743 3610 976 3681 llaguntinensis,
1033 3613 1167 3684 plurime
1189 3613 1294 3684 puelle
1318 3610 1356 3667 ad
1373 3627 1437 3667 eam
1452 3613 1662 3669 confluxerunt.
1678 3613 1734 3671 sed
1748 3630 1812 3669 cum
1828 3614 1878 3670 do-

134 3698 382 3772 Christianus(8l)
401 3698 527 3772 nomine,
549 3713 599 3770 per
616 3698 808 3771 pulsationem
824 3715 978 3772 campana·
1034 3714 1098 3754 mus
1126 3700 1294 3756 reclusionis
1328 3700 1524 3757 habitaculum
1555 3718 1656 3758 omnes
1691 3719 1791 3774 capere
1818 3719 1878 3758 non
1975 3728 1976 3785 3

133 3805 198 3846 rum
219 3787 349 3861 Pingniee
364 3787 550 3859 reciperetur,
565 3789 978 3860 ipsescampanaspersonare
1033 3789 1155 3857 veterat,
1182 3805 1199 3844 a
1225 3789 1347 3846 homino
1373 3794 1435 3845 tum
1462 3790 1653 3859 commonita,
1681 3791 1740 3847 imo
1767 3796 1878 3862 coacta,
1975 3790 1976 3809 ¹

133 3879 284 3946 intellexit,
299 3894 386 3934 tanam
400 3877 461 3932 haec
471 3876 566 3943 rerba,
582 3899 592 3925 ι
607 3878 715 3944 Pastor,
726 3877 810 3950 lnge:
821 3897 835 3927 n
846 3879 977 3946 alteram,
1032 3882 1065 3932 ut
1079 3877 1117 3931 ad
1131 3884 1261 3933 sanctum
1276 3878 1436 3950 liopertum
1452 3879 1553 3934 ducem
1568 3895 1598 3934 se
1609 3879 1782 3936 transferret.
1795 3879 1878 3945 Quod

135 3967 361 4023 «insalutatus
376 3966 432 4022 cito
447 3966 523 4037 luge.
540 3984 554 4018 a
571 3965 978 4022 Haecrerbaridebanluresse
1032 3981 1098 4021 cum
1124 3966 1221 4022 abbati
1250 3983 1304 4039 per
1330 3982 1414 4022 snum
1447 3967 1651 4022 confessarium
1674 3968 1826 4038 retulisset,
1850 3974 1879 4024 ct

132 4054 168 4110 ed
192 4055 369 4126 episcopum.
394 4053 480 4118 Quasi
500 4052 529 4107 iu
554 4069 678 4124 persona
707 4052 863 4127 episcopi:
889 4055 976 4124 hbeo,
1031 4053 1094 4126 ipse
1109 4054 1164 4110 hoc
1179 4056 1300 4111 moleste
1323 4056 1420 4125 ferret,
1440 4056 1546 4128 quibus
1565 4055 1713 4113 miraculis
1730 4057 1878 4114 licentiam
1975 4080 1976 4087 ¹

132 4149 239 4200 maram
263 4143 294 4198 in
317 4141 482 4198 confusione
506 4143 646 4215 relinquo.
669 4144 703 4198 Et
723 4143 785 4198 haec
808 4143 893 4199 verba
907 4161 977 4217 prae-
1033 4144 1202 4215 obtinuerit,
1221 4150 1250 4201 et
1269 4144 1305 4200 ad
1327 4145 1421 4200 locum
1439 4145 1576 4201 divinitus
1590 4151 1737 4203 ostensum
1756 4147 1878 4203 tramis·
1975 4164 1976 4171 ¹

131 4232 259 4288 sentibus
283 4231 428 4288 sororibus
452 4231 522 4288 dixit
545 4231 576 4286 in
598 4231 710 4304 spiritu.
734 4233 804 4288 Cum
829 4249 887 4305 qua
908 4249 977 4290 con·
995 4218 1017 4273 D
1033 4233 1081 4299 rit,
1098 4237 1128 4288 et
1141 4234 1288 4306 quomodo
1303 4235 1333 4289 in
1352 4234 1413 4289 loco
1426 4233 1527 4307 ignoto
1549 4234 1755 4291 monesterium
1769 4252 1876 4292 novum
1975 4240 1976 4289 t

131 4322 230 4378 cordat
252 4320 388 4393 priorissa
408 4321 504 4392 Agnes
524 4319 612 4394 [forte
633 4318 712 4376 decu
735 4319 868 4393 Beatrixl,
884 4327 976 4378 custo·
1031 4322 1231 4390 construxerit,
1248 4327 1276 4378 et
1290 4338 1356 4378 cum
1371 4321 1468 4378 decem
1485 4328 1513 4379 et
1530 4330 1593 4380 octo
1613 4323 1758 4380 nobilibus
1772 4325 1876 4396 puellis

132 4411 208 4467 dissa
237 4410 340 4478 Odilia,
367 4408 483 4481 Sophia,
509 4413 538 4464 et
561 4409 626 4464 alie
653 4411 839 4482 quamplures
862 4412 975 4482 juratae.
1030 4409 1138 4464 ibidem
1162 4409 1282 4465 homino
1306 4410 1443 4467 inservire
1466 4412 1633 4476 instituerit,
1658 4411 1689 4467 iu
1715 4413 1786 4468 Vitae
1814 4413 1876 4486 ejus

131 4499 276 4558 blechildis
292 4499 379 4554 atium
392 4499 489 4570 jurata
504 4496 581 4565 dicit,
598 4499 673 4570 quod
691 4498 810 4571 ipsadiu
822 4500 977 4556 vexabatur
1031 4497 1128 4553 libello
1145 4498 1259 4570 plenius
1278 4498 1432 4557 iuvenitur.
1456 4501 1487 4556 ln
1509 4515 1566 4573 qno
1590 4500 1764 4557 monasterio
1788 4502 1874 4575 quin·

131 4588 324 4655 adamouio,
345 4593 374 4642 et
397 4586 467 4642 dicit
489 4587 565 4658 quod
584 4603 637 4659 per
655 4587 864 4644 invocationem
883 4588 976 4646 beate
1030 4587 1169 4658 quaginta
1191 4587 1376 4644 dominarum
1400 4589 1571 4661 praebendas
1593 4591 1727 4658 instituit,
1752 4596 1782 4646 et
1805 4591 1876 4646 duas

131 4676 311 4748 llildegardis
326 4677 363 4731 sit
379 4676 509 4742 liberata,
535 4681 564 4731 et
584 4676 663 4749 quod
683 4683 838 4732 conventus
858 4693 920 4733 eam
937 4679 977 4734 sic
1029 4675 1210 4731 sacerdotum
1231 4693 1239 4730 ε
1259 4682 1400 4748 preterca
1422 4693 1583 4750 pauperum
1607 4684 1804 4735 matronarum
1830 4695 1876 4734 se-

130 4764 228 4820 rsxari
239 4769 267 4819 et
281 4761 398 4818 liberari
408 4762 521 4832 viderit,
533 4763 584 4834 qui
595 4762 688 4819 adhuc
697 4764 783 4820 hodie
794 4765 900 4820 ibidem
911 4766 973 4822 luit.
1029 4769 1108 4835 ptam
1123 4765 1154 4820 in
1169 4765 1281 4821 honore
1295 4767 1385 4821 sancti
1400 4766 1534 4838 Spiritus,
1553 4772 1582 4823 et
1600 4767 1629 4823 in
1652 4768 1761 4824 honore
1784 4769 1875 4824 beatas

166 4857 193 4908 7.
213 4851 288 4909 llicit
301 4851 388 4907 etiam
411 4851 489 4923 quod
511 4852 615 4908 viderit
638 4852 708 4908 alios
732 4852 925 4910 daemoniacos
948 4862 975 4912 et
1029 4853 1134 4909 llariae.
1151 4856 1292 4911 Preteres
1306 4855 1507 4911 transflumen
1530 4856 1624 4912 Rheni
1648 4858 1683 4912 ad
1706 4873 1794 4913 urtam
1815 4859 1874 4914 leu-

166 5029 223 5101 (79)
257 5028 300 5085 lhi
334 5045 438 5100 nempe
472 5029 608 5085 viderunt
638 5029 853 5086 benedicentem
887 5032 973 5104 pani,
1064 5031 1123 5103 (81)
1150 5031 1189 5086 lle
1215 5031 1376 5088 Christiano
1405 5033 1622 5107 archiepiscopo
1648 5035 1780 5108 quadam
1807 5043 1876 5093 sunt

129 5101 217 5176 misso
243 5101 278 5156 ad
307 5101 432 5172 puellam
460 5105 556 5156 mente
585 5107 713 5172 captam3
741 5107 771 5156 at
796 5103 973 5158 sanationem
1029 5100 1105 5156 dicta
1129 5102 1238 5157 ibidem
1266 5120 1346 5158 uum.
1376 5107 1424 5159 ldd
1454 5110 1483 5160 et
1514 5108 1585 5172 tat,
1611 5106 1661 5161 ubi
1694 5123 1771 5161 nrors
1797 5108 1876 5164 iltius

129 5172 207 5227 illius
234 5187 266 5226 ex
296 5171 359 5227 aliis
389 5172 550 5243 intelligere
578 5172 757 5240 debuerunt,
788 5175 843 5227 nisi
871 5173 975 5229 mulier
1029 5173 1128 5227 relata.
1153 5173 1222 5238 Quo
1242 5182 1340 5230 antem
1364 5174 1411 5230 hic
1436 5175 1612 5246 referuntur,
1636 5192 1694 5233 non
1717 5185 1877 5248 potuerunt

128 5241 230 5298 luisset
248 5242 369 5299 deducta
388 5242 424 5298 ad
448 5244 656 5299 monasterium
681 5260 688 5298 :
715 5243 793 5315 qnod
817 5259 874 5299 non
896 5261 973 5300 asse·
1028 5244 1208 5323 contingere,
1222 5245 1277 5299 nisi
1292 5250 1423 5326 tempore
1439 5247 1622 5303 schismatis:
1642 5264 1711 5303 uam
1726 5249 1755 5303 iu
1770 5244 1874 5305 dicece-

129 5313 213 5369 ritur.
1028 5329 1053 5366 st
1072 5313 1240 5385 Mogontina
1257 5315 1435 5373 Christianus
1454 5333 1605 5391 nunquam
1623 5318 1679 5374 fuit
1693 5325 1760 5392 post
1774 5335 1874 5391 pacem

165 5385 217 5456 (80)
248 5384 289 5442 lle
313 5384 391 5440 hisce
418 5384 480 5442 inse
510 5389 606 5442 actum
634 5389 677 5441 est
703 5385 734 5440 iu
761 5383 973 5442 Commentario
1027 5399 1105 5439 anno
1123 5387 1189 5441 1177
1205 5387 1337 5444 Ecclesiae
1350 5388 1523 5445 restitutam.

128 5451 202 5524 sss.
