3984 6034
119 257 150 308 li
942 257 1044 312 ACTA.
1835 265 1868 318 te

113 397 185 447 lem.
210 415 222 442 ι
246 392 296 448 llic
319 409 388 466 erge
410 392 554 448 mirabilia
577 392 649 458 haec,
676 399 704 450 et
734 395 825 450 scribe
850 410 883 450 ea
906 395 962 450 hoc
980 395 1091 467 Aquod
1116 395 1199 453 rideo
1223 398 1311 453 locale
1342 413 1400 453 uon
1427 403 1477 464 est,
1496 399 1546 455 sed
1575 399 1652 455 nube
1679 415 1745 472 qum
1771 400 1864 456 solem

116 502 127 530 ι
152 481 239 538 mode
264 481 374 551 edocta,
397 487 426 536 et
446 481 509 537 die:
531 483 633 538 Actum
657 487 699 538 est
719 483 873 540 millesimo
897 499 964 539 cen·
1018 489 1113 554 portet
1127 485 1218 539 multo
1231 485 1368 554 lucidius;
1386 502 1438 540 nec
1450 486 1645 558 altitudinem,
1661 503 1715 544 nec
1737 488 1866 560 longitu-

112 591 128 619 ο
150 571 255 625 tesimo
271 569 493 643 quadragesimo
512 570 608 642 primo
627 570 691 627 Filii
707 571 837 628 Deiiesn
859 570 964 628 Christi
1018 571 1129 641 dinem,
1154 589 1207 628 nec
1231 573 1410 628 latitudinem
1439 573 1469 629 in
1498 591 1532 629 eo
1561 576 1743 632 considerare
1772 577 1864 634 selec.

115 679 126 706 ι
149 658 358 714 iucarnationis
377 675 462 728 anno,
479 674 544 714 enm
560 659 751 732 quadraginta
769 661 892 716 dirorum
909 677 964 717 au·
1018 661 1150 733 illudque
1172 662 1274 717 umbre
1297 663 1418 718 viventis
1443 663 1559 718 luminis
1581 665 1654 720 mihi
1677 665 1863 722 nominetur:

114 767 126 795 ι
150 763 254 802 norum
275 752 444 819 septemque
467 748 611 804 mensium
635 764 736 816 essem,
764 749 895 805 maximas
915 765 963 804 co·
1018 754 1104 820 etque
1125 750 1199 806 sicut
1212 751 1264 819 sol,
1278 751 1347 806 iuna
1370 757 1399 806 et
1425 752 1552 806 stellein
1569 769 1645 824 aque
1658 758 1808 824 apparent,
1825 753 1867 810 ite

112 854 127 888 a
149 835 320 892 rascatiouis
334 837 451 909 igneum
465 835 564 892 lumen
577 843 676 910 aperto
691 838 762 894 cralo
777 837 905 906 veniens,
922 843 965 893 to·
1017 837 1165 909 scripturae
1182 844 1210 894 et
1224 855 1381 906 sermones,
1398 844 1427 894 et
1439 840 1568 908 uirtutes,
1585 846 1613 895 et
1627 843 1761 912 quosdam
1776 857 1866 913 opera

113 943 128 970 ο
149 925 211 978 lum
228 923 376 978 cerebrum
400 940 497 980 meurn
517 926 682 992 transfudit,
698 931 726 982 et
745 931 838 982 toturn
853 930 962 982 corto·
1016 924 1170 980 hominum
1192 926 1316 982 formata
1337 927 1365 981 in
1390 928 1440 982 illo
1462 927 1534 982 mihi
1555 929 1749 998 resplendent.
1775 929 1864 996 Quid-

113 1033 128 1060 »
149 1015 271 1083 tumque
289 1019 390 1084 pectus
413 1029 509 1070 meum
532 1013 612 1070 velut
632 1015 759 1083 flamma,
785 1032 843 1071 nou
865 1019 962 1072 temen
1017 1013 1086 1085 qnid
1102 1019 1198 1069 autem
1220 1015 1250 1069 iu
1266 1015 1318 1070 hec
1340 1015 1449 1070 visione
1464 1015 1556 1079 video,
1573 1015 1762 1074 scidiiicero.
1778 1018 1865 1088 hujus

113 1099 262 1164 sardens,
287 1101 337 1156 sed
361 1102 467 1170 caicus,
489 1103 528 1157 ita
553 1101 754 1172 inflammavit,
779 1109 809 1158 ut
835 1105 876 1158 sol
902 1120 963 1161 rem
1017 1103 1185 1158 memoriam
1201 1120 1252 1175 per
1276 1104 1394 1175 longum
1416 1109 1530 1176 tempus
1544 1104 1655 1161 haheo:
1673 1110 1701 1160 et
1721 1105 1807 1161 simul
1822 1105 1864 1160 vi-

113 1207 128 1236 o
149 1187 277 1260 aliquam
292 1188 428 1260 calefecit,
446 1207 634 1263 superquam
656 1192 750 1248 radios
772 1209 839 1247 suos
853 1193 962 1248 immit-
1017 1190 1071 1246 deo
1096 1196 1123 1245 et
1146 1192 1232 1246 audio
1254 1196 1283 1247 ct
1304 1193 1374 1260 scio,
1391 1198 1420 1247 et
1443 1193 1524 1264 quasi
1550 1193 1580 1247 in
1602 1199 1761 1261 momento,
1787 1193 1864 1266 quod

112 1296 127 1325 n
149 1276 195 1332 tit.
217 1277 251 1332 Et
264 1283 383 1349 repente
402 1278 581 1335 intellectum
603 1280 788 1352 expositionis
811 1281 961 1352 librorum,
1017 1279 1084 1348 scio,
1100 1281 1186 1336 disco.
1209 1280 1263 1337 Sed
1279 1281 1471 1354 quodcunque
1491 1298 1548 1336 non
1560 1282 1654 1351 video,
1670 1282 1742 1337 illud
1756 1283 1863 1350 nescio,

112 1385 127 1414 n
148 1364 281 1421 videlicet
305 1367 446 1436 Psaltcrii,
473 1369 701 1440 Evangeliorum,
724 1373 752 1425 et
777 1369 902 1426 aiiomm
916 1388 960 1426 ea·
1016 1368 1085 1440 quie
1105 1369 1181 1424 velut
1196 1369 1331 1424 illiterata
1347 1386 1421 1439 sirm,
1443 1374 1471 1424 et
1492 1370 1528 1425 de
1552 1370 1596 1426 his
1617 1387 1682 1442 quea
1702 1387 1735 1426 ex
1751 1370 1801 1425 illo
1822 1372 1864 1426 iu·

112 1453 332 1524 stholicornm,
354 1461 413 1511 tem
438 1457 548 1513 Veteris
572 1473 658 1528 qnam
681 1457 752 1514 Nori
777 1460 960 1529 Testamenti,
1017 1455 1211 1524 minsseribo,
1228 1473 1284 1510 non
1300 1457 1356 1511 alia
1379 1456 1465 1511 verba
1481 1472 1558 1526 pono
1582 1472 1668 1528 quam
1684 1472 1749 1528 ques
1764 1455 1862 1523 audio,

111 1563 127 1595 ι
147 1544 328 1599 voluminum
344 1545 501 1616 sapiebam,
513 1562 572 1601 uon
583 1552 679 1602 antem
692 1547 960 1619 interpretationem
1016 1544 1181 1615 Latinisque
1203 1544 1298 1599 verbis
1322 1562 1380 1599 non
1404 1545 1511 1600 limatis
1535 1545 1620 1617 [udde
1642 1550 1708 1600 utor
1725 1545 1771 1600 oei
1792 1544 1865 1616 quid

113 1653 125 1681 ι
147 1631 302 1689 verborum
323 1638 415 1688 textus
438 1650 549 1703 eorum,
570 1651 623 1691 nec
647 1635 816 1693 divisionem
839 1638 960 1709 syllaba·
1014 1629 1131 1703 simile}
1149 1633 1206 1687 Nec
1226 1632 1312 1687 audio
1330 1632 1427 1700 uerba,
1441 1633 1514 1689 sicut
1535 1648 1599 1705 quae
1615 1632 1650 1688 ab
1673 1648 1723 1687 ore
1737 1632 1864 1688 hominis

110 1741 126 1773 s
147 1736 223 1791 rum,
240 1737 293 1776 nec
306 1722 501 1794 cognitionem
519 1739 638 1780 casuum
659 1728 707 1779 aar
726 1728 887 1797 temporum
903 1725 960 1780 ραι.
981 1693 1141 1790 Bsonent,
1163 1721 1212 1776 sed
1235 1720 1307 1775 sicut
1327 1721 1444 1776 flemina
1466 1737 1636 1791 coruscans,
1664 1726 1693 1776 et
1716 1726 1750 1776 ut
1771 1723 1863 1777 nubes

111 1830 126 1858 n
147 1809 252 1864 lebam.
275 1830 290 1860 n
313 1810 454 1866 Hactenus
479 1811 582 1868 Sancta
603 1811 675 1884 ipsa,
696 1813 778 1884 enjus
801 1813 960 1885 posteriora
1016 1812 1095 1863 mota
1116 1807 1146 1862 iu
1161 1824 1226 1863 aere
1250 1825 1332 1880 puro.
1358 1810 1447 1880 liujus
1462 1825 1579 1882 qnoque
1600 1808 1719 1865 luminis
1739 1811 1862 1865 formem

109 1897 199 1951 verba
214 1898 285 1954 Vitae
300 1899 407 1954 inserta
429 1903 504 1964 sunt,
520 1916 601 1955 num.
620 1903 646 1956 2.
669 1901 750 1956 Nunc
763 1904 897 1974 quoedaru
912 1917 960 1957 re·
1015 1896 1095 1951 uuile
1118 1897 1203 1952 modo
1228 1913 1399 1968 cognoscere
1422 1899 1522 1965 valeo,
1548 1898 1622 1953 sicut
1655 1914 1692 1953 ne
1719 1899 1863 1971 spheram

109 1985 195 2041 uiant
217 1986 403 2042 observanda.
436 1987 533 2044 Primo
564 2003 596 2044 ex
621 1987 752 2061 allegatis
780 1990 889 2045 clarum
917 1993 961 2045 esl
1015 1986 1082 2041 solis
1096 1986 1221 2057 perfecte
1236 1986 1344 2042 intueri
1363 2003 1489 2058 possum.

107 2072 242 2130 Sanctam
263 2075 367 2131 humili
388 2083 415 2132 et
446 2077 606 2133 verecundo
635 2077 740 2133 timore
762 2078 812 2133 diu
834 2079 960 2135 noluisse
1053 2077 1094 2129 16.
1116 2094 1131 2125 a
1146 2077 1276 2130 Attamen
1292 2075 1400 2147 aspicio
1418 2076 1564 2132 interdum
1588 2076 1620 2131 in
1635 2076 1737 2132 eodem
1752 2076 1862 2132 luminu

108 2162 322 2220 derisionibus
345 2165 404 2221 suis
427 2165 561 2235 scribere,
578 2165 738 2238 divinisque
762 2167 959 2238 inspirationi·
1015 2161 1101 2217 aliem
1120 2162 1224 2224 lucem,
1248 2179 1312 2235 quae
1333 2164 1404 2219 mibi
1425 2165 1473 2219 iux
1494 2164 1592 2219 virens
1613 2163 1797 2232 nominetur;
1813 2165 1862 2220 sed

108 2252 164 2308 bus
179 2253 215 2308 ad
237 2253 420 2311 scribendum
435 2254 625 2311 invitantibus
646 2260 792 2328 utcunque
808 2255 959 2325 restitisse,
1014 2249 1088 2307 hanc
1103 2267 1161 2307 nou
1181 2251 1264 2307 video
1282 2252 1458 2324 frequenter,
1480 2255 1599 2326 ejusque
1624 2253 1747 2309 formam
1771 2253 1861 2309 multo

109 2341 201 2396 donec
215 2341 295 2413 grari
319 2348 348 2397 et
371 2343 495 2398 mirabili
509 2348 639 2415 correpta
660 2343 770 2413 morbo,
797 2361 858 2399 rem
881 2360 958 2399 com·
1013 2340 1121 2406 minue,
1144 2357 1231 2412 quem
1250 2340 1356 2413 prioris
1379 2342 1496 2397 luminis
1517 2341 1657 2410 formam,
1679 2341 1790 2397 sufficio
1811 2342 1858 2398 de·

108 2429 272 2485 manicaret
290 2447 355 2485 cram
382 2431 532 2499 monacho,
554 2435 583 2485 et
595 2447 648 2502 par
670 2431 747 2487 hnne
769 2448 833 2487 eum
856 2431 958 2488 abbate
1013 2428 1179 2482 terminare.
1194 2426 1326 2500 Dumque
1341 2428 1426 2484 istam
1437 2430 1529 2485 lucem
1545 2429 1669 2496 intueor,
1681 2429 1776 2484 omnis
1789 2429 1861 2484 mihi

107 2517 235 2586 (ὶοοοοο,
251 2523 283 2572 ut
305 2518 367 2573 Vita
391 2515 477 2574 hab'et
496 2535 576 2574 num.
592 2519 620 2585 4,
647 2518 696 2574 ubi
720 2519 805 2574 eiiam
830 2519 957 2588 additur,
1012 2516 1127 2571 tristitie
1150 2516 1304 2587 omnisque
1327 2516 1409 2573 dolor
1438 2517 1567 2572 aufertur
1589 2517 1625 2571 de
1653 2515 1861 2583 memorialia

106 2607 213 2661 morbo
245 2607 396 2662 liberatam
420 2607 518 2676 inisse,
542 2607 627 2664 simul
654 2612 739 2679 etque
763 2607 893 2664 animum
922 2611 959 2666 sd
1012 2608 1046 2659 ut
1061 2611 1129 2660 tunc
1145 2619 1239 2659 mores
1258 2605 1396 2676 simplicis
1412 2606 1526 2678 puellae.
1542 2610 1572 2660 et
1592 2621 1652 2661 non
1672 2606 1777 2660 vetulus
1792 2622 1860 2661 mu-

106 2694 293 2750 soribendum
316 2695 436 2768 appulit
464 2695 630 2766 Prodigiosa
653 2696 706 2750 ista
727 2697 876 2752 sanatione
898 2714 958 2754 nou
1013 2693 1091 2748 lieris
1112 2694 1243 2748 habeam.
1260 2695 1363 2749 noima
1387 2699 1484 2748 autem
1507 2710 1571 2749 mee
1594 2694 1674 2748 nnita
1696 2692 1768 2747 hora
1782 2697 1860 2747 caret

106 2783 216 2850 minus,
241 2797 328 2855 quam
350 2784 526 2856 praecedenti
554 2784 760 2856 morbumque
783 2786 956 2856 prodigioso,
1012 2781 1107 2851 primo
1130 2781 1250 2849 lumine,
1267 2782 1345 2854 quod
1369 2781 1470 2837 umbra
1486 2781 1607 2836 visentis
1632 2780 1751 2836 luminis
1774 2797 1859 2836 voca·

107 2871 247 2927 excitatus
262 2872 359 2941 abbas,
375 2877 442 2944 post
463 2872 578 2944 aliquod
604 2877 719 2945 tempus
732 2873 829 2946 priora
847 2875 957 2931 Sanctae
1012 2875 1073 2937 tur;
1090 2875 1118 2925 et
1130 2869 1202 2924 iilud
1216 2869 1299 2925 rideo
1310 2871 1388 2926 reiut
1401 2869 1432 2924 iu
1447 2870 1541 2925 lucide
1554 2870 1629 2924 nube
1644 2869 1859 2925 firmamentum

107 2960 214 3032 scripto
229 2961 332 3017 detulit
354 2958 541 3034 linguntiam,
557 2961 654 3033 ibique
674 2979 708 3017 ea
731 2979 795 3018 curn
816 2963 956 3036 archiepi·
976 2959 1120 3047 cabsque
1140 2957 1223 3014 stella
1246 2959 1397 3030 aspiciem;
1422 2965 1451 3015 et
1478 2959 1591 3031 inipso
1619 2958 1702 3014 video
1731 2974 1795 3029 quae
1824 2959 1859 3012 de

107 3063 195 3119 scopo
219 3047 342 3103 henrico
362 3053 476 3104 etcum
500 3048 652 3120 praecipuis
677 3048 744 3103 viris
760 3048 957 3104 ecclesiasticis
1010 3049 1123 3120 fulgore
1145 3047 1264 3103 neonus
1295 3047 1366 3103 lucis
1393 3048 1505 3120 loquor.
1530 3047 1677 3103 Parmensi
1702 3051 1797 3102 antem
1821 3046 1858 3100 ah

106 3136 339 3206 communicarit,
365 3143 398 3193 ut
420 3136 506 3192 hebet
529 3138 594 3192 Vita
621 3152 700 3192 num.
729 3137 756 3205 4,
785 3142 814 3192 et
841 3153 956 3194 rursum
1010 3135 1131 3191 infantia
1153 3152 1218 3191 mee
1241 3152 1331 3208 nsque
1355 3136 1390 3192 ad
1415 3135 1668 3209 quadragesimum
1691 3135 1782 3190 retefis
1805 3151 1857 3189 an·

106 3241 189 3282 num.
208 3229 250 3294 ii,
268 3225 316 3281 ubi
340 3226 403 3297 ipsa
420 3227 581 3297 allegantur
596 3225 707 3281 Sanctae
726 3226 814 3281 verba
828 3242 955 3297 sequen·
1010 3241 1080 3280 num
1104 3224 1241 3298 praedicte
1261 3241 1375 3298 semper
1395 3226 1504 3294 ridens,
1520 3231 1548 3281 et
1569 3241 1645 3298 srepc
1665 3223 1774 3297 aliquid
1789 3223 1857 3279 inde

105 3315 166 3370 tia:
183 3337 194 3363 ι
213 3316 278 3372 iimo
293 3314 328 3370 ad
345 3315 523 3370 audientiam
535 3315 708 3386 lioguntiuae
723 3315 854 3372 Ecclesiae
869 3316 955 3371 allata
1009 3314 1141 3386 loquens,
1159 3315 1208 3370 sed
1228 3313 1345 3386 penitus
1365 3313 1438 3369 nihil
1454 3313 1591 3370 scribens.
1616 3313 1650 3369 iit
1671 3316 1740 3368 tunc
1763 3310 1794 3367 in
1808 3327 1855 3366 ee·

105 3418 173 3458 cum
189 3405 286 3459 essent
298 3409 328 3458 et
341 3403 477 3472 discussa,
493 3419 592 3458 omues
612 3419 644 3458 ex
661 3401 719 3458 Deo
734 3419 796 3460 esse
810 3403 952 3472 dixerunt,
1009 3402 1075 3458 dem
1089 3401 1198 3459 visione
1213 3402 1289 3457 sensi
1302 3418 1389 3457 renes
1409 3418 1488 3457 meas
1504 3407 1533 3458 ct
1556 3400 1696 3456 medullas
1715 3401 1801 3472 plene
1814 3400 1856 3454 ri·

105 3496 136 3548 et
160 3508 194 3547 cx
217 3492 381 3563 prophetia,
404 3508 460 3564 qua
490 3492 557 3547 oiim
587 3493 738 3564 prophete
765 3491 954 3564 prophetare·
1007 3491 1088 3546 ribus
1111 3490 1266 3559 restitutas,
1291 3490 1397 3563 quihus
1425 3507 1477 3562 per
1501 3491 1606 3546 multas
1628 3488 1811 3545 infirmitates
1840 3505 1856 3543 a

104 3585 181 3635 rant.
199 3601 214 3631 n
1004 3581 1156 3650 juventute
1172 3594 1236 3635 mea
1258 3579 1430 3635 defeceram.
1451 3582 1587 3652 Tuncque
1606 3577 1794 3650 compellente
1809 3593 1855 3632 me

144 3671 185 3722 15.
207 3667 338 3724 Seorrudo
361 3672 474 3724 constat
497 3684 532 3723 ex
555 3667 648 3724 allatis
672 3667 781 3732 verbis,
804 3667 953 3724 scientiam
1007 3667 1126 3739 Spiritu,
1142 3667 1273 3722 intimari
1294 3667 1348 3722 isla
1370 3666 1485 3721 cuidam
1506 3665 1660 3732 monacho,
1681 3678 1768 3736 quem
1783 3663 1855 3719 mihi

104 3757 133 3811 S.
152 3755 332 3829 Hildegardis
349 3771 404 3812 non
425 3756 513 3812 luisse
535 3755 631 3811 studio
646 3755 828 3828 acquisitam,
846 3757 895 3812 sed
911 3757 953 3812 in·
1007 3756 1178 3829 magistrum
1200 3770 1418 3827 proposueram.
1443 3754 1497 3820 Qui
1512 3754 1579 3810 satis
1594 3753 1738 3810 admirans
1750 3753 1786 3808 de
1800 3752 1854 3817 bis,

103 3845 198 3900 fusam
221 3847 320 3902 ailoe.
338 3845 408 3902 iiiuc
427 3845 458 3901 in
480 3845 551 3913 vna,
569 3861 649 3901 num.
668 3849 709 3914 tr,
724 3845 787 3917 ipsa
800 3845 870 3901 dicit
883 3845 952 3901 scri-
1004 3844 1131 3917 injunxit
1153 3844 1237 3915 mihi,
1263 3849 1305 3914 ut,
1330 3859 1396 3916 quae
1418 3842 1545 3898 viderem
1565 3847 1595 3898 et
1615 3856 1681 3914 quer
1704 3840 1852 3907 vidissem,

102 3930 172 3986 bere
185 3947 216 3986 se
231 3931 360 4004 coepissa,
379 3954 392 3982 e
411 3947 477 3988 cum
500 3931 546 3988 vix
563 3932 695 3988 notitiam
714 3933 878 3990 litterarum
901 3934 950 3990 ba·
1005 3933 1143 3988 absconse
1167 3932 1334 3999 scriberem,
1359 3935 1502 4003 quatenus
1525 3931 1597 4001 ipse,
1624 3928 1685 3984 riso
1712 3927 1796 3984 initio
1825 3933 1855 3982 et

101 4019 213 4090 berem,
230 4021 335 4093 iuquit,
350 4021 425 4077 sicut
448 4021 563 4076 indocta
585 4021 689 4076 mulier
711 4022 950 4078 moderamni.»
1005 4021 1063 4077 fine
1086 4020 1267 4100 scriptorum,
1289 4026 1387 4092 posset
1410 4019 1445 4075 de
1469 4018 1505 4074 iis
1523 4017 1664 4091 judicare,
1685 4018 1729 4072 rel
1752 4017 1853 4072 saltem

101 4107 260 4180 Ignorabat
283 4114 358 4164 certe
378 4109 507 4182 linguam
532 4108 672 4179 Latinam,
698 4109 767 4182 quia
791 4126 855 4166 eam
877 4127 951 4166 nuu-
1005 4111 1158 4180 assumere,
1175 4111 1244 4182 quid
1260 4110 1302 4165 rei
1315 4113 1399 4165 esset.
1416 4129 1431 4159 n
1471 4136 1474 4142 ·

101 4212 192 4267 quam
214 4196 362 4254 didicerat.
384 4199 518 4254 Attamen
530 4214 655 4271 superno
671 4197 812 4255 illustrata
830 4199 950 4267 iumine,
1042 4204 1085 4256 i7.
1104 4201 1192 4255 Porro
1214 4199 1316 4255 Sancte
1336 4198 1387 4253 ubi
1410 4196 1511 4253 morbo
1533 4212 1563 4250 se
1587 4194 1703 4252 leudem
1728 4194 1853 4250 scribere

101 4284 283 4358 intelligebat
302 4287 409 4358 scripte
441 4286 556 4352 Latina,
586 4291 728 4358 quantum
754 4292 888 4359 apparet,
918 4304 951 4343 co
970 4287 1183 4360 Dcompulsam
1204 4290 1323 4342 testatur
1349 4285 1443 4341 verbis
1461 4285 1522 4357 jam
1550 4284 1624 4340 detis
1651 4300 1687 4340 cx
1712 4283 1852 4354 prooemio

101 4390 189 4430 sensu
205 4379 238 4429 ut
256 4374 342 4430 sciret
365 4375 435 4447 quid
457 4375 569 4448 scriptis
590 4375 648 4430 iilis
668 4376 872 4445 contineretur,
894 4393 952 4432 non
1006 4379 1042 4433 ed
1058 4376 1179 4446 seirius,
1202 4377 1264 4432 brec
1284 4375 1451 4447 subjungit:
1479 4374 1600 4440 etQuod
1624 4374 1694 4429 dum
1717 4373 1852 4442 facerem,

102 4463 173 4533 quid
185 4461 298 4534 singula
314 4463 399 4518 rerba
413 4462 617 4535 significarent.
635 4464 674 4519 De
686 4463 813 4520 mirabili
827 4463 878 4520 illo
895 4481 954 4521 mo
1007 4467 1092 4522 eliam
1111 4464 1339 4537 profunditatem
1360 4463 1547 4542 erpositiouis
1570 4462 1721 4532 librorum,
1739 4465 1770 4517 ul
1782 4478 1852 4534 prae·

101 4552 139 4606 do
164 4567 222 4624 quo
250 4551 427 4624 intelligebat
452 4553 596 4624 mysteria,
626 4568 743 4624 quoque
773 4569 806 4608 ea
835 4553 952 4610 demum
1006 4555 1075 4624 dixi,
1091 4553 1405 4626 ascensurumque
1426 4553 1549 4625 receptis
1564 4553 1600 4609 de
1619 4551 1791 4624 egritudine
1806 4567 1852 4606 ma
1933 4591 1940 4621 .-

102 4639 229 4695 seribcre
252 4641 399 4710 compulsa
423 4638 491 4708 fuit,
522 4655 557 4695 ex
584 4640 671 4695 variis
701 4640 791 4712 ipsius
818 4642 951 4713 scriptis,
1006 4645 1129 4717 erigens,
1152 4643 1201 4699 vix
1224 4659 1297 4715 opus
1318 4642 1394 4698 istud
1415 4642 1516 4699 decem
1538 4641 1622 4697 anuis
1647 4655 1852 4696 consummans

102 4745 169 4801 que.
184 4730 289 4801 partim
304 4729 382 4785 edita
397 4746 454 4785 non
480 4735 555 4796 sunt,
579 4731 664 4802 plura
677 4731 821 4785 habentur
840 4747 953 4788 corrasa
1006 4733 1142 4789 adfinem
1157 4733 1288 4805 perduxi.
1311 4734 1343 4787 iu
1366 4731 1469 4788 diebus
1492 4737 1591 4786 autem
1606 4730 1722 4788 ilenrici
1736 4731 1852 4802 liogan-

101 4817 134 4873 in
148 4819 211 4874 Vita
230 4834 284 4873 ms.
304 4821 368 4876 ilaec
389 4818 487 4890 igitur,
503 4835 569 4874 eum
594 4835 652 4874 uon
675 4819 772 4874 omnia
792 4820 953 4876 habeantur
1004 4822 1058 4878 tini
1080 4821 1297 4894 archiepiscopi,
1313 4826 1342 4878 et
1361 4821 1484 4877 Couredi
1503 4821 1698 4877 ilomanorum
1721 4818 1806 4889 regis,
1824 4823 1853 4874 et

101 4906 133 4962 in
149 4907 430 4979 Vitaimprimende,
445 4907 503 4962 buc
522 4908 741 4964 transferamzs
767 4907 810 4964 llh
831 4907 952 4964 infantia
1006 4909 1130 4967 Cenoma
1145 4910 1256 4966 abbatis
1274 4911 1304 4965 iu
1325 4911 1419 4967 lionte
1442 4909 1520 4966 beati
1544 4908 1673 4965 Disibodi
1696 4905 1851 4980 pontificis,

101 5011 173 5067 ergo
198 5012 274 5064 mea,
289 4995 392 5066 inquit
418 5010 512 5067 usque
536 4995 572 5051 ad
596 5012 722 5067 praesens
738 5001 862 5068 tempus,
886 5014 951 5054 cum
1005 4999 1057 5055 suh
1072 5016 1147 5072 papa
1172 4999 1308 5072 Eugenio,
1326 5001 1372 5056 bae
1397 4999 1520 5054 visiones
1534 5003 1563 5054 et
1581 4997 1670 5053 verbe
1682 4997 1758 5052 lacte
1772 5000 1849 5051 suut.

96 5085 161 5158 jam
182 5084 248 5154 plus
269 5099 357 5156 quam
382 5084 563 5156 septuaginta
587 5101 729 5140 annorum
757 5085 821 5154 sim,
840 5085 893 5140 hoc
907 5087 951 5141 lu·
1006 5089 1039 5144 Et
1053 5088 1112 5145 dixi
1125 5095 1154 5145 et
1170 5088 1270 5160 scripsi
1285 5090 1355 5158 haec,
1370 5104 1431 5144 non
1446 5087 1604 5144 secundum
1618 5085 1851 5142 adinventionem

99 5189 171 5229 meu
185 5172 216 5227 iu
237 5173 335 5228 anime
356 5187 421 5227 mea
435 5188 551 5243 semper
562 5173 656 5240 odeo,
670 5179 697 5228 et
721 5188 777 5228 non
798 5174 951 5230 exteriori·
1005 5177 1099 5233 cordis
1113 5178 1172 5234 mei
1186 5183 1236 5234 aut
1257 5178 1346 5234 ullius
1366 5177 1502 5246 hominis,
1517 5176 1566 5232 sed
1590 5180 1622 5231 ut
1635 5192 1669 5231 ee
1683 5175 1714 5230 in
1729 5175 1851 5231 coeiesti·

100 5263 158 5318 bus
171 5261 271 5329 oculis,
294 5276 348 5316 nec
371 5261 592 5334 cogitationibus
613 5262 716 5332 cordis,
740 5278 794 5318 nec
814 5263 873 5319 ulla
893 5264 950 5320 col·
1003 5265 1059 5321 bus
1072 5264 1142 5336 vidi,
1155 5266 1259 5332 audiri,
1277 5272 1306 5322 et
1320 5265 1435 5339 percepi
1451 5282 1504 5338 per
1517 5270 1625 5321 secrete
1640 5262 1775 5336 mysteria
1789 5264 1850 5319 Dei.

99 5350 210 5406 latione
232 5349 361 5422 quinque
376 5365 512 5406 sensuum
535 5350 711 5406 exteriorum
725 5350 798 5406 iliud
814 5352 950 5424 percipio,
1007 5356 1039 5411 tlt
1062 5355 1168 5412 iterum
1189 5356 1285 5412 audiri
1308 5371 1407 5411 vocem
1434 5356 1470 5410 de
1494 5355 1565 5410 coelo
1588 5353 1659 5409 mibi
1687 5353 1849 5408 dicentem:

99 5439 290 5495 manentibus
313 5444 411 5495 temen
437 5439 627 5495 exterioribus
657 5424 747 5496 oculis
773 5441 896 5512 apertis,
924 5446 953 5497 et
1006 5441 1199 5517 Ciomoerqo,
1215 5443 1350 5499 elocribe
1366 5441 1450 5498 rio·
1474 5442 1588 5513 Epocha
1610 5442 1676 5497 data
1694 5440 1853 5497 nonhabet

99 5528 166 5584 aliis
181 5527 330 5601 corporeis
350 5528 481 5620 sensibus
500 5527 529 5583 iu
549 5543 601 5583 sua
616 5527 730 5584 virtute.
748 5530 857 5584 Lumen
873 5529 951 5585 euim
1005 5531 1214 5597 difficultatem,
1233 5534 1425 5604 preterquam
1447 5529 1478 5585 in
1492 5529 1620 5602 Eugeuio
1643 5546 1719 5603 pape
1736 5533 1764 5584 el
1780 5529 1853 5584 iisn-

1865 5683 1881 5714 0
