3984 6034
129 125 181 176 583
860 115 888 168 S.
910 109 1148 168 uttuncaltbls
1822 108 1875 161 584

163 255 198 308 lit
218 253 248 306 in
271 251 334 322 ipss
357 247 550 304 commotione
568 246 775 302 desideriorum
801 245 888 301 habet
916 261 969 314 op·
990 249 1014 297 A
1028 241 1187 312 adimplere
1202 241 1281 312 quod
1297 244 1463 311 perpetrare
1478 242 1577 308 posset
1588 238 1619 292 in
1633 237 1795 294 irritatione
1812 237 1874 302 ilci,

128 342 237 395 tionem
251 338 405 394 uoluntatis
426 336 504 391 illins
527 335 581 389 viee
604 350 691 406 quam
715 334 870 389 desiderate
888 339 918 388 et
938 333 972 387 ed
1028 330 1193 384 bominibus
1218 328 1309 401 magis
1331 325 1576 397 concupiscentias
1605 343 1672 382 suas
1690 327 1878 398 sequentibus

127 430 207 484 illam
239 425 382 483 convertit
417 443 447 478 so
475 440 541 479 cum
575 426 722 477 uoluntate
755 422 861 492 operis.
892 422 974 492 quasi
1029 419 1271 490 quemculturam
1293 415 1530 480 Deiamantibus,
1547 415 1617 486 quia
1640 414 1768 486 primum
1783 429 1877 484 genita

127 533 246 573 mmnm
278 516 315 570 ed
344 517 398 569 hoc
434 513 609 584 porrigendo
642 512 749 566 scilicet
770 513 879 565 bonum
902 526 974 581 opos
1029 507 1180 562 bominum
1196 505 1337 561 abaciam
1352 504 1722 576 ubispeouletivaseientia
1740 503 1880 558 absconsa

126 606 279 678 perficiens
302 604 455 674 adjuvante
485 605 544 656 Deo
565 617 617 672 per
642 602 774 672 gratiam,
805 605 835 654 et
866 601 974 653 malum
1029 600 1099 660 erat,
1116 594 1266 663 deglutivit
1280 593 1411 648 diabolus
1424 593 1455 647 in
1472 592 1552 648 omni
1566 593 1712 647 volontate
1724 607 1776 647 sus
1787 607 1879 662 nsque

126 709 269 767 peragens
283 677 437 748 insidiante
450 691 565 746 diabolo
576 706 628 762 per
639 690 854 761 suggestionem
868 689 973 742 artium
1029 685 1063 738 sd
1078 685 1146 750 Noe,
1171 683 1202 737 in
1229 698 1287 754 quo
1306 681 1356 737 illa
1373 681 1491 737 scientia
1512 686 1611 753 aperte
1631 686 1747 762 ostense
1765 686 1820 750 est,
1845 683 1879 734 ut

127 798 255 850 suerum,
288 782 351 853 ipso
383 780 500 852 quidem
524 779 640 834 homins
668 780 731 834 haec
756 778 969 849 inspicientem
1030 773 1137 827 dietum
1168 776 1222 840 est,
1252 770 1442 826 nibilominus
1474 775 1572 824 temen
1595 770 1687 824 adbuc
1716 768 1881 824 confidebat

129 872 250 927 scientio
284 869 486 924 rationalitatis
516 883 586 923 sure.
620 867 690 922 Nam
717 868 748 920 in
775 867 825 922 illa
857 866 976 920 scientia
1028 861 1160 916 diabolus
1184 859 1261 931 qnod
1284 862 1358 914 esset
1376 859 1528 915 habiturus
1556 874 1643 915 omne
1663 875 1755 932 genus
1773 858 1879 913 buma-

128 960 245 1033 inspicit
275 959 383 1014 bonum
405 962 434 1012 el
459 958 577 1025 malum,
603 962 631 1011 et
653 955 720 1010 iude
743 955 836 1010 oritur
857 954 888 1008 in
913 953 974 1025 ipso
1029 965 1114 1005 num:
1146 948 1297 1020 iniquitate
1326 949 1368 1003 its
1387 948 1417 1003 in
1443 954 1588 1020 praecepto
1612 948 1675 1020 ejus
1704 947 1880 1019 procedente

128 1049 303 1104 desiderium
347 1047 473 1118 optionis
502 1046 615 1100 duabus
654 1045 709 1099 riis
743 1044 813 1098 boni
843 1043 976 1097 videlicet
1029 1055 1121 1110 usque
1151 1039 1186 1092 ed
1214 1037 1355 1110 angulum
1385 1037 1650 1108 septentrionalem,
1683 1037 1737 1092 hoo
1768 1040 1811 1090 eet
1842 1037 1881 1089 ad

128 1142 157 1191 et
186 1138 267 1205 meli,
290 1136 448 1191 secundom
476 1135 653 1189 voluntalem
678 1133 781 1204 ipsius.
802 1131 877 1196 Quid
897 1130 975 1184 boc‘?
1029 1129 1174 1183 Abraham
1189 1131 1217 1182 el
1234 1127 1346 1193 blesen3
1364 1126 1503 1199 quoniam
1516 1131 1582 1180 ante
1596 1142 1645 1182 eos
1661 1126 1692 1181 in
1704 1124 1882 1196 speculativa

129 1226 212 1297 Optio
234 1225 378 1296 estquod
400 1224 486 1278 bomo
508 1222 630 1278 videtin
653 1221 795 1278 desiderio
819 1220 909 1274 enimi
931 1220 976 1273 sui
1029 1216 1148 1271 scientia
1168 1220 1230 1271 erat
1262 1215 1399 1285 iniqnitas
1421 1214 1504 1285 qnasi
1522 1214 1635 1284 integra
1662 1213 1693 1266 in
1708 1228 1759 1267 sua
1775 1212 1880 1283 neqni-

130 1312 212 1383 quasi
230 1313 261 1366 in
284 1313 400 1386 speculo
425 1326 470 1366 res
494 1310 606 1381 aliquas
628 1309 726 1364 dicens
746 1309 823 1363 intre
841 1323 892 1363 se:
918 1307 976 1361 Uti·
1030 1304 1079 1372 tia,
1101 1309 1130 1359 et
1156 1303 1288 1359 nondum
1313 1302 1476 1373 interrupta
1502 1306 1552 1357 ant
1572 1301 1696 1357 contrite
1709 1301 1881 1372 peroonsti-

130 1418 197 1456 uam
219 1417 333 1473 possem
354 1400 407 1453 hoc
427 1401 472 1452 rel
496 1399 567 1453 illud
582 1414 677 1469 agere,
693 1397 728 1453 ed
744 1397 820 1468 quod
843 1397 975 1451 nondum
1029 1396 1121 1447 tutam
1144 1391 1285 1462 Justitiam
1314 1391 1387 1462 legis
1411 1389 1474 1457 Dei,
1491 1388 1560 1462 qnia
1582 1389 1707 1444 necdum
1730 1389 1881 1443 circumci-

128 1491 235 1545 eccedit
256 1505 308 1561 per
331 1506 413 1560 opus,
437 1488 484 1542 sed
511 1487 597 1542 babet
620 1487 693 1541 illud
717 1486 746 1540 iu
769 1486 888 1540 scicntia
911 1501 972 1552 sua,
1031 1481 1074 1534 sio
1089 1481 1194 1536 sutlcx
1208 1481 1274 1536 dete
1289 1482 1393 1546 luerat,
1408 1479 1437 1534 in
1453 1480 1559 1550 quibus
1575 1483 1642 1534 tirno
1660 1477 1792 1533 Patribus
1817 1479 1881 1548 ipse

127 1581 236 1650 positus
256 1579 338 1650 quasi
362 1578 391 1631 io
420 1578 513 1647 cepite
541 1578 664 1632 duarum
686 1576 809 1642 riarum,
834 1575 910 1646 quod
936 1577 978 1627 est
996 1549 1016 1600 B
1031 1569 1162 1624 diabolus
1183 1569 1302 1640 incoepit
1325 1569 1474 1635 conlundi,
1495 1583 1561 1622 com
1582 1567 1662 1638 prius
1683 1565 1766 1639 qnasi
1785 1566 1880 1620 conli-

130 1664 280 1720 scientinm
305 1665 413 1720 habens
444 1665 628 1720 occasionum
651 1665 721 1719 boni
745 1669 774 1719 et
789 1665 869 1729 mati,
893 1663 977 1718 etita
1031 1657 1133 1712 denter
1147 1658 1178 1712 in
1188 1657 1297 1712 mundo
1305 1662 1448 1729 regnaret,
1467 1656 1540 1711 sicut
1555 1655 1648 1726 aperit
1662 1656 1767 1710 Paulos
1783 1669 1882 1709 meum

130 1752 293 1807 secundum
314 1751 489 1807 desiderium
507 1767 591 1805 soom
603 1750 696 1806 tendit
715 1751 832 1805 tandem
852 1751 887 1804 ad
904 1766 978 1820 opus
1031 1746 1157 1800 lucidum
1188 1761 1236 1799 vas
1262 1745 1428 1800 electionis:
1450 1744 1592 1817 Regnavit
1614 1759 1692 1801 mors
1718 1745 1755 1799 ab
1784 1743 1881 1798 Adone

128 1842 201 1896 illud
219 1841 278 1894 sive
291 1856 406 1894 sursum
421 1841 479 1894 sive
499 1841 642 1895 deorsum.
1030 1847 1117 1903 usque
1143 1832 1182 1889 nd
1197 1835 1292 1887 Mosen
1306 1832 1394 1898 etiem
1417 1836 1447 1887 in
1461 1847 1509 1888 eor
1522 1831 1573 1903 qui
1599 1847 1657 1887 non
1678 1834 1880 1902 peceaverunt,

166 1929 201 1982 Et
223 1928 314 1981 altera
337 1927 431 1980 lorrnn
445 1927 521 1981 muri
541 1943 629 1998 qnam
652 1927 730 1982 rides
754 1928 838 1998 qussi
859 1941 977 1998 comps·
1029 1919 1061 1974 in
1085 1919 1307 1977 similitudinem
1323 1919 1569 1993 prevaricatio&
1583 1919 1653 1974 Ad&
1666 1920 1773 1991 quieti
1784 1919 1883 1982 forma

129 2016 306 2086 ginationcm
337 2015 466 2086 lapidum
501 2015 654 2071 ostendens
682 2031 773 2086 genus
804 2017 976 2086 hamanum,
1029 2007 1123 2075 soteri
1142 2010 1235 2077 (Rom.
1259 2008 1296 2078 v).
1318 2010 1375 2062 lloc
1398 2009 1454 2064 tale
1469 2015 1527 2064 est:
1554 2010 1626 2064 ltors
1646 2009 1778 2079 regnavit
1799 2009 1880 2063 nullo

128 2103 262 2174 designat
295 2103 382 2158 sliam
415 2109 506 2158 recise
532 2104 728 2159 institutiones
753 2119 819 2177 orie
843 2120 978 2160 surrexe-
1031 2101 1131 2151 contra
1161 2113 1227 2150 eom
1268 2096 1418 2162 militante,
1451 2099 1590 2169 nulloque
1624 2112 1689 2153 eam
1726 2101 1881 2168 superante

129 2198 197 2247 runt
223 2192 255 2246 in
278 2192 424 2247 mentibus
447 2193 611 2261 bominum,
631 2199 665 2249 nt
682 2193 713 2248 in
738 2194 884 2248 Abraham
899 2199 928 2248 et
946 2194 976 2248 in
1029 2185 1114 2254 bello,
1138 2186 1174 2242 ab
1196 2185 1286 2240 Adam
1308 2186 1457 2257 usquead
1481 2188 1586 2242 Mosen·
1606 2187 1779 2251 Quomodo?
1807 2185 1881 2250 0⁰5³

128 2281 202 2335 ltose
230 2297 263 2336 ec
286 2281 326 2349 in¹
344 2281 465 2351 ceteris,
495 2282 546 2354 qai
567 2287 649 2337 erant
672 2284 838 2354 praecedens
858 2299 978 2354 germen
1032 2275 1183 2330 austeritas
1214 2281 1244 2331 et
1269 2275 1382 2330 cultore
1409 2275 1479 2347 legis
1508 2281 1576 2331 ante
1609 2275 1706 2332 biosen
1729 2277 1796 2331 dats
1818 2291 1880 2330 non

128 2370 200 2441 legis
221 2371 281 2437 Dei,
305 2387 371 2425 cum
396 2371 531 2426 omnibus
543 2371 722 2442 appendiciis
747 2372 865 2442 justitie»,
882 2371 931 2427 Dei
947 2372 977 2426 in
1031 2370 1108 2419 erat:
1143 2371 1262 2436 excepto
1293 2364 1371 2436 quod
1385 2364 1566 2420 circumcisio
1592 2365 1622 2420 in
1652 2365 1796 2421 Abraham
1818 2364 1881 2435 jus

128 2459 294 2530 legensque
311 2459 342 2512 in
365 2458 556 2514 novissimum
578 2464 702 2531 tompus,
732 2459 906 2524 Quomodo?
921 2458 978 2515 Sci·
1031 2453 1112 2507 sione
1143 2454 1193 2508 Dei
1221 2453 1308 2522 lacte,
1336 2453 1429 2524 ipsam
1461 2453 1563 2509 leviter
1597 2456 1881 2526 praemonstraverat,

129 2542 196 2598 licet
214 2545 292 2615 qnod
307 2560 381 2614 opus
403 2544 453 2599 Dei
467 2550 510 2599 est
523 2546 554 2599 in
569 2545 686 2600 bomine
702 2550 730 2600 ct
744 2561 796 2617 per
817 2546 975 2615 bominem,
1031 2541 1081 2596 sed
1102 2541 1203 2596 mortis
1221 2541 1322 2596 uitium
1344 2543 1484 2612 processit
1504 2543 1540 2597 de
1562 2557 1660 2598 errore
1687 2543 1718 2596 in
1739 2557 1880 2610 errorem,

128 2632 169 2686 ite
191 2633 267 2703 quod
292 2634 366 2688 Deos
386 2633 465 2687 misit
480 2633 584 2689 Filium
600 2650 685 2689 seium
709 2640 829 2706 proptor
843 2636 975 2690 salvatio.
1031 2635 1064 2684 ut
1082 2629 1136 2684 sibi
1158 2629 1274 2700 placuit.
1298 2629 1376 2684 Tenc
1392 2629 1516 2684 surrexit
1531 2630 1563 2684 iu
1585 2632 1740 2686 voluntate.
1758 2630 1806 2686 Dei
1825 2631 1884 2684 for-

129 2735 196 2773 nem
218 2720 371 2775 bominum
392 2721 423 2775 in
447 2721 505 2776 tine
530 2721 611 2792 legis,
634 2723 696 2776 sine
717 2727 834 2792 peccato
857 2727 886 2777 et
908 2739 977 2793 ope·
1032 2718 1068 2772 tis
1083 2718 1165 2772 miles
1183 2718 1284 2784 Moses,
1305 2723 1333 2772 et
1347 2719 1519 2789 praeparavit
1545 2719 1630 2774 fortia
1648 2734 1729 2773 arma
1747 2718 1881 2789 justitie.

129 2813 239 2863 rentem
255 2808 285 2864 in
298 2809 425 2863 hnmano
440 2824 570 2880 corpore,
595 2813 680 2881 etque
695 2816 851 2880 ponentem
872 2810 977 2865 lunda·
997 2805 1063 2896 Ciu
1083 2806 1188 2877 quibos
1204 2821 1283 2860 mors
1302 2805 1333 2860 in
1355 2821 1406 2860 sno
1427 2807 1507 2862 cultu
1530 2807 1674 2862 destructa
1697 2812 1741 2863 est
1759 2821 1810 2879 per
1830 2808 1882 2862 in-

25 2949 36 2968 ,
129 2901 258 2951 mentum
278 2896 345 2952 fidei
367 2913 457 2968 snper
477 2897 615 2968 seipsum,
634 2899 688 2952 boc
710 2899 796 2953 modo
817 2899 977 2970 quodpor·
1032 2900 1193 2950 strumenta
1214 2895 1294 2965 legis,
1325 2894 1393 2966 qnia
1414 2896 1459 2950 lex
1481 2896 1631 2952 abscondit
1655 2895 1686 2950 in
1706 2913 1735 2951 er
1760 2913 1880 2950 omnem

129 2985 200 3039 tevit
213 3000 306 3056 genus
328 2985 488 3039 humanum
507 2999 572 3038 cum
593 2983 688 3054 primo
707 2985 827 3041 homine
841 2985 977 3056 ejectode
1031 2983 1216 3040 salvationem
1239 2983 1413 3052 animarum,
1436 3001 1502 3039 cum
1527 2985 1797 3056 praesignificatione
1818 2985 1883 3040 Filii

129 3073 265 3143 paradiso
289 3077 407 3143 propter
434 3072 698 3144 prevaricationem
717 3073 846 3144 justitian,
872 3075 978 3129 iaciens
1034 3072 1094 3140 Dei,
1119 3072 1187 3144 quie
1210 3073 1298 3128 etiam
1331 3089 1409 3128 mors
1438 3074 1643 3130 dominabatur
1669 3073 1701 3129 in
1722 3073 1885 3128 innocenti-

128 3176 214 3215 omne
233 3162 287 3215 boe
304 3160 435 3216 mirabile
451 3161 482 3215 in
496 3160 616 3216 homine
633 3177 684 3233 per
706 3163 800 3234 legem
821 3178 903 3217 suem
928 3164 977 3217 ubi
1031 3160 1084 3216 bus
1098 3177 1106 3216 r
1122 3161 1172 3233 qui
1187 3177 1247 3233 pree
1267 3160 1449 3233 simplicitate
1464 3161 1672 3218 moderationis
1695 3177 1753 3217 sune
1768 3162 1883 3217 nescie-

128 3249 350 3320 comprehendis
375 3249 567 3305 Christianam
587 3250 805 3306 multitudinem
829 3268 896 3323 quae
917 3253 978 3307 lucc
1032 3250 1100 3305 bant
1123 3251 1154 3304 in
1173 3249 1284 3306 actibus
1313 3250 1371 3304 suis
1396 3265 1469 3322 opus
1499 3250 1740 3321 prevaricationis
1759 3252 1827 3307 adse
1849 3249 1884 3304 in

129 3337 279 3392 edificatio
294 3342 338 3391 est
351 3337 381 3391 in
405 3337 531 3392 bonitate
563 3337 664 3403 Petris,
688 3344 717 3392 et
739 3341 816 3410 quod
831 3341 918 3395 bomo
932 3357 977 3396 re·
1032 3339 1207 3408 nationibus,
1223 3339 1274 3411 qni
1294 3345 1338 3395 est
1360 3339 1453 3394 forma
1469 3339 1568 3396 futuri.
1594 3339 1767 3404 Quomodo?
1788 3339 1883 3394 Adam

129 3425 278 3496 ponendos
308 3431 352 3480 est
379 3426 410 3480 in
431 3426 538 3480 coelesti
557 3427 725 3482 ierusalem.
753 3429 832 3484 Unde
855 3435 883 3484 et
908 3430 978 3500 ipsae
1033 3429 1121 3484 allec
1137 3426 1193 3482 init
1211 3433 1325 3482 oreatus
1346 3427 1441 3498 justus
1456 3434 1485 3482 et
1509 3428 1647 3483 innocens
1662 3427 1698 3484 sb
1713 3427 1792 3482 omni
1807 3443 1880 3482 con-

128 3515 194 3569 doce
208 3514 286 3570 nturi
299 3514 402 3570 formae
415 3513 447 3569 in
470 3530 562 3570 onom
586 3517 751 3571 coadunatas
775 3523 841 3574 snnl
854 3518 884 3574 in
898 3523 979 3590 parte
1033 3515 1163 3588 ceptione
1179 3520 1207 3571 et
1225 3514 1387 3586 inceptione
1406 3515 1534 3588 peceati:
1561 3516 1601 3570 sic
1616 3516 1704 3572 etiem
1720 3516 1808 3572 Filius
1826 3517 1881 3571 Dei

128 3603 248 3659 orientis
278 3611 308 3659 et
337 3605 552 3674 septentrionis,
587 3607 723 3676 quoniam
751 3608 783 3661 in
806 3609 980 3678 speculativa
1033 3613 1117 3658 natus
1148 3610 1191 3658 est
1219 3621 1252 3659 ex
1275 3603 1387 3676 virgine
1416 3605 1512 3672 bieria,
1540 3605 1655 3660 veniens
1682 3605 1792 3677 absque
1820 3606 1883 3660 ulla

129 3693 247 3748 scientie
260 3699 289 3746 et
305 3693 334 3746 in
351 3693 481 3748 humano
502 3709 591 3764 opere
606 3700 651 3748 est
671 3696 833 3750 communis
844 3697 977 3751 termina·
1033 3695 1144 3748 macule
1158 3693 1276 3763 peceati.

129 3784 169 3837 tio
189 3782 348 3851 injustitie,
373 3782 404 3835 in
427 3797 485 3852 qus
499 3797 591 3852 genus
613 3784 773 3838 homanum
788 3789 848 3838 erat
866 3785 978 3840 inobli-
1068 3783 1122 3836 Sed
1145 3789 1177 3838 ot
1199 3782 1278 3836 vides
1300 3781 1378 3854 quod
1399 3781 1449 3836 illa
1464 3781 1579 3853 lapidea
1600 3799 1667 3854 pers
1692 3783 1769 3836 muri
1784 3787 1883 3836 exten

132 3871 216 3925 vione
239 3871 289 3926 Dei
323 3870 517 3941 implicatum,
542 3887 607 3941 quec
630 3888 659 3926 se
681 3873 772 3927 erexit
790 3873 918 3944 primum
943 3876 978 3930 ab
1033 3871 1110 3926 ditur
1134 3873 1169 3926 ab
1202 3872 1308 3942 angulo
1331 3871 1549 3942 septentrionali
1567 3871 1609 3930 ¹ad
1642 3871 1781 3942 angulum
1804 3871 1880 3926 occi-

128 3959 219 4014 adem
249 3975 314 4012 cnm
349 3959 449 4012 insana
477 3958 619 4027 injustitia
647 3965 713 4014 ante
746 3961 905 4016 dilnvium:
939 3963 978 4017 ita
1032 3960 1272 4015 dentelemetad
1296 3961 1435 4031 angulum
1459 3959 1660 4028 meridianum,
1685 3965 1714 4015 et
1734 3959 1881 4015 ssirituriu

130 4047 207 4118 qnod
221 4047 284 4117 ipsa
298 4046 434 4117 depressa
447 4051 491 4100 est
503 4061 569 4100 cum
591 4047 672 4101 omni
695 4063 746 4103 sua
760 4055 846 4119 gente
859 4057 979 4122 propter
1033 4049 1139 4120 angulo
1165 4049 1314 4115 orientali;
1329 4049 1385 4104 hoc
1406 4053 1447 4103 est
1471 4049 1548 4120 qnod
1568 4053 1645 4104 recta
1672 4065 1762 4121 opere
1781 4049 1881 4104 homi-

128 4151 265 4207 megnam
287 4133 471 4205 iniquitatem
484 4135 516 4188 in
531 4134 638 4190 diluvio
653 4152 805 4207 aquarum,
818 4139 868 4192 ubi
881 4140 976 4193 scien·
997 4137 1018 4190 D
1033 4151 1104 4192 nom
1132 4151 1195 4190 cum
1223 4135 1327 4207 quibus
1353 4135 1382 4190 in
1399 4137 1489 4191 Deam
1512 4136 1619 4192 muniti
1637 4143 1714 4202 sunt,
1730 4153 1879 4208 processe-

128 4221 169 4275 tia
187 4221 362 4292 speculative
387 4237 527 4293 apparere
548 4224 665 4295 incoepit
684 4241 737 4295 per
759 4226 974 4297 inspirationem

127 4323 223 4365 meam
236 4326 301 4364 cum
325 4310 444 4366 scientia
464 4311 532 4366 boni
548 4313 577 4366 in
600 4314 658 4368 Noe
673 4314 832 4369 admonitio
848 4317 897 4370 Dei
910 4333 972 4371 ere-

127 4398 218 4452 xerit:
244 4402 341 4453 tamen
363 4399 458 4454 cervix
486 4404 515 4454 et
538 4403 683 4471 appetitus
702 4402 770 4456 mali
793 4402 968 4459 inrecorda-

125 4487 204 4542 tione
225 4486 316 4557 ipsios
337 4487 477 4557 processit
500 4488 653 4543 exitialiter
675 4491 711 4544 ad
735 4491 912 4561 aquilonem,
936 4493 975 4548 ita

126 4574 204 4644 qnod
225 4574 361 4646 iniqnitas
376 4575 541 4630 rebellionis
555 4583 655 4632 contra
674 4579 763 4632 licum
776 4594 834 4633 non
857 4585 900 4634 est
912 4597 976 4636 con-

126 4663 237 4717 culcata
259 4678 350 4734 usqne
375 4665 410 4719 ad
431 4665 576 4721 Abrabam
598 4666 626 4719 in
644 4682 702 4737 qno
717 4666 853 4722 suffocata
874 4674 917 4725 cst
940 4676 973 4725 ut

128 4751 158 4805 io
186 4753 293 4823 angulo
317 4755 552 4823 septentrionali:
570 4770 636 4809 cum
661 4755 693 4808 in
709 4771 743 4810 eo
763 4761 826 4810 orta
845 4762 888 4812 est
907 4773 974 4813 acu·

101 4825 236 4896 'tissime
270 4842 345 4897 scies
368 4843 488 4912 justitior
520 4843 578 4897 Dei.
603 4843 685 4907 Quod
709 4859 776 4898 vero
800 4845 850 4901 illa
881 4847 976 4903 locide

124 4945 192 5001 pars
206 4931 280 4984 niori
296 4931 480 5002 protenditur
494 4933 530 4986 ab
546 4932 653 5002 angulo
669 4932 803 4988 orientali
825 4938 855 4988 et
872 4934 975 4991 finitur

125 5018 156 5070 in
175 5017 283 5088 angulo
312 5017 542 5088 septentrionali,
578 5023 637 5072 tota
658 5018 781 5089 integre,
797 5023 827 5073 et
846 5034 906 5074 non
925 5020 974 5076 ha-

125 5102 197 5158 bens
217 5103 309 5158 ullum
331 5103 427 5158 locum
455 5104 660 5175 interruptum,
686 5104 741 5159 bec
765 5109 808 5158 est
822 5104 901 5176 qnod
914 5120 975 5176 spe-

125 5190 248 5246 culativa
272 5192 391 5247 scientie
419 5192 451 5246 in
465 5191 627 5248 munitione
656 5192 799 5248 mentium
822 5193 972 5248 bominum

126 5279 162 5333 eb
176 5281 282 5350 sngnlo
293 5279 435 5340 orientali,
450 5279 537 5335 idest
558 5281 689 5336 adiebus
705 5281 765 5335 Noe
784 5280 905 5352 incoepit
921 5297 973 5353 ap·

126 5383 238 5439 parere,
253 5383 319 5424 cum
342 5368 420 5440 prius
442 5374 508 5425 ante
530 5370 590 5424 Noe
614 5368 749 5425 stndebst
768 5369 905 5440 iniqnitas
919 5370 973 5426 hoc

1031 4230 1100 4279 rant
1122 4224 1204 4295 qnasi
1225 4225 1260 4279 de
1283 4225 1388 4295 angulo
1416 4225 1643 4296 septentrionali,
1666 4225 1695 4280 id
1711 4231 1754 4280 est
1768 4226 1804 4281 de
1825 4227 1879 4280 cir·

1030 4313 1205 4368 oumcisione
1227 4313 1349 4368 Abrabae
1376 4328 1442 4368 cnm
1466 4315 1528 4385 lege
1549 4314 1617 4369 ltosi
1643 4321 1671 4370 et
1685 4329 1751 4370 enm
1768 4329 1878 4385 appen-

1030 4402 1107 4456 ditiis
1117 4401 1234 4472 justitia
1245 4417 1346 4456 eorum
1360 4402 1391 4456 in
1407 4402 1571 4458 bominibus
1587 4402 1722 4474 usquead
1737 4405 1878 4474 angulum

1031 4491 1245 4553 occidentalem,
1267 4491 1316 4546 ubi
1339 4491 1463 4546 surrexit
1485 4491 1637 4563 perspicus
1657 4492 1768 4564 justitia
1782 4493 1813 4547 in
1832 4493 1877 4546 in-

1030 4579 1195 4632 carnatione
1217 4577 1282 4632 Filii
1299 4577 1359 4646 liei,
1389 4579 1426 4632 ab
1455 4579 1522 4634 inde
1549 4579 1627 4635 ultra
1650 4585 1765 4636 extensa
1784 4595 1875 4652 usqne

1030 4665 1066 4719 sd
1078 4665 1216 4736 angulum
1231 4666 1434 4733 meridianum,
1450 4667 1500 4722 ubi
1516 4668 1619 4724 ardeus
1634 4685 1706 4739 opos
1719 4684 1773 4740 per
1785 4669 1876 4741 bapti-

1029 4769 1124 4808 smum
1152 4759 1180 4808 et
1208 4769 1260 4823 per
1282 4754 1424 4826 reliquam
1442 4756 1584 4827 justitiam
1614 4759 1711 4813 electae
1737 4763 1766 4812 et
1793 4773 1875 4813 noue

1030 4859 1142 4915 sponsos
1164 4842 1293 4913 ejusdem
1314 4843 1378 4899 Filii
1399 4845 1460 4912 liei,
1483 4847 1520 4902 sd
1542 4848 1762 4903 restaurandum
1787 4845 1875 4902 tidem

1028 4933 1060 4987 in
1073 4930 1259 4987 salvationem
1272 4947 1422 4988 accensum
1437 4940 1490 5002 est,
1514 4936 1618 4991 iterum
1634 4936 1701 4992 inde
1715 4937 1790 4992 ultra
1804 4953 1876 5008 pro-

1029 5020 1143 5092 longata
1159 5020 1373 5092 terminumque
1385 5037 1496 5093 ponens
1515 5025 1544 5078 in
1559 5025 1653 5096 primo
1664 5026 1770 5096 anguto
1783 5025 1875 5080 orien-

1029 5109 1089 5177 tali,
1106 5109 1146 5164 ite
1161 5109 1328 5165 revertendo
1343 5110 1380 5166 ad
1396 5127 1542 5168 summam
1560 5115 1683 5169 Patrem.
1704 5113 1876 5179 Quomodo?

1030 5197 1094 5266 Ipse
1123 5211 1253 5251 summus
1284 5197 1369 5251 Pater
1391 5202 1454 5253 erat
1482 5199 1513 5254 in
1535 5201 1673 5271 mysterio
1698 5215 1751 5256 suo
1777 5213 1877 5254 onam-

1029 5298 1174 5356 qnamque
1187 5284 1329 5354 justitiam
1351 5284 1488 5340 ordinans
1509 5289 1654 5357 quomodo
1670 5288 1763 5344 redire
1787 5287 1877 5343 debe-

1028 5376 1074 5426 ret
1085 5372 1171 5442 primi
1193 5371 1322 5427 hominis
1347 5387 1428 5427 cesos
1449 5373 1480 5428 in
1502 5375 1688 5430 salvationem
1713 5376 1877 5430 animarum
