3984 6034
99 276 152 334 lea
432 289 437 296 '
760 271 902 329 sctvms.
915 303 950 314 -
961 271 1027 330 tta.
1044 271 1066 338 I,
1086 270 1178 328 VISIO
1197 270 1229 326 V.
1589 329 1594 336 ,
1798 269 1852 325 tat

99 405 209 479 Spiritu
225 407 334 472 sancto,
359 420 412 460 nec
426 402 515 460 I’ilius
538 402 601 460 siue
622 404 715 465 Patre,
730 418 783 457 uec
806 402 867 458 sine
885 402 948 475 Spi-
967 402 1156 459 libaminum
1173 405 1324 458 venturum
1348 401 1472 457 fideliter
1484 401 1726 473 praenuntiat-aun
1745 405 1776 457 ut
1796 401 1847 458 ho-

98 497 158 550 ritu
188 501 297 562 sancto,
325 510 378 549 nec
406 491 531 563 Spiritus
557 497 673 547 sauctus
703 491 763 546 sine
791 491 860 564 ipsis
889 507 949 547 esse
1004 491 1096 548 mines
1117 508 1169 564 per
1194 509 1243 548 eos
1264 491 1431 564 praemoniti
1455 497 1482 546 at
1502 491 1679 563 praemuniti,
1700 490 1846 546 diabolum

98 583 261 640 credendus
276 586 330 638 est.
343 581 398 638 Sed
417 583 500 637 Pater
516 580 620 636 Filium
645 597 730 636 suum
756 597 808 652 pro
833 581 948 636 redem-
1004 583 1161 653 prudenter
1181 583 1408 654 supplantarent,
1434 583 1462 635 et
1485 581 1621 635 versutias
1643 579 1847 650 deceptionum

98 673 200 744 pdaue
223 671 350 727 hominis
371 670 452 726 misit
465 671 496 724 iu
520 671 660 725 muudum
684 675 714 725 et
736 669 896 724 iterumad
918 685 949 724 se
1004 668 1220 742 ejussupieuter
1236 669 1421 724 declinarent.
1447 669 1479 724 Et
1500 669 1539 724 ita
1560 669 1637 724 idem
1657 668 1774 724 verbum
1798 684 1847 722 ae-

97 760 219 816 retraxit
243 776 310 815 eum
334 776 341 815 :
371 759 446 815 sicut
468 759 555 815 bomo
577 759 764 830 cogitationes
785 759 881 812 cordis
904 758 949 813 sui
1004 758 1115 814 cidItIu
1139 759 1237 826 Israel,
1260 775 1326 812 cum
1347 759 1435 812 idem.
1465 757 1634 828 Unigenitos
1655 756 1704 810 [lei
1727 757 1847 810 veuitIn

99 849 226 917 emittit,
251 848 405 904 etiterum
429 849 505 919 ipsas
529 847 565 902 ad
584 863 615 901 se
636 847 787 918 recolligit.
814 845 893 901 Unde
913 847 949 902 de
1005 847 1093 902 altam
1108 847 1262 919 puritatem
1279 846 1408 917 virginis,
1426 846 1455 900 iu
1480 861 1567 917 qnam
1590 844 1687 898 nullus
1700 843 1743 898 vir
1765 860 1847 913 gres-

98 937 154 992 bac
168 937 316 992 salutifera
330 935 474 1008 Unigeniti
498 936 549 992 Dei
564 935 711 1002 missione,
735 934 821 990 lsaias
845 935 875 989 iu
899 950 947 990 su·
1004 952 1067 991 sum
1082 952 1165 991 suum
1180 937 1332 1008 imposuit;
1348 935 1397 989 sed
1413 951 1477 1007 qum
1502 935 1602 988 Ilorem
1627 948 1712 988 sunm
1733 933 1849 988 iuviola-

98 1041 199 1095 pernoe
219 1024 537 1094 majestatisroluntate
562 1024 700 1094 loquitor,
725 1023 846 1077 diceus:
876 1024 947 1079 Ver·
1003 1023 1100 1079 biliter
1128 1023 1230 1086 tenuit,
1260 1029 1292 1077 ut
1320 1022 1381 1093 ipse
1410 1028 1494 1078 natus
1515 1038 1549 1077 ex
1578 1021 1699 1092 anglae,
1725 1036 1773 1074 eos
1798 1021 1847 1091 qui

98 1113 167 1168 bam
186 1111 268 1168 misit
292 1110 433 1168 Dominus
453 1110 485 1167 iu
507 1110 604 1179 Jacob,
622 1114 650 1166 et
671 1110 776 1168 cecidit
797 1110 829 1165 in
851 1110 950 1167 Israel
1004 1110 1102 1164 lumen
1127 1109 1254 1164 veritatis
1279 1125 1331 1180 per
1348 1109 1478 1164 fallacem
1499 1108 1656 1162 caecitatem
1678 1106 1849 1177 ignorabant

98 1203 175 1269 (Iso.
191 1201 241 1273 ir).
266 1200 348 1267 Quod
373 1201 503 1256 dicitur:
528 1200 652 1255 Verbum
676 1216 728 1271 per
751 1199 829 1270 quod
852 1199 950 1255 omnia
1003 1199 1039 1254 ad
1069 1214 1169 1253 aarum
1195 1198 1251 1252 iter
1272 1197 1422 1252 reduceret
1443 1201 1471 1250 et
1497 1195 1671 1251 indeficienti
1695 1193 1779 1250 saluti
1801 1211 1847 1250 rc·

98 1290 175 1344 facta
204 1295 283 1350 siant.
308 1289 416 1344 seilicet
439 1289 624 1361 Unigenitum
650 1287 713 1357 Dei,
737 1287 840 1354 quiin
862 1288 948 1343 corde
1004 1285 1411 1359 stitueretUudequicuuque
1431 1284 1580 1340 scientiam
1602 1283 1634 1338 in
1654 1282 1762 1354 Spiritu
1782 1299 1848 1338 san-

99 1378 194 1434 Patris
225 1377 384 1433 secondum
405 1377 597 1456 ¹divinitatem
628 1393 742 1448 semper
772 1374 835 1432 sine
865 1375 948 1432 initio
1004 1379 1048 1430 cto
1064 1379 1093 1430 et
1107 1390 1215 1445 pennas
1230 1373 1259 1428 in
1273 1373 1330 1429 fide
1345 1373 1440 1440 babet,
1453 1371 1505 1427 iste
1515 1371 1743 1428 admonitionem
1755 1387 1849 1427 meam

100 1467 242 1538 temporis
263 1467 328 1532 fuit,
353 1467 450 1538 ipsum
472 1465 551 1521 misit
576 1466 725 1530 Dominus,
750 1464 881 1519 videficet
900 1481 948 1519 su·
1004 1479 1061 1518 nou
1083 1461 1322 1533 transgrediatur,
1349 1461 1477 1516 sedeam
1500 1462 1531 1516 in
1555 1467 1641 1532 gustu
1660 1459 1849 1516 animasum

99 1571 210 1625 pernus
231 1557 314 1610 Pater
335 1570 389 1626 per
410 1570 460 1609 ora
487 1554 694 1627 prophetarum
715 1555 746 1608 in
768 1553 863 1621 Iacob,
882 1567 947 1608 cum
1004 1553 1202 1624 amplectenda
1217 1551 1365 1624 percipiat.

96 1642 155 1714 ipsi
185 1643 320 1698 eumdem
347 1642 451 1698 Filium
481 1642 530 1698 Dei
552 1642 584 1698 iu
616 1640 758 1698 muudum
780 1655 832 1712 pro
855 1640 948 1696 salute

767 1919 923 1994 VISIO
962 1918 1183 2006 QUINTA.

93 2060 272 2116 Susasarua.
301 2089 337 2100 -
365 2062 407 2115 Ile
420 2060 572 2130 Sprmpopa
593 2061 689 2114 matre
711 2057 921 2114 iucarnationis
940 2057 1011 2115 Filii
1025 2059 1085 2116 Ilei.
1101 2059 1200 2115 Verba
1224 2057 1395 2117 Salomonis.
1418 2057 1514 2115 Verbo
1528 2057 1613 2114 Iraiae
1625 2057 1778 2130 propbeta.
1804 2059 1849 2114 De

127 2130 243 2185 diserto
262 2130 357 2186 colore
377 2131 544 2210 Spaoqope.
560 2131 600 2184 sse
613 2128 741 2185 cecitate
761 2131 834 2200 ejas,
851 2133 879 2184 et
901 2130 978 2202 qaod
989 2130 1021 2186 in
1033 2131 1119 2188 corde
1132 2131 1293 2196 Abrabam,
1309 2129 1340 2185 in
1351 2131 1467 2203 pectore
1491 2131 1613 2202 Ioneeu,
1632 2129 1664 2182 iu
1687 2131 1785 2184 oeutre
1799 2143 1847 2185 re-

129 2199 206 2272 liqui
227 2201 383 2282 proplteta‚
415 2200 495 2281 qued·
510 2199 537 2255 si
582 2198 663 2266 itaet.
693 2199 774 2267 Quod
798 2216 907 2273 mappa
930 2204 963 2257 al
991 2201 1091 2268 lumb,
1116 2201 1257 2257 circulum
1276 2201 1307 2256 ia
1333 2200 1430 2273 capite
1448 2200 1572 2256 amites
1597 2213 1721 2257 aurorae.
1754 2199 1849 2256 Verba

130 2272 306 2328 Ezechielis.
323 2273 512 2342 Comparatio
544 2272 713 2328 esameorte
726 2275 754 2326 el
766 2271 803 2326 de
815 2272 927 2329 Saurea
942 2271 978 2328 de
990 2271 1087 2330 Dauid
1104 2273 1143 2328 ad
1156 2273 1288 2332 eamdem
1301 2288 1371 2328 rem.

130 2537 202 2590 Post
215 2535 278 2590 brec
288 2533 346 2591 ridi
360 2534 439 2590 velut
462 2534 616 2606 quamdam
641 2535 811 2590 muliebrem
836 2535 943 2607 imagi·
961 2538 982 2593 B
998 2537 1093 2592 studio
1107 2537 1247 2592 anhelans
1261 2541 1291 2593 et
1304 2553 1334 2592 se
1349 2537 1476 2593 innitens
1491 2553 1577 2610 super
1598 2553 1737 2610 sponsum
1761 2554 1847 2595 suum

94 2640 164 2678 uem
179 2623 313 2678 avertice
327 2638 419 2694 usque
439 2623 474 2678 ad
500 2623 668 2679 umbilicum
691 2623 839 2694 pallidam,
856 2629 886 2679 et
909 2625 944 2680 ab
999 2625 1107 2681 sciticet
1120 2625 1171 2680 Dei
1190 2625 1304 2681 Filium.
1327 2627 1391 2680 Huc
1413 2626 1491 2682 euim
1516 2631 1569 2693 est,
1594 2641 1659 2696 qum
1675 2642 1692 2680 a
1709 2625 1780 2682 mio
1797 2627 1848 2682 Dei

94 2711 234 2768 umbilico
249 2712 389 2784 usquead
404 2713 493 2784 pedes
504 2712 628 2784 nigram,
644 2717 674 2767 et
695 2713 726 2766 in
741 2712 862 2783 pedibus
878 2729 942 2768 san·
998 2714 1094 2769 dotata
1127 2713 1158 2768 in
1193 2713 1338 2785 praeclaris
1368 2713 1522 2769 virtutibus
1557 2713 1649 2784 fulget
1682 2713 1712 2768 in
1746 2715 1848 2769 rivulis

92 2802 305 2872 girruoleutam,
321 2801 395 2854 circa
409 2804 505 2855 autem
521 2801 609 2870 pedes
623 2817 690 2856 suos
709 2801 943 2857 candidissimam
998 2801 1210 2872 Scripturarum
1242 2802 1400 2857 abundans.
1426 2801 1481 2857 Sed
1513 2805 1541 2854 et
1568 2801 1667 2856 eadem
1696 2801 1848 2872 synagoga

93 2888 322 2959 etpurissimam
339 2889 445 2944 nubem
460 2887 624 2954 habentem,
642 2894 672 2943 at
690 2887 781 2944 oculis
802 2888 943 2957 orbatam,
998 2890 1033 2946 de
1055 2889 1123 2944 illiis
1142 2889 1220 2945 illius
1246 2905 1328 2944 noves
1358 2905 1470 2962 sponsae
1494 2890 1524 2943 iu
1548 2889 1638 2944 multa
1658 2888 1857 2945 admitatioue

95 2992 200 3031 manus
221 2992 289 3031 vero
311 2977 365 3031 sub
391 2977 500 3032 axellas
522 2992 589 3031 suus
611 2975 737 3044 tenebat,
763 2981 841 3031 stans
863 2978 946 3048 juxta
998 2994 1113 3034 servum
1140 2995 1236 3034 meum
1261 2979 1364 3035 Isaiam
1386 2978 1426 3033 sic
1453 2979 1634 3048 interroget:
1657 2976 1712 3043 Qui
1730 2981 1798 3032 aaut
1821 2977 1847 3034 ii

92 3067 184 3120 altare
208 3066 288 3137 quod
316 3070 359 3120 est
380 3070 448 3120 ante
472 3065 570 3120 oculos
595 3065 655 3132 bei,
680 3065 731 3121 sed
756 3065 861 3136 'ipsum
885 3082 945 3120 uon
998 3066 1093 3140 quial
1111 3069 1202 3124 nubes
1216 3066 1324 3134 uoluat,
1344 3069 1372 3120 et
1387 3065 1473 3137 quasi
1495 3065 1629 3122 columbae
1647 3065 1686 3120 ad
1698 3063 1845 3132 [austros

93 3154 242 3225 tangebat.
257 3155 293 3208 at
315 3154 346 3209 iu
361 3155 446 3209 corde
470 3153 560 3225 ipsine
574 3153 666 3208 stabat
689 3154 843 3222 Abraham,
867 3161 895 3210 et
914 3155 944 3210 iu
996 3155 1087 3212 euasi
1106 3155 1169 3219 lisa
1189 3157 1246 3224 nx.)
1271 3154 1351 3219 Quod
1373 3154 1508 3209 dicitur:
1534 3153 1587 3218 Oui
1610 3160 1677 3208 suut
1701 3153 1721 3208 ii
1742 3153 1792 3226 qui
1816 3155 1847 3208 in

94 3249 211 3314 pectore
235 3241 298 3313 ejus
319 3244 420 3306 Moses,
445 3242 475 3296 in
493 3247 592 3297 ventre
613 3257 679 3296 reru
693 3241 799 3313 reliqui
820 3242 944 3314 propbe-
999 3244 1144 3300 mentibus
1159 3243 1218 3299 suis
1233 3258 1263 3299 se
1278 3243 1478 3298 abstrahentes
1504 3258 1518 3296 a
1545 3241 1666 3296 terrama
1688 3257 1721 3297 aa
1743 3257 1845 3297 carna·

94 3337 144 3398 tae,
163 3331 272 3402 singuli
296 3330 378 3403 sigua
394 3347 446 3385 sua
467 3331 707 3397 demonstrantes,
733 3338 762 3384 et
784 3331 946 3401 pulchritu-
999 3332 1075 3389 libus
1103 3331 1341 3404 concupiscentiis
1370 3346 1377 3386 ι
1408 3332 1494 3402 pleno
1523 3329 1665 3385 desiderio
1701 3335 1729 3385 et
1760 3331 1847 3401 plena

96 3421 197 3475 dinem
218 3435 299 3474 uoroe
324 3435 437 3490 sponsae
465 3419 650 3474 admirantes.
678 3420 743 3473 llaec
764 3434 830 3473 raro
858 3423 945 3474 tantae
999 3421 1152 3476 devotione
1167 3421 1201 3476 ad
1224 3435 1350 3490 superna
1365 3419 1472 3486 rolant,
1494 3424 1523 3474 ct
1545 3418 1711 3474 columbina
1736 3417 1846 3490 simpli·

95 3507 307 3580 magnitudinis
335 3507 469 3578 apparuit
497 3507 575 3562 relat
598 3506 718 3578 alicujus
750 3507 870 3562 civitatis
899 3507 944 3562 iu·
998 3510 1083 3564 eitate
1115 3510 1223 3580 absque
1252 3507 1444 3562 amaritudine
1473 3506 1557 3574 fellis,
1586 3521 1685 3561 sensus
1719 3506 1847 3577 corporis

95 3596 265 3666 gentissima
294 3595 382 3651 turris
405 3595 515 3662 habeus
537 3595 569 3650 in
589 3595 682 3665 capite
703 3611 755 3649 sua
786 3595 868 3666 quasi
890 3593 945 3649 cir·
998 3597 1043 3652 sni
1058 3597 1193 3652 mantunt
1207 3600 1236 3649 et
1250 3595 1464 3650 munimentum
1487 3593 1660 3648 firmissime
1682 3599 1781 3664 petrae,
1798 3594 1847 3664 qui

94 3687 194 3740 culum
223 3685 347 3740 similem
376 3700 497 3740 aurore.
531 3683 691 3754 audivique
714 3683 820 3737 iterum
845 3697 943 3738 vocem
1001 3685 1169 3756 Unigenitos
1199 3683 1249 3739 uei
1278 3687 1330 3751 est,
1350 3684 1442 3737 multo
1466 3682 1566 3737 ardore
1591 3683 1733 3737 bonarum
1757 3681 1846 3736 virtu·

94 3777 131 3832 de
156 3775 230 3831 coelo
253 3775 397 3830 dicentem
421 3773 516 3828 mibi:
542 3773 667 3843 Antiqua
690 3773 798 3843 populo
823 3772 945 3826 austeri-
963 3819 984 3874 c
999 3780 1061 3829 tum
1075 3776 1223 3845 appetunt.
1241 3771 1276 3827 Hi
1291 3771 1368 3826 euim
1384 3775 1460 3862 sunl,
1476 3770 1526 3841 qui
1547 3775 1665 3840 propter
1687 3785 1844 3839 supernum

94 3869 185 3919 tatem
200 3864 274 3935 legis
289 3861 532 3933 Deusimposuit,
555 3877 619 3916 cum
642 3860 766 3916 Abrabae
793 3861 943 3916 circumci·
998 3878 1125 3917 amorem
1146 3866 1260 3916 terrena
1274 3875 1364 3931 regna
1378 3858 1556 3928 conculcant,
1572 3863 1601 3912 et
1624 3856 1749 3912 caelestia
1763 3872 1846 3926 quus-

92 3953 208 4007 sionem
223 3950 343 4021 jindiait,
365 3965 453 4021 quam
470 3953 570 4021 postea
593 3948 624 4003 in
648 3949 773 4019 gratiam
797 3948 944 4004 suavitatis
998 3957 1076 4007 runt.
1092 3951 1242 4021 Syuagoge
1257 3950 1353 4020 itaque
1369 3946 1566 4002 admirabatur
1588 3947 1624 4000 de
1646 3961 1719 4000 nova
1741 3960 1845 4016 sponsa

92 4037 244 4103 willelm·
276 4053 343 4092 ⁰⁰¹⁰
378 4036 483 4091 Filium
510 4051 594 4090 ”lum
623 4034 772 4090 veritatem
797 4035 943 4104 Evangelii
998 4057 1063 4113 quae
1085 4039 1207 4095 Ecclesia
1230 4041 1283 4104 est,
1308 4036 1446 4108 quoniam
1470 4052 1500 4091 se
1525 4035 1669 4090 similibus
1691 4033 1845 4090 uirtutibus

94 4127 278 4182 credentibus
292 4124 381 4194 dedit,
397 4124 428 4178 in
442 4139 501 4196 qua
518 4122 590 4194 jugo
614 4122 687 4194 legis
711 4123 862 4189 sauciatos,
878 4123 942 4178 oleo
995 4127 1038 4183 ita
1060 4133 1190 4183 οιιιιιιιιιι
1220 4142 1278 4181 ιιοιι
1302 4125 1420 4198 agnovit
1442 4129 1473 4180 ut
1496 4123 1574 4179 illam
1599 4123 1681 4191 vidit,
1708 4122 1775 4194 quia
1797 4123 1846 4177 Iic-

95 4213 302 4271 misericordiie
337 4211 478 4268 delinivit.
527 4212 707 4282 Quapropter
744 4211 823 4266 vides
864 4211 944 4267 relitt
996 4217 1083 4272 clasis
1104 4215 1244 4286 angelicis
1276 4214 1418 4286 praesidiis
1443 4213 1619 4268 circumdata
1641 4217 1694 4275 est,
1719 4228 1756 4266 ne
1779 4226 1843 4266 eam

93 4303 252 4376 quemdem
272 4299 443 4357 muliebrem
466 4299 623 4370 imessiuem
639 4315 656 4353 e
672 4298 777 4354 vertice
793 4315 884 4370 osque
907 4298 941 4353 ad
996 4305 1129 4362 dimotus
1144 4305 1321 4360 duacsretut
1342 4302 1466 4373 deridet,
1483 4317 1548 4357 cum
1573 4301 1725 4373 synagoga
1747 4317 1763 4354 a
1786 4300 1844 4355 beo

96 4392 267 4449 umbilicum
299 4389 447 4462 pallidam,
480 4405 544 4460 que
575 4394 619 4443 est
651 4388 817 4460 Syuagoge,
852 4393 944 4443 mater
996 4393 1108 4448 deserta
1122 4393 1153 4447 in
1170 4391 1244 4447 vitiis
1255 4391 1359 4461 jaceat.

95 4477 305 4537 iucarnationis
320 4477 383 4534 ribi
400 4477 450 4534 Ilei
472 4482 502 4531 et
520 4477 556 4532 ab
571 4475 654 4531 initio
668 4475 850 4547 surgentium
865 4476 943 4531 lilio·
1031 4481 1214 4553 Quapropter
1229 4479 1307 4534 vides
1321 4477 1408 4534 etiam
1422 4477 1515 4549 Ipsam
1530 4475 1566 4530 ab
1593 4473 1729 4530 umbilico
1751 4489 1843 4545 usque

4 4573 9 4580 '
94 4586 162 4626 rum
176 4584 296 4624 suorum
313 4583 406 4639 usque
429 4565 464 4621 ad
480 4565 679 4620 tortitudinem
701 4579 812 4632 eorum,
834 4570 944 4620 secreta
996 4569 1032 4624 ad
1044 4568 1131 4641 pedes
1145 4568 1258 4639 nigram
1276 4583 1283 4623 ε
1300 4565 1377 4638 quod
1390 4569 1433 4620 est
1447 4581 1464 4620 a
1476 4563 1646 4620 fortitudine
1668 4578 1726 4618 suoe
1741 4562 1843 4617 dilata·

95 4659 148 4714 Ilei
170 4659 203 4713 in
217 4656 399 4712 umbrati0oe
421 4654 592 4726 previdens,
614 4653 665 4709 eud
689 4669 723 4707 ee
743 4668 802 4708 non
819 4652 944 4724 pleniter
995 4657 1084 4714 tionis
1099 4670 1192 4728 usqne
1207 4655 1243 4711 ad
1257 4652 1536 4710 consummationem
1554 4649 1797 4715 eruderationis,
1813 4648 1844 4704 in

94 4747 240 4820 aperiens.
266 4745 318 4800 Illa
339 4743 416 4800 enim
440 4759 498 4799 non
521 4747 565 4797 est
587 4741 708 4796 rutilans
732 4756 836 4796 aurora
855 4757 943 4813 quam
996 4743 1232 4816 prevaricatione
1266 4742 1348 4814 legis,
1374 4747 1404 4796 et
1433 4741 1463 4796 iu
1497 4737 1723 4811 transgressione
1756 4741 1845 4792 testa-

93 4841 194 4908 aperte
215 4833 355 4905 loquitur,
378 4834 427 4889 sed
455 4847 519 4888 eam
540 4830 569 4886 iu
592 4831 685 4886 multu
712 4829 903 4885 admiratione
927 4848 943 4884 u
998 4832 1217 4904 mentipatrum
1233 4846 1351 4887 suorum
1371 4828 1459 4884 luisse
1483 4827 1638 4895 sordidam,
1662 4827 1731 4898 quia
1747 4824 1845 4880 multis

93 4926 180 4995 louge
205 4921 332 4991 intuens,
346 4925 379 4975 ut
392 4920 423 4975 iu
447 4919 571 4976 canticis
594 4919 630 4974 de
651 4919 713 4990 ipsa
737 4917 841 4974 dicitur
856 4936 863 4973 ι
879 4918 944 4984 oue
997 4922 1092 4978 modis
1106 4921 1204 4976 divitie
1224 4925 1370 4992 praecepta
1395 4917 1523 4990 neglexit
1544 4917 1721 4988 uoluptatem
1751 4915 1844 4969 caruis

91 5017 137 5068 eet
152 5014 212 5066 ieta
223 5026 285 5082 que
297 5009 425 5066 moendit
443 5025 498 5081 per
510 5007 654 5063 mserum
668 5005 782 5062 deliciis
796 5006 941 5076 amaena:
997 5027 1055 5067 sua
1071 5015 1177 5065 secuta.
1199 5009 1233 5064 at
1254 5008 1284 5063 in
1306 5006 1426 5079 pedibus
1447 5006 1679 5077 sauguinolenta,
1696 5003 1771 5058 circa
1792 5017 1844 5057 aa·

90 5105 120 5156 et
133 5099 240 5156 braiao
255 5115 343 5172 super
363 5098 501 5153 dilectum
523 5095 630 5152 mam?
642 5095 740 5167 (Cant.
765 5097 838 5165 rin.)
858 5095 941 5160 Quod
959 5104 1055 5172 ptem
1080 5097 1167 5168 pedes
1190 5111 1256 5152 suos
1279 5081 1511 5151 candidissimam
1535 5098 1564 5148 et
1589 5091 1774 5164 parissimam
1793 5105 1845 5144 nu-

93 5189 204 5246 dicitur
219 5204 226 5243 :
240 5188 310 5253 Quae
331 5191 375 5242 est
388 5188 440 5243 bec
455 5202 530 5242 nura
552 5190 653 5256 nupta,
670 5199 736 5256 quie
755 5183 786 5238 in
810 5183 943 5254 plurimis
996 5187 1063 5244 bem
1078 5186 1174 5255 babet,
1192 5185 1329 5259 quoniam
1342 5185 1372 5240 in
1386 5183 1634 5239 consummatione
1648 5196 1701 5235 sua
1718 5180 1843 5250 propbe-

91 5279 178 5334 bonis
194 5276 331 5348 operibus
344 5291 375 5331 se
389 5276 483 5330 elevat
501 5290 553 5345 per
573 5273 686 5329 deserte
708 5271 838 5344 gentium
861 5271 942 5344 lega·
995 5274 1280 5345 tampropbetamm
1299 5271 1409 5337 occidit,
1424 5270 1475 5326 ubi
1489 5273 1520 5325 et
1539 5270 1602 5340 ipsa
1622 5269 1701 5340 lapsa
1716 5265 1843 5332 corruit;

93 5368 134 5422 lia
166 5370 312 5438 praecepta
335 5363 483 5436 sapientie
509 5361 705 5419 deserentium
728 5367 757 5415 et
787 5359 866 5416 idola
889 5361 941 5417 ad·
996 5363 1150 5418 incudem
1174 5367 1273 5418 umen
1296 5357 1545 5416 consummatione
1565 5357 1596 5412 iu
1619 5354 1762 5410 mentibus
1786 5369 1845 5409 cre-

93 5454 253 5522 arautium,
275 5453 433 5510 moendeus
460 5452 495 5508 ad
518 5466 646 5523 superna
670 5449 812 5506 desideria
833 5449 944 5506 deliciis
996 5452 1128 5507 deultum
1143 5450 1319 5506 lucidissima
1333 5453 1362 5504 et
1376 5444 1620 5520 perspicacissima
1633 5443 1689 5500 fide
1699 5447 1844 5514 surgente,

93 5546 240 5600 donorum
261 5543 387 5614 Spiritus
408 5542 499 5596 sancti
513 5540 717 5609 abuudantius,
741 5544 770 5594 ct
793 5540 834 5594 sic
852 5541 944 5595 mutto
998 5539 1065 5612 quia
1079 5540 1129 5596 ubi
1152 5539 1302 5612 Syuagoga
1316 5537 1404 5593 lirrem
1420 5535 1541 5608 accepit,
1566 5533 1688 5590 Ecclesia
1711 5532 1844 5595 sumexit,
