3984 6034
126 140 179 194 333
854 141 883 196 5.
904 141 1139 200 ltttbttcultnls
1823 151 1883 206 altr
1990 147 1991 210 s

125 284 194 325 nare
225 283 273 324 eas
304 266 414 323 iaciunt
455 283 646 337 supernorum
676 267 881 326 desideriorum
911 269 974 325 viva
992 277 1015 328 A
1030 287 1144 328 summe
1170 273 1253 329 laude
1273 274 1307 329 de
1329 275 1457 332 turribus
1483 276 1570 348 hujus
1596 276 1719 333 civitatis
1745 277 1786 334 ita
1807 295 1881 334 con-
1990 307 1991 352 l

126 356 267 429 germina,
283 371 373 428 usque
383 354 417 411 ad
432 355 568 412 thronum
580 356 681 428 gloriae
696 357 801 412 summi
828 358 880 414 Dei
901 357 976 414 miro
1031 359 1137 416 stitutae
1151 362 1204 431 sit;
1219 361 1307 418 turris
1332 363 1454 419 civitatis
1477 363 1558 420 istius
1582 365 1707 422 charitas
1729 383 1794 422 cum
1809 383 1882 423 con·
1990 357 1991 368 ¹

127 445 213 500 odore
235 444 423 516 prosilientia.
454 445 529 516 Opto
551 444 641 516 igitur
666 461 730 517 ego,
753 445 858 501 ancilla
873 451 976 514 vestra,
1030 447 1129 504 cordia
1154 455 1207 506 est.
1238 453 1379 524 Elquere
1411 452 1498 508 turris
1526 455 1711 510 nominatur?
1737 455 1809 521 Ouia
1842 457 1884 512 de

126 533 237 589 litteras
258 537 360 588 vestrae
386 531 544 588 sanctitatis
569 533 686 598 intueri,
708 538 736 588 et
760 533 886 606 alloquio
914 535 977 590 dul·
1031 535 1171 591 altissimo
1194 539 1248 592 lieo
1272 537 1334 609 ipsa
1356 537 1419 593 lons
1440 538 1546 594 saliens
1568 555 1686 596 omnem
1701 545 1807 598 terram
1824 542 1885 598 cir-

127 629 249 686 cissimre
282 629 487 684 consolationis
514 633 614 684 vestrae
647 635 786 701 tanquam
808 630 880 686 lavis
900 647 978 688 surm
1031 624 1129 678 coiens
1152 624 1241 688 lluxlt,
1261 625 1399 697 qnoniam
1422 626 1483 698 ipse
1507 628 1581 683 lleus
1612 644 1712 684 omnes
1734 635 1884 685 creaturas

128 719 199 774 llatu
222 717 357 774 refoveri.
382 718 464 787 Nam,
489 717 530 773 mi
562 721 654 773 mater
678 724 706 772 et
734 718 860 788 domina,
883 720 979 776 omnis
1033 711 1062 767 in
1084 713 1170 784 plena
1192 713 1329 768 charitate
1350 716 1389 768 itu
1411 715 1560 786 disposuit,
1588 716 1666 789 quod
1682 718 1764 772 nulla
1784 735 1885 774 neces-

128 823 204 878 spes,
230 811 259 862 et
285 805 432 874 securitas,
457 810 487 860 et
514 805 669 877 refugium,
698 822 731 861 ac
749 808 926 877 tutelamen,
943 799 977 862 iu
1032 800 1100 858 sitas
1122 801 1154 856 iu
1181 802 1221 858 eis
1243 802 1288 858 sit.
1313 803 1393 858 Unde
1416 805 1493 858 disce
1510 804 1588 876 quod
1617 806 1706 862 sancti
1735 808 1882 874 homiues,

128 899 223 950 vestra
246 900 309 966 post
332 896 423 950 Deum
458 895 640 950 maternitate
670 895 829 966 dependel;
854 896 979 970 ideoque
1032 890 1180 962 inquibus
1195 891 1318 948 charitas
1343 892 1464 959 habitat,
1484 893 1514 948 in
1540 894 1621 949 nulla
1647 895 1815 952 necessitate
1829 897 1884 952 de-

130 984 447 1049 advossolarecurro,
462 986 491 1037 et
512 998 557 1036 me
579 982 698 1037 consilio
714 988 744 1038 et
763 985 872 1039 auxilio
887 989 979 1040 vestro
1034 979 1146 1049 llciunt,
1172 981 1241 1052 quia
1270 982 1356 1037 cordn
1389 997 1490 1037 eorum
1514 983 1736 1039 mansuetudine
1761 988 1791 1040 et
1810 1000 1884 1056 pace

130 1076 196 1143 post
210 1071 355 1127 Christum
376 1071 534 1126 committo.
560 1072 647 1127 Posco
671 1070 761 1143 igitur
784 1072 889 1128 iterum
910 1090 978 1146 sup·
1033 1070 1112 1124 uelut
1132 1069 1234 1124 ltuenti
1258 1069 1345 1125 odore
1371 1069 1492 1125 balsami
1512 1070 1737 1138 circumdantur,
1752 1089 1882 1145 quapro-

131 1159 256 1233 pliciter,
280 1159 418 1230 deprecor
438 1159 668 1226 misericorditer,
702 1164 843 1231 quatenus
864 1177 916 1233 pro
934 1177 979 1216 me
1033 1161 1097 1230 ptar
1112 1163 1141 1212 ct
1163 1159 1298 1230 antiquus
1321 1175 1440 1231 serpens
1462 1175 1512 1214 eos
1525 1159 1685 1231 discerpere
1701 1176 1759 1214 nou
1776 1165 1882 1231 potest,

134 1249 222 1304 [lenm
243 1247 375 1314 exoretis,
400 1252 430 1303 et
453 1246 523 1319 qnid
545 1248 618 1303 mibi
632 1248 776 1320 agendum
800 1250 837 1305 sit
850 1252 979 1322 propin·
1034 1246 1170 1317 qnoniam
1196 1253 1229 1302 ut
1242 1245 1338 1302 latens
1354 1248 1425 1303 odor
1438 1248 1475 1303 ab
1496 1248 1584 1304 odore
1599 1248 1720 1304 balsami
1743 1263 1883 1320 segrega-

133 1337 212 1392 ribus
232 1336 395 1392 excessibus
415 1337 497 1403 meis,
520 1336 624 1409 quibus
638 1342 667 1392 et
693 1337 725 1394 iu
750 1353 837 1393 onere
854 1339 980 1394 nominis
1034 1338 1080 1388 tus
1099 1338 1152 1403 οοῖ,
1180 1331 1221 1388 ita
1246 1333 1377 1391 diabolus
1403 1335 1571 1391 charitatem
1586 1336 1669 1408 fagit,
1694 1342 1724 1392 et
1737 1337 1767 1392 in
1782 1352 1884 1391 cavar-

133 1425 171 1500 [ί.
196 1424 333 1498 moneris}
349 1425 419 1481 mibi
442 1426 583 1498 impositi,
613 1442 662 1481 seu
689 1427 719 1481 iu
741 1427 806 1482 aliis
824 1432 980 1500 transgras-
1035 1439 1102 1477 nam
1130 1422 1167 1477 ab
1185 1438 1264 1477 ease
1288 1424 1446 1479 abscondit.
1475 1423 1642 1496 Ubicunque
1668 1429 1764 1480 autem
1791 1424 1885 1479 sancti

132 1513 262 1570 sionibus
275 1515 424 1586 delinquo,
438 1519 470 1569 ut
483 1530 570 1587 supra
590 1514 741 1587 deprecata
759 1531 833 1585 sum,
855 1516 980 1589 benigne
1035 1508 1176 1576 homines,
1201 1509 1357 1583 inquibus
1391 1511 1514 1568 cherilus
1543 1529 1601 1568 non
1631 1511 1749 1583 habital,
1775 1512 1806 1567 in
1829 1529 1882 1568 110·

133 1603 297 1658 insinuetis.
330 1603 429 1659 Timeo
462 1603 540 1659 enim
569 1606 599 1657 et
630 1604 712 1660 valde
741 1603 911 1676 pertimesco
934 1621 981 1662 me
1037 1598 1114 1653 mine
1137 1597 1250 1654 Domini
1282 1599 1448 1670 congregali
1478 1606 1554 1669 sunt,
1590 1600 1699 1656 civitati
1735 1616 1798 1672 (μοι
1819 1599 1885 1656 sine

134 1691 273 1748 eliensem
289 1691 626 1748 lleiincurrere.Valete.
1036 1685 1110 1743 turri
1132 1691 1183 1755 οοῖ,
1213 1691 1242 1743 οῖ
1267 1686 1393 1759 pulchris
1429 1687 1563 1744 domibus
1591 1705 1654 1761 qnae
1683 1689 1746 1744 sina
1766 1689 1884 1745 celsitu·

316 1797 523 1856 Rffipogqsffl
549 1798 794 1856 mmmmm&
1036 1775 1103 1831 dine
1124 1779 1200 1843 sunt,
1232 1775 1435 1832 assimilantur.
1469 1778 1546 1833 Unde
1582 1777 1612 1832 in
1634 1779 1687 1833 bac
1717 1778 1884 1834 confusione

134 1885 325 1942 Comma!
344 1884 392 1940 5112·
406 1884 589 1954 chan-pm,
614 1885 804 1942 ommam
817 1888 982 1961 epm
1037 1864 1159 1936 pecunia
1180 1864 1301 1936 justitiae
1324 1869 1410 1938 atque
1433 1866 1551 1938 regulas,
1574 1867 1642 1937 quia
1662 1867 1747 1924 firma
1767 1867 1884 1924 habita·

355 1955 513 2012 ooluntotr'e
525 1955 754 2029 abnepotioaem.
1036 1953 1100 2008 cula
1123 1969 1181 2008 uon
1204 1952 1321 2022 habeut,
1345 1953 1548 2025 dispoliantur,
1564 1955 1686 2028 ideoque
1703 1955 1789 2011 etiam
1805 1971 1884 2027 saepe

170 2044 200 2099 lu
217 2043 406 2098 verevisionc
431 2043 603 2110 hrecverba,
622 2059 688 2116 quas
713 2050 831 2116 propter
850 2045 979 2102 admoui·
1036 2038 1233 2096 destruuntur.
1262 2041 1404 2106 Quoniam
1424 2046 1456 2096 ut
1484 2041 1571 2097 turris
1585 2042 1727 2098 civitatem
1752 2049 1884 2098 ornatae

134 2133 242 2188 bouem
265 2147 378 2204 magnae
405 2131 583 2188 necessitatis
605 2130 718 2188 ardenti
738 2131 880 2188 desiderio
901 2149 981 2190 ame
1036 2127 1166 2196 sustinet,
1183 2129 1224 2184 ita
1241 2128 1365 2184 charitas
1388 2145 1487 2184 omues
1511 2129 1639 2186 virtutes.
1665 2131 1766 2186 llilites
1788 2130 1883 2186 chari·

10 2217 18 2230 ¹
135 2220 284 2291 quaerebas
311 2219 432 2276 audiri:
459 2219 547 2275 Valde
576 2220 702 2292 gloriosa
731 2222 794 2276 laus
822 2221 871 2276 ubi
897 2220 982 2277 fidele
1036 2215 1102 2271 lulis
1119 2215 1170 2289 qui
1196 2216 1228 2271 iu
1252 2217 1325 2272 turri
1351 2217 1437 2290 positi
1462 2223 1537 2287 sunt,
1564 2218 1738 2288 obedientia,
1768 2219 1839 2278 fides
1855 2223 1886 2275 et

136 2307 332 2380 magisterium
354 2308 406 2364 hes
432 2308 507 2364 acies
534 2308 630 2376 babet,
661 2309 793 2364 videlicet
815 2309 895 2366 illam
916 2327 982 2383 qum
1036 2320 1100 2376 spes
1126 2309 1202 2360 sunt.
1246 2305 1413 2362 obedientia
1441 2306 1541 2379 clypeo
1584 2308 1787 2375 circumdatur,
1814 2308 1886 2380 quia

135 2412 200 2451 cum
237 2397 344 2468 clypeis
367 2401 396 2452 οῖ
431 2396 525 2451 loricis
565 2400 651 2470 atqua
673 2397 738 2453 allis
766 2397 854 2453 armis
887 2403 983 2454 costos
1036 2409 1150 2465 semper
1187 2394 1301 2450 subdita
1335 2399 1395 2462 est;
1429 2394 1499 2451 fides
1524 2395 1610 2451 lorica
1645 2396 1785 2463 induitur,
1815 2398 1887 2469 qnia

135 2486 223 2541 turris
246 2486 337 2557 posita
359 2491 411 2553 est,
425 2489 458 2541 nt
479 2489 578 2540 contra
596 2486 662 2541 illos
686 2489 797 2558 pugnet
811 2485 861 2558 qui
877 2487 981 2542 turrim
1036 2482 1133 2538 omnia
1148 2482 1225 2538 bona
1239 2498 1305 2553 qua.
1319 2482 1417 2538 inDeo
1434 2488 1511 2553 sunt,
1527 2499 1593 2555 quae
1616 2485 1715 2538 oculus
1734 2498 1886 2554 uunquam

135 2572 226 2644 ipsius
241 2573 390 2629 destruere
410 2574 565 2639 volunt,et
583 2573 669 2628 etiam
693 2573 773 2628 illam
790 2589 856 2645 quae
883 2574 981 2629 cirita·
1036 2569 1107 2624 uidit
1132 2569 1252 2642 probat;
1282 2586 1347 2641 spes
1377 2574 1473 2625 eutem
1487 2569 1593 2625 coelum
1611 2570 1823 2626 cumomnibus
1837 2585 1886 2624 or·

136 2665 194 2717 tem
210 2677 292 2717 suam
307 2661 406 2733 probis
420 2660 559 2718 militibus
573 2661 613 2718 ita
633 2660 738 2730 munit,
754 2677 791 2717 ne
819 2663 895 2717 muri
919 2666 982 2733 ejus
1037 2657 1179 2712 nementis
1203 2659 1261 2712 suis
1285 2672 1339 2729 per
1361 2657 1447 2713 tidem
1473 2659 1683 2730 complectitur.
1716 2659 1797 2713 Fides
1816 2674 1886 2712 raro

134 2751 171 2804 ab
193 2749 317 2806 inimicis
338 2750 628 2822 comprehendantur,
659 2755 687 2806 οῖ
707 2766 744 2805 ne
768 2751 892 2806 hostium
920 2751 982 2823 ejus
1037 2744 1295 2817 perobedientiam
1326 2747 1415 2800 Deum
1433 2761 1547 2818 semper
1576 2745 1686 2818 aspicit,
1712 2746 1753 2802 ita
1777 2747 1887 2802 iaciens

134 2838 252 2910 perfidis
276 2839 502 2910 speculatoribus
523 2838 680 2910 aperiatur,
714 2838 828 2911 ipsique
854 2855 913 2894 non
934 2841 981 2894 in·
1002 2840 1069 2898 Cut
1084 2834 1111 2890 ei
1135 2834 1280 2906 praecepit.
1305 2835 1380 2890 Deus
1407 2835 1486 2890 euim
1507 2835 1630 2891 charitas
1648 2840 1700 2903 est,
1718 2835 1887 2907 quiaomne

135 2927 322 2982 terllciautur.
343 2927 393 2982 Isti
411 2926 545 2981 homiues
573 2926 604 2981 in
625 2926 802 2982 beatitudine
828 2933 904 2982 sunt.
929 2927 984 2992 Oui
1038 2940 1111 2996 opus
1125 2939 1209 2979 snum
1231 2924 1314 2996 pium
1328 2930 1387 2993 est;
1403 2925 1453 2980 sed
1470 2940 1522 2996 per
1534 2924 1727 2980 humilitatem
1751 2925 1787 2980 de
1813 2924 1887 2980 coelo

135 3019 234 3072 aulem
257 3015 297 3071 sic
318 3031 377 3072 non
404 3015 522 3079 iaciunt,
551 3015 742 3086 squalidiores
763 3014 877 3070 rusticis
906 3021 983 3084 suut,
1038 3012 1194 3080 descendit,
1218 3018 1250 3067 ut
1274 3013 1401 3084 captivos
1424 3029 1491 3069 suos
1518 3012 1663 3080 liberaret,
1682 3013 1733 3086 qui
1762 3013 1886 3070 charita·

138 3103 189 3174 qui
207 3119 260 3176 per
280 3104 387 3176 scipsos
405 3107 436 3158 οῖ
457 3118 509 3174 per
541 3118 648 3174 pecora
678 3118 730 3156 sua
752 3103 832 3157 villas
854 3119 920 3158 snas
939 3121 984 3158 sa·
1038 3104 1095 3154 tem
1118 3100 1308 3174 reliquerunt,
1335 3103 1451 3173 quando
1480 3102 1576 3173 ipsum
1592 3117 1649 3157 non
1675 3107 1884 3174 coguoverunt.

136 3191 249 3260 pientar
261 3196 430 3260 procurant,
452 3205 488 3244 ue
511 3189 543 3245 iu
565 3189 677 3260 pascuis
703 3189 763 3245 suis
783 3189 927 3246 deficiant.
945 3192 984 3246 lle
1038 3189 1097 3244 lloc
1122 3204 1174 3262 per
1194 3188 1402 3245 humanitatem
1426 3206 1508 3252 stram
1533 3189 1610 3252 lecit,
1635 3195 1664 3244 et
1687 3190 1762 3246 idem
1791 3205 1887 3245 axem·

136 3277 181 3331 bis
202 3278 429 3334 dicendumnou
452 3285 494 3332 est
510 3293 517 3331 ι
534 3278 600 3343 Qua
621 3280 665 3332 est
689 3276 747 3334 ieta
769 3294 831 3350 qua
855 3278 985 3336 mandit
1037 3276 1215 3347 plumnobis
1239 3277 1365 3350 reliquit.
1395 3279 1568 3344 Quomodo?
1586 3279 1707 3344 Quando
1735 3278 1886 3350 propriam

133 3383 188 3438 per
223 3367 368 3423 mlum
397 3365 472 3422 elcut
502 3365 617 3438 simula
649 3383 686 3423 a
705 3366 886 3423 aromatibus
908 3385 985 3441 myr-
1039 3364 1215 3419 voluntalem
1239 3371 1366 3420 nostram
1395 3364 1424 3419 in
1441 3365 1543 3421 officiis
1562 3367 1650 3438 hujus
1677 3367 1774 3421 saeculi
1802 3367 1888 3421 reliu-

135 3455 194 3510 rbar
219 3459 248 3509 et
274 3453 377 3523 illaria,
404 3457 433 3509 et
461 3454 587 3511 animai
615 3454 745 3528 pulveris
768 3454 985 3529 pipmmraseir
1038 3452 1165 3524 quimus,
1181 3456 1246 3524 post
1263 3452 1384 3524 vestigia
1398 3454 1459 3525 ejus
1481 3454 1671 3511 ambulemus.
1695 3454 1814 3519 Quando
1834 3470 1887 3509 eu-

136 3543 235 3614 (Cant.
247 3542 289 3613 ιιι)
305 3559 357 3598 nec
372 3542 443 3599 illud
459 3560 467 3598 ;
481 3543 573 3610 Οιοιιοι
588 3543 705 3616 pulchri
717 3547 786 3598 rant
806 3559 921 3614 precem
943 3544 986 3600 tui
1037 3541 1139 3596 tamin
1154 3541 1272 3597 nomine
1295 3542 1358 3613 ejus
1380 3541 1411 3597 in
1427 3557 1517 3598 nuum
1531 3558 1647 3615 gregem
1664 3557 1886 3616 congregamur,

135 3629 167 3686 in
186 3630 478 3701 colommentir,filio
496 3631 640 3705 mancipas
653 3633 747 3706 (cont.
766 3635 826 3703 vri).
850 3633 911 3689 Hoc
930 3639 982 3701 est,
1038 3629 1280 3703 quemadmodum
1307 3630 1342 3686 ad
1373 3630 1499 3703 aquilam
1521 3629 1578 3686 alie
1605 3630 1733 3686 volatilia
1766 3647 1886 3702 cougre-

135 3717 230 3790 quiin
250 3718 350 3774 exsilio
375 3719 462 3791 hujus
476 3719 581 3788 saeculi,
600 3721 676 3791 quod
699 3735 751 3792 per
771 3720 917 3776 desertum
937 3721 982 3776 in·
1038 3722 1152 3789 ςοιιῖιιτ,
1177 3718 1321 3776 Abrabam
1337 3719 1494 3786 imitamur,
1521 3719 1572 3792 qui
1596 3720 1734 3790 populum
1758 3735 1843 3776 suum
1858 3725 1889 3774 et
1990 3751 1991 3774 ι

134 3804 283 3877 telligitur,
303 3806 443 3862 voluntati
464 3822 524 3862 sure
549 3806 727 3874 contradicit,
747 3807 824 3862 etin
849 3808 984 3864 omnibus
1037 3806 1187 3877 regionam
1216 3808 1317 3878 petrin
1333 3823 1393 3862 sure
1421 3807 1548 3880 reliquit,
1570 3812 1656 3878 atque
1682 3808 1713 3863 in
1738 3807 1832 3863 aliena
1856 3823 1887 3862 re

135 3893 271 3964 operibus
294 3894 354 3948 suis
371 3893 543 3966 suspirando
563 3895 599 3950 ad
631 3896 720 3951 llenm
754 3897 891 3965 ascendit,
911 3896 985 3951 sicut
1037 3893 1284 3950 circumcisionem
1298 3894 1457 3950 secundum
1479 3900 1657 3968 praeceptum
1681 3895 1733 3951 Dei
1756 3894 1885 3966 perlecit.

135 3981 352 4052 scriptumest:
369 3981 620 4053 Ascenditsumus
639 3985 804 4039 oromatum
817 3983 850 4039 in
864 4001 983 4057 conope-
1037 3981 1091 4037 Sed
1111 3981 1292 4053 quandoper
1306 3982 1452 4038 homiuem
1467 3984 1517 4056 qui
1532 3983 1614 4039 nobis
1629 3982 1730 4038 similis
1744 3987 1798 4049 est,
1812 3999 1887 4054 prm·

134 4071 185 4122 cta
195 4066 321 4136 Domini,
342 4069 594 4126 mortificationem
616 4071 709 4126 cernis
721 4071 776 4128 sibi
793 4069 887 4144 etegit,
905 4073 982 4128 uude
1038 4070 1126 4144 ceptis
1141 4071 1193 4126 llei
1207 4069 1366 4136 obedimus,
1388 4070 1418 4126 in
1432 4071 1682 4128 benedictionibus
1697 4072 1770 4126 sicut
1797 4070 1886 4126 stellae

136 4162 164 4212 et
186 4157 222 4212 de
245 4157 325 4213 inmo
348 4163 524 4229 aromatum,
548 4165 577 4214 et
598 4160 633 4216 de
647 4160 867 4216 mortiliortione
889 4161 982 4216 carnis
1001 4132 1102 4216 Dcceli
1116 4157 1353 4229 multiplicamur,
1383 4160 1461 4215 velut
1481 4161 1567 4215 etiam
1594 4161 1667 4215 lleus
1691 4159 1811 4214 Abrahae
1834 4174 1887 4229 per

135 4261 237 4300 omnes
260 4245 377 4301 virtutes
405 4246 436 4301 in
472 4262 506 4301 eo
531 4252 673 4316 crescunt,
701 4248 806 4320 quibus
833 4264 983 4323 nunqnam
1041 4247 1176 4320 angelum
1198 4262 1282 4301 suum
1303 4247 1480 4318 repromisit,
1504 4253 1532 4304 et
1556 4249 1679 4303 alienam
1709 4263 1770 4302 rem
1786 4263 1886 4302 secun·

135 4337 289 4390 saturatur.
303 4334 411 4407 Illiqui
441 4335 495 4390 boc
510 4336 578 4392 lacit
593 4337 629 4392 de
652 4339 785 4409 supernis
813 4339 982 4410 angelorum
1039 4335 1108 4390 dum
1129 4335 1355 4390 incarnationem
1390 4351 1471 4390 suam
1500 4337 1686 4408 requirimus,
1712 4352 1765 4406 pro
1792 4333 1886 4389 nihile

134 4427 164 4478 et
184 4427 347 4478 sauctorum
369 4423 497 4480 dicitnr:
521 4429 614 4496 ριιιιοι
634 4425 750 4498 pulchri
773 4430 841 4482 eant
867 4444 983 4500 pressim
1039 4440 1092 4479 nos
1115 4429 1292 4495 reputantes,
1308 4440 1341 4479 ac
1362 4424 1392 4479 ln
1407 4425 1530 4496 spiritali
1544 4426 1602 4480 vita
1618 4424 1790 4479 laborantes.
1812 4423 1885 4478 Cum

134 4507 187 4580 lai,
214 4509 242 4567 id
271 4515 315 4566 est
339 4511 476 4578 studium,
500 4511 530 4566 in
556 4529 614 4586 qun
633 4514 664 4568 in
684 4513 738 4569 ista
762 4513 982 4570 mortificatione
1037 4512 1093 4568 bec
1117 4513 1247 4582 iacimus,
1272 4513 1377 4569 turrim
1396 4520 1523 4569 nostram
1544 4513 1642 4585 probis
1671 4513 1809 4568 militibus
1834 4528 1885 4583 per

133 4598 274 4666 ambulas,
290 4598 351 4656 lilia
370 4599 519 4673 principis.
541 4600 595 4657 Sed
618 4602 654 4657 ab
678 4617 727 4658 ore
755 4602 905 4674 prophetae
928 4602 982 4656 iste
1037 4601 1231 4657 humilitatem
1254 4589 1381 4674 undique
1413 4601 1584 4657 munimus:
1613 4601 1755 4673 probique
1778 4600 1885 4655 milites

134 4685 312 4757 abjiciendus
340 4692 392 4757 est,
411 4687 463 4762 qui
488 4704 541 4744 nec
567 4688 698 4762 frigidus,
724 4705 778 4745 nec
795 4689 905 4746 calidus
928 4695 980 4758 est,
1036 4706 1147 4755 sumus,
1178 4705 1243 4744 cum
1272 4690 1446 4762 voluptatem
1473 4691 1557 4762 hujus
1581 4689 1676 4746 saeculi
1703 4704 1883 4760 superamus,

134 4776 203 4847 qnia
227 4776 329 4832 necin
351 4777 484 4844 terrenis,
507 4778 603 4834 necin
634 4778 796 4834 coelestibus
823 4778 981 4851 quidquam
1036 4784 1143 4835 etcum
1167 4778 1296 4833 lurorem
1310 4778 1361 4832 irae
1383 4778 1534 4845 vincimus,
1563 4779 1663 4850 utique
1685 4782 1883 4850 paupertatem

133 4864 254 4920 laborat.
279 4864 334 4920 Sed
357 4881 424 4921 enm
448 4866 565 4922 locustis
588 4867 728 4937 assimilo,
752 4884 817 4939 quae
839 4883 892 4922 nec
915 4883 981 4922 cum
1036 4872 1164 4922 nostram
1179 4871 1294 4938 propter
1309 4881 1437 4922 amorem
1459 4866 1562 4924 Christi
1586 4867 1752 4934 toleramus,
1770 4873 1799 4920 et
1817 4881 1882 4920 cram

135 4952 300 5008 volatilibus
328 4957 403 5008 recte
434 4955 543 5022 rolant,
575 4971 628 5010 uec
654 4971 720 5010 cum
749 4955 921 5010 animalibus
950 4954 981 5010 iu
1036 4954 1223 5010 inimicabilia
1247 4954 1403 5010 homicidia
1427 4955 1487 5011 odii
1501 4971 1534 5010 ac
1548 4955 1665 5012 invidiae
1680 4971 1696 5009 a
1711 4953 1884 5026 uobisabji-

133 5047 211 5097 terra
233 5047 308 5097 recte
350 5043 511 5110 ambulant,
547 5045 597 5099 sed
628 5060 693 5116 quas
720 5044 829 5099 similes
859 5043 978 5113 turbini,
1035 5045 1144 5112 cimns;
1178 5049 1265 5116 atque
1296 5059 1361 5098 cnm
1381 5043 1453 5099 alios
1478 5050 1642 5116 peccatores
1673 5043 1781 5098 similae
1802 5043 1885 5098 uobis

134 5130 185 5201 qui
198 5129 256 5185 cito
271 5130 369 5187 delicit
382 5131 444 5187 sine
457 5131 580 5187 utilitate
595 5133 713 5186 radunt.
1034 5148 1094 5187 uon
1108 5131 1282 5204 spernimus,
1306 5147 1359 5187 nac
1375 5131 1481 5203 injusta
1492 5131 1601 5203 judicia
1622 5146 1709 5203 super
1731 5147 1780 5186 eos
1805 5129 1889 5217 jndi'.

168 5219 191 5274 0
216 5219 275 5274 lilia
308 5221 380 5276 sacri
405 5221 532 5277 nominis
568 5236 653 5277 aures
682 5227 746 5276 toas
770 5220 862 5293 aperi,
892 5226 979 5295 atque.
1034 5237 1143 5288 camus,
1159 5223 1187 5276 el
1214 5236 1280 5276 cnm
1304 5236 1391 5291 super
1415 5221 1508 5292 justos
1524 5225 1611 5292 atque
1639 5221 1807 5275 inuocantes
1828 5218 1882 5274 lel-

132 5306 266 5378 diligcuti
287 5309 371 5366 corde
402 5309 558 5382 proposita,
581 5309 664 5382 signa
702 5299 787 5382 bojas
823 5309 978 5382 parabolici
1034 5325 1098 5366 sum
1114 5309 1309 5367 testimonium
1333 5326 1391 5366 uon
1420 5311 1585 5382 quaerimus.
1608 5311 1641 5367 lli
1666 5307 1750 5383 probi
1777 5307 1883 5364 milites

132 5393 273 5450 sermonis
302 5397 381 5464 audi,
408 5397 550 5466 videlicet,
583 5415 671 5471 quam
696 5414 803 5472 magna
831 5398 924 5472 gloria
946 5399 977 5457 in
1033 5403 1101 5455 suut
1115 5397 1165 5471 qui
1193 5399 1336 5454 civitatem
1364 5404 1491 5456 nostram
1506 5399 1633 5472 undique
1653 5397 1827 5462 custodiunt,
1841 5395 1881 5451 ite
