3984 6034
885 128 915 185 S.
936 127 1175 188 ttttuauattttls
1835 131 1899 188 344
1982 135 1983 158 ¹

425 255 591 349 aristeas
609 258 696 314 cxlx.
1003 262 1121 315 Asnam
1135 257 1189 314 tibi
1216 259 1355 333 porrigat,
1379 263 1411 315 ut
1436 260 1513 317 vivas
1534 261 1564 318 iu
1591 265 1742 334 eternum,
1771 261 1819 320 nbi
1844 263 1898 320 sol
1982 251 1983 304 ἶ

303 380 331 419 s.
361 379 525 421 sacanoorrs
547 380 583 420 aa
608 379 827 422 armaoaaoau.
1043 348 1292 406 ¹¹⁰¹1⁰b⁵0⁰rttur-

142 489 185 546 Ε
219 489 316 558 esert
328 486 858 561 emmerammenses
872 487 989 558 orpes·
1333 437 1499 496 EP¹ST⁰LA
1528 439 1601 495 CXX·

191 576 235 625 ur,
265 559 358 642 ipsius
378 574 476 629 preces
506 559 643 632 exposcit,
666 562 695 615 et
723 559 827 616 tibrum
862 559 926 628 ejus
950 558 988 614 aa
1308 543 1334 582 v·
1355 543 1392 583 ΑΒ
1413 542 1626 584 mmmmm
1736 615 1741 626 .
1781 615 1786 628 .
1844 613 1879 627 ..

178 630 437 688 trammbmaum,
1044 615 1304 688 supersapere
1317 631 1381 670 eam
1396 631 1449 671 nee
1476 631 1605 688 corpore,
1619 622 1801 690 necronprss
1820 632 1898 672 mse·

1413 687 1525 742 tremit.

1080 775 1207 831 Domine
1223 777 1256 831 Η.
1277 774 1426 847 religione,
1455 775 1606 844 sapientia,
1635 775 1796 847 disciplina,
1826 792 1897 832 mo-

1044 862 1133 926 ribus.
1161 869 1308 935 postremo
1340 864 1419 920 omni
1454 865 1603 936 utriusque
1631 864 1760 921 hominis
1785 865 1897 921 virtute

1044 952 1229 1022 plenissime,
1252 952 1301 1008 illc
1326 969 1395 1008 suus
1421 969 1473 1026 per
1493 954 1593 1010 omnia
1618 955 1648 1008 V.
1675 953 1706 1009 in
1725 958 1804 1009 sexta
1822 969 1896 1009 cum

1043 1040 1151 1096 llartha
1177 1041 1319 1112 laborare,
1340 1041 1370 1096 in
1398 1041 1521 1114 septima
1549 1041 1724 1114 reintegrari
1738 1041 1769 1097 in
1792 1048 1897 1098 octava

1045 1144 1110 1184 cum
1126 1129 1212 1185 Maria
1225 1129 1388 1201 jocundari.

1080 1215 1228 1281 Quomodo
1252 1234 1309 1287 me,
1328 1217 1446 1274 domina
1473 1217 1670 1286 dilectissima,
1699 1218 1735 1274 ab
1775 1224 1899 1290 aspectu

178 739 358 794 Hruoaasaor
381 738 526 809 magistras
545 753 715 809 sponsarum
748 735 853 793 Christi
879 736 988 809 dignis-

143 826 234 894 simae,
259 828 289 882 B.
317 826 369 882 [lei
390 827 492 898 gratia,
521 826 588 881 licet
619 825 756 897 indignus
780 826 830 881 Dei
858 826 989 881 sacerdos

143 921 172 970 et
196 920 336 987 peccator,
360 914 470 970 intimae
496 914 655 970 dilectionis
683 919 711 970 et
733 916 827 970 omnis
857 913 989 986 obsequii

145 1004 275 1059 devotam
289 1004 500 1059 certitudinem.

178 1093 273 1148 'laedet
287 1109 333 1149 me
348 1093 411 1148 vita
428 1108 510 1161 mere,
527 1092 595 1164 quia
617 1093 745 1164 repletus
769 1108 833 1147 sum
847 1093 989 1148 amaritu-

144 1180 222 1249 dinr,
249 1187 279 1237 et
305 1183 373 1254 quia
395 1183 576 1255 propositum
602 1181 684 1253 cnjus
705 1181 819 1236 conscia
843 1197 885 1250 es,
909 1181 989 1254 virgo

144 1268 333 1336 sanctissima,
361 1268 551 1339 exspectando
584 1267 724 1339 quosdam
757 1267 858 1323 fideles
882 1268 990 1323 amicos

143 1371 234 1456 meos,
258 1357 351 1457 adhuc
373 1355 483 1412 differo.
510 1357 559 1411 Via
588 1372 662 1457 mett,
692 1355 991 1456 utpropbeticisuttt
1045 1407 1145 1463 sapora
1169 1394 1313 1466 gratioris,
1336 1394 1437 1450 tandiu
1466 1394 1637 1450 subtraxisse
1664 1394 1819 1467 potuerim,
1846 1396 1898 1450 vel

143 1445 247 1515 verbis,
261 1446 389 1518 undaque
414 1451 495 1518 septu
518 1450 561 1501 est
578 1462 668 1516 spvms
682 1450 712 1500 et
724 1461 857 1501 maceria.
873 1445 990 1500 Verum-

609 1533 615 1545 .
722 1534 728 1545 .
967 1533 973 1544 .
1045 1479 1161 1540 interim
1189 1483 1324 1540 litterulis
1351 1485 1451 1539 saltem
1488 1483 1616 1538 visitasse
1643 1499 1692 1539 vos
1720 1483 1896 1552 distulerim,

144 1539 241 1590 umen
255 1534 446 1608 ss⁸3⁰¹¹³q⁰ae
467 1549 520 1605 per
538 1535 786 1590 ‘mmmmm
806 1535 892 1616 Im
906 1549 989 1605 pm*
1009 1561 1248 1645 Bmemetipsum
1276 1571 1345 1628 satis
1367 1571 1504 1627 admirari
1534 1587 1657 1643 nequeo,
1684 1577 1834 1645 totumque
1864 1571 1898 1627 id

143 1627 189 1678 tus
203 1639 260 1678 non
273 1639 381 1704 genum
397 1622 447 1679 sed
461 1623 530 1695 quia
552 1638 618 1677 com
642 1622 800 1679 tentatione
820 1625 990 1695 proventum
1044 1663 1192 1738 parvitatis
1209 1677 1282 1718 meae
1311 1661 1430 1717 desidiae
1448 1661 1567 1733 deputo.
1583 1662 1714 1719 Vestram
1726 1661 1814 1717 etiarn
1830 1661 1898 1733 pie-

144 1727 201 1766 Μ
216 1711 395 1810 ῐᾶοἰηῃῒῆῃθ
418 1711 614 1810 mmmmm?
629 1716 660 1767 ⁰¹
677 1711 713 1767 Μ
737 1711 824 1767 fimm
848 1710 991 1783 pr⁰p⁰⁸ffl
1044 1758 1133 1810 tatem
1161 1751 1327 1824 hujusmodi
1342 1765 1408 1806 mea
1432 1749 1671 1817 inconcinnitate,
1700 1749 1777 1822 quod
1800 1749 1895 1805 absit!

143 1815 202 1855 ΜΠ
234 1816 399 1872 mmmm
426 1800 509 1856 valde
537 1806 733 1872 mmm:
761 1815 821 1856 ⁰⁰¹¹
856 1799 933 1872 qm
956 1815 992 1856 ⁰¹
1046 1841 1197 1898 offendisse
1226 1840 1305 1896 valde
1334 1839 1434 1905 timeo,
1462 1843 1490 1894 et
1519 1837 1635 1906 merito,
1662 1839 1778 1910 ,quippe
1806 1854 1898 1910 quem

143 1888 337 1944 ⁰⁰¹¹⁵⁰¹⁸fi⁰¹¹⁰
362 1892 422 1956 ¹⁰³2
451 1904 538 1960 qum
568 1889 734 1960 mmm
764 1887 883 1959 ’ΨΜ
896 1887 992 1959 pluri‘
1045 1935 1130 1987 antea
1163 1945 1216 1985 nec
1243 1944 1321 1997 voce,
1350 1944 1404 1984 nec
1437 1927 1545 1996 babitu,
1576 1943 1629 1982 nec
1659 1926 1742 1995 lacie,
1770 1927 1898 1982 necdum

146 1991 226 2030 mum
255 1976 412 2045 conlidens,
442 1992 490 2031 cor
517 1991 615 2032 meum
651 1981 680 2032 ct
706 1976 783 2032 inter
817 1983 934 2048 peccata
963 1980 993 2031 et
1075 2020 1080 2031 .
1315 2017 1320 2028 .
1506 2015 1511 2026 .
1682 2015 1688 2026 .

144 2080 289 2120 erumnas
312 2064 481 2120 laetificatur.
508 2064 698 2136 Quapropter,
742 2065 822 2136 virgo
851 2065 910 2120 Deo
941 2065 991 2120 de·
1045 2025 1131 2120 (ΜΨ
1157 2019 1234 2118 sm
1254 2022 1397 2116 agnuam!
1415 2022 1446 2072 οἱ
1469 2031 1595 2116 prufmm
1624 2031 1700 2115 Q
1721 2015 1802 2114 ‚qum
1816 2014 1899 2070 ‘⁸⁰²⁰

1044 2108 1211 2182 perdifficile
1239 2111 1291 2174 est,
1321 2112 1413 2178 gratia
1448 2109 1533 2160 vestri
1571 2105 1777 2176 benignissime
1814 2116 1895 2156 rece-

145 2157 222 2222 m‘
246 2169 299 2208 ¹¹⁰⁵
316 2168 415 2253 mm?
438 2157 504 2224 9⁰³
541 2154 633 2252 ΜΨ
675 2153 711 2208 ⁸⁶
744 2158 773 2209 ω
814 2153 992 2225 ⁸⁰⁵pimt⁰⁸
1046 2198 1136 2272 pistis,
1154 2201 1182 2252 at
1195 2194 1391 2268 statimvestri
1413 2192 1550 2264 colloquii
1565 2190 1795 2264 participatione,
1815 2189 1898 2262 quod

144 2256 327 2313 summopere
348 2246 483 2314 petimus,
505 2257 674 2313 queramus,
705 2241 864 2312 pulsamus,
889 2246 990 2313 quate·
1045 2301 1183 2358 magnum
1200 2283 1284 2352 duco,
1315 2297 1443 2338 merem
1475 2280 1592 2352 dignm
1608 2281 1685 2336 ggqis,
1700 2281 1806 2334 vesum
1823 2278 1897 2349 quja

144 2345 200 2384 nus
227 2346 245 2383 a
272 2329 362 2384 solitis
384 2329 517 2401 precibus
543 2330 709 2385 nullatenus
747 2329 874 2395 desistas,
900 2330 992 2385 donec
1045 2375 1175 2448 poenitgg
1204 2369 1368 2444 ignoscetis.
1398 2369 1518 2425 Animus
1546 2368 1625 2423 enim
1647 2383 1729 2423 meus
1745 2379 1896 2437 nunquam

1045 2479 1104 2519 non
1132 2465 1285 2533 promptus
1308 2457 1372 2525 tuit,
1393 2456 1513 2512 facultas
1544 2471 1612 2512 vero
1639 2456 1737 2511 deluit.
1753 2453 1896 2510 Promitte

1046 2553 1144 2625 igitur,
1161 2547 1268 2620 siquid
1288 2545 1460 2618 promittere
1487 2561 1613 2618 possum,
1641 2561 1697 2612 me,
1712 2545 1736 2599 si
1760 2544 1834 2600 Deus
1852 2541 1895 2595 ta-

1046 2641 1181 2696 coltatem
1194 2635 1314 2704 dederit,
1339 2633 1509 2706 quantocius
1526 2633 1758 2689 emendaturum.
1775 2629 1897 2686 Interim

1046 2733 1097 2783 aut
1111 2723 1291 2782 orationibus
1306 2721 1407 2777 vestris
1435 2737 1488 2792 pro
1508 2723 1567 2777 Deo
1592 2721 1648 2776 mei
1663 2718 1817 2776 miserrimi
1830 2733 1897 2791 pec·

1047 2813 1152 2871 catoris
1167 2825 1350 2868 memorasse
1365 2809 1535 2882 dignemini.

143 2418 239 2474 locum
252 2421 362 2472 cenom
377 2416 564 2474 habitationis
583 2416 677 2485 nobis,
699 2423 749 2474 aut
766 2418 790 2472 si
806 2417 837 2473 id
860 2418 913 2473 tibi
928 2423 990 2474 ten·

144 2505 215 2560 tatio
238 2505 269 2559 iu
288 2506 378 2561 Deum
393 2505 533 2569 videatur,
559 2507 660 2562 saltem
676 2521 752 2562 nunc
772 2505 926 2562 discretum
942 2522 992 2561 re-

145 2594 260 2666 ligionis
276 2593 407 2649 ordinem
430 2593 590 2649 misericors
613 2596 687 2650 Deus
700 2582 753 2650 tibi
767 2611 820 2667 pro
844 2595 927 2651 nobis
948 2595 992 2651 in-

145 2682 260 2738 sinuare
283 2680 427 2754 dignetur.
451 2683 507 2738 lsta
532 2683 622 2738 Deum
643 2699 696 2754 per
710 2688 738 2737 te
761 2683 908 2739 ordinasse
931 2698 992 2738 non

145 2770 265 2826 dubium
280 2786 341 2825 esse
363 2786 418 2826 uos
437 2771 601 2842 credimus;
615 2776 646 2826 tu
661 2787 693 2826 re
716 2776 835 2842 experte
859 2787 898 2827 es.
916 2771 992 2827 Nihil

144 2859 223 2914 enim
246 2859 384 2914 interris
406 2859 439 2915 ur
461 2860 523 2915 sine
546 2875 640 2914 causa.
668 2861 702 2916 Et
723 2860 829 2915 idcirco
842 2860 918 2915 sicut
931 2856 1032 2914 ani-C

145 2964 223 3003 mam
237 2963 331 3004 meam
354 2949 531 3004 occultorum
554 2948 605 3005 [tei
622 2948 732 3019 judicio
752 2948 788 3003 ab
803 2948 993 3020 angustiisex
1239 2913 1445 2972 RESPONSUM
1464 2914 1705 2972 mmmmm&
1736 3003 1742 3015 ,

144 3041 227 3107 parte
247 3035 401 3102 liberabas,
423 3035 463 3092 ita
488 3052 541 3091 nos
562 3051 663 3092 omues
685 3051 737 3106 per
764 3035 936 3108 dispositum
960 3035 993 3091 in
1128 3096 1134 3107 ,
1168 3007 1335 3107 ‚Hmam'
1361 3003 1401 3059 “d
1422 3006 1615 3106 mlefflffwm
1641 3003 1752 3060 mum·

145 3128 175 3179 ω
189 3139 206 3178 a
222 3125 279 3179 020
297 3125 416 3180 modum
445 3124 566 3180 libem„
585 3141 602 3180 a
629 3124 785 3181 dubietati,
813 3139 911 3180 mm
938 3124 992 3180 de·
1082 3097 1136 3163 Oui
1148 3101 1206 3151 vvts
1220 3099 1273 3163 est,
1289 3095 1351 3150 baeo
1376 3092 1462 3148 verba
1476 3095 1548 3148 mrlu
1563 3093 1687 3148 ostendit
1712 3093 1827 3147 dicens:
1852 3093 1897 3147 Tu

145 3210 205 3268 bita
218 3211 363 3283 peccatrix
381 3229 439 3269 non
454 3213 596 3284 diffugias.
621 3214 660 3268 lle
675 3218 778 3269 cetero
800 3213 907 3270 litteras
929 3217 993 3268 tuas
1047 3185 1148 3241 'imm
1181 3200 1211 3239 ⁰⁸
1236 3200 1318 3256 “1¹¹ae
1345 3200 1409 3256 ‘1¹¹oe
1440 3185 1573 3238 mmmm
1596 3181 1628 3237 in
1657 3183 1839 3252 ‘emm’
1867 3184 1897 3234 ⁰¹

147 3305 177 3356 et
190 3301 225 3356 de
240 3300 285 3357 his
313 3303 429 3358 statiis
456 3302 599 3358 desidero.
626 3303 768 3358 Praeterea
786 3301 894 3359 librum
908 3306 993 3359 tuum
1047 3291 1112 3348 ‘1¹¹ae
1135 3273 1241 3329 “emm
1268 3279 1365 3329 manet
1388 3272 1419 3327 5¹¹
1446 3271 1665 3342 ²⁸⁸⁰q¹¹i¹¹im⁰·
1690 3268 1814 3352 Vi‘iw‘ia
1841 3268 1895 3324 fibi

147 3390 338 3446 mmmm„
351 3392 475 3446 mustum
485 3391 580 3463 cupio·
1047 3363 1123 3420 dicet
1143 3378 1150 3418 ε
1168 3361 1301 3418 Libenter
1316 3363 1468 3434 ingredere
1483 3359 1518 3415 ad
1535 3364 1579 3429 te;
1599 3359 1647 3415 sed
1676 3364 1709 3415 tu
1730 3358 1812 3414 caedis
1836 3373 1895 3426 me,

1048 3449 1163 3594 vva
1180 3449 1309 3604 rr.
1326 3454 1444 3592 vste.
1459 3446 1723 3608 testesve
1736 3445 1897 3589 rest.

146 3601 267 3660 ΑΜ(
294 3619 360 3659 ‘¹⁶¹²
376 3603 416 3659 “d
435 3607 612 3678 ΡΜΜΜ
640 3621 725 3660 'llum
749 3603 993 3677 primmdum·
1047 3631 1116 3695 tate,
1133 3625 1183 3682 ubi
1198 3641 1257 3680 non
1275 3642 1306 3680 es
1321 3625 1352 3680 in
1367 3624 1547 3696 amplexione
1573 3627 1753 3695 contemptus
1782 3622 1894 3677 mundi.

184 3711 251 3768 Hac
277 3709 346 3766 dicit
368 3711 513 3784 Spiritus:
542 3711 637 3767 Laude
666 3710 867 3784 dignissimum
895 3714 938 3766 est
965 3713 995 3766 et
1049 3716 1071 3772 0
1095 3715 1182 3772 homo
1210 3713 1265 3770 cito
1293 3713 1387 3769 veniet
1414 3713 1468 3768 tibi
1497 3710 1677 3781 resurrectio,
1701 3709 1725 3766 si
1748 3711 1895 3782 pulverem

148 3799 279 3856 mirabile
305 3801 382 3874 quod
407 3801 579 3874 peregrinus
610 3799 645 3856 ed
673 3800 797 3872 patriam
824 3798 993 3855 festinat-0
1048 3804 1184 3860 cinerisa
1210 3808 1238 3858 te
1261 3802 1369 3858 excutis
1397 3801 1494 3858 dicens
1509 3818 1516 3856 :
1534 3801 1563 3858 si
1589 3817 1646 3856 non
1672 3815 1787 3873 possum
1820 3804 1896 3855 stare

148 3903 235 3960 quam
254 3905 377 3961 magnus
399 3888 493 3945 luctus
516 3894 545 3944 et
572 3904 679 3944 moeror
701 3894 771 3944 tuuc
797 3887 890 3943 oritur
917 3887 995 3945 inter
1048 3893 1080 3948 in
1099 3893 1168 3961 sole,
1181 3892 1247 3948 volo
1263 3897 1361 3947 tamen
1375 3906 1421 3946 me
1436 3889 1600 3945 abstrahere
1615 3888 1651 3943 de
1670 3890 1732 3944 luto
1759 3887 1894 3960 pulveris,

149 3977 223 4033 circs
245 3981 274 4032 et
292 3981 375 4033 notos
397 3976 476 4033 iltius
497 3977 548 4049 qni
566 3991 633 4032 cum
658 3977 721 4049 ipso
751 3976 944 4048 epulabantur
965 3980 996 4031 et
1049 3987 1078 4038 et
1100 3992 1208 4036 vestem
1235 3996 1331 4037 meam
1356 3979 1472 4036 abluere
1500 3979 1535 4034 da
1564 3977 1758 4034 vicissitudine
1782 3993 1896 4033 morum

148 4063 300 4122 ludebant!
331 4069 403 4120 eto
444 4080 532 4137 quam
571 4064 653 4120 valde
688 4064 861 4119 erubescunt
883 4063 991 4131 lascivi,
1049 4069 1135 4142 hujus
1150 4069 1254 4124 seculi.
1272 4069 1351 4124 Tunc
1375 4067 1511 4123 columba
1530 4065 1609 4122 dabit
1625 4065 1677 4122 tibi
1704 4070 1895 4138 unguentum,

149 4152 487 4226 quodsodalisipsorum
516 4151 654 4224 relinquit
670 4151 909 4224 saeculumquod
928 4167 994 4207 cum
1014 4152 1080 4214 Det
1117 4157 1220 4213 vulnus
1247 4160 1331 4212 tuum
1370 4159 1472 4227 terget.
1503 4153 1584 4209 Nunc
1607 4169 1694 4225 sorge
1724 4157 1752 4210 et
1778 4151 1840 4209 vive
1865 4152 1897 4208 in

148 4241 221 4314 ipsis
246 4241 394 4315 portabatl
416 4241 536 4313 Respice
561 4240 639 4314 quod
653 4239 684 4296 iu
713 4240 796 4295 oculo
819 4239 940 4295 virentis
965 4239 996 4296 in
1051 4247 1221 4304 aternitatis.

152 4345 256 4403 magno
274 4330 371 4386 studio
394 4329 531 4404 praevisus
557 4346 596 4399 es,
628 4330 701 4386 sicut
726 4328 895 4385 mitissimus
915 4334 998 4402 pater
1333 4331 1500 4388 uersuum
1519 4331 1603 4387 CXXI.

151 4434 233 4474 ovem
248 4432 331 4475 suam
361 4417 490 4490 requirit.
512 4417 586 4474 Socii
610 4418 660 4491 qui
688 4417 717 4473 in
747 4417 897 4474 latitudine
911 4418 996 4474 otiosi
1137 4441 1162 4480 τ,
1184 4437 1343 4478 caracara.
1367 4436 1511 4477 amanrcrr
1539 4437 1575 4475 aa
1594 4435 1807 4476 aranraranarr.

150 4507 261 4573 sedent,
283 4511 414 4562 mutuam
437 4522 538 4580 pacem
565 4506 688 4575 babent;
703 4505 874 4562 fortissimus
900 4511 996 4564 autem
1050 4515 1136 4586 optat
1157 4511 1219 4583 ejece
1239 4507 1390 4584 prasentia
1415 4506 1531 4580 perfrui
1550 4513 1601 4563 eut
1624 4509 1729 4588 cottam
1743 4505 1835 4579 ipsius
1848 4505 1895 4562 tit·

151 4595 234 4652 miles
261 4595 292 4651 in
319 4595 432 4668 magnis
450 4595 614 4652 turbinibus
642 4600 693 4651 cst.
709 4596 757 4652 Sta
775 4595 805 4650 in
819 4596 865 4651 via
880 4596 994 4651 rectito-
1277 4579 1346 4636 lm}
1358 4579 1392 4637 *Ἦ
1410 4581 1466 4636 1)θο
1480 4579 1670 4636 ⁶⁰W⁰⁶⁰Wb

152 4683 237 4753 dinis,
256 4689 285 4740 et
313 4699 443 4756 praepara
475 4685 602 4740 animam
629 4690 708 4739 tuem
734 4683 770 4739 ad
805 4684 995 4756 pugnandum
1087 4686 1213 4744 [lomina
1239 4683 1429 4740 serenissimae
1458 4700 1490 4738 ac
1518 4699 1585 4738 vere
1613 4683 1704 4740 beatas
1728 4682 1765 4738 Η.
1790 4681 1894 4752 Spiritu

151 4790 216 4830 cum
231 4773 288 4830 illis
313 4773 364 4847 qui
387 4789 501 4847 semper
525 4773 650 4829 militant
677 4773 707 4828 in
734 4773 880 4846 legatione
908 4774 994 4845 regis.
1050 4777 1155 4834 divine
1169 4773 1288 4831 visionis
1304 4772 1456 4840 decorare,
1483 4772 1690 4828 monachorum
1706 4773 1736 4828 S.
1751 4769 1895 4826 Benedicti

151 4863 221 4919 Vide
243 4862 311 4934 quia
336 4862 361 4916 si
389 4861 505 4934 aliquod
530 4863 646 4918 volatile
673 4862 847 4918 crabronum
872 4879 889 4918 a
912 4862 996 4918 sociis
1049 4862 1177 4931 infimus,
1204 4858 1337 4933 quemvis
1363 4857 1500 4931 indignus
1540 4857 1685 4924 sacerdos,
1716 4858 1760 4924 T,
1789 4857 1896 4912 devota

151 4952 211 5007 suis
226 4951 382 5018 recederet,
398 4954 428 5007 et
436 4951 466 5007 in
489 4951 579 5006 altum
604 4949 759 5022 respiciens
783 4951 819 5006 sd
833 4950 923 5006 solem
949 4968 997 5006 vo-
1049 4950 1197 5008 servitium
1222 4945 1393 5004 obedientie
1420 4961 1486 5002 cum
1513 4945 1595 5002 omni
1627 4945 1799 5002 humilitatis
1830 4946 1895 5002 sub·

151 5045 211 5096 tare
236 5039 386 5112 inciperet,
416 5039 510 5095 omnis
532 5039 617 5094 turba
645 5054 809 5094 muscarum
828 5038 995 5094 imoerctin
1047 5039 1181 5114 jectione.

150 5128 233 5195 illud,
246 5130 343 5184 volens
362 5127 458 5200 ipsum
470 5127 651 5200 opprimere3
674 5126 724 5183 sed
738 5128 780 5183 sol
800 5132 911 5199 tegeret
923 5127 995 5183 illud
1086 5125 1141 5194 Qui
1156 5123 1345 5196 confidentia
1373 5121 1493 5179 Domino
1507 5123 1668 5198 iotetttpeut
1688 5123 1848 5192 aarum,
1871 5127 1896 5180 et

151 5216 263 5272 lumine
282 5231 344 5283 suo,
374 5231 411 5271 ne
435 5215 530 5288 ipsum
559 5215 634 5271 ultra
656 5214 797 5282 viderent,
813 5219 842 5270 et
855 5213 896 5270 sic
915 5215 996 5271 autu·
1045 5211 1192 5286 fidelesio
1214 5209 1375 5279 dilectione,
1392 5213 1445 5265 eto.
1461 5208 1544 5282 (Sap.
1560 5211 1613 5282 ur.)
1629 5213 1694 5267 Hec
1721 5217 1896 5268 sacrosancta

152 5309 242 5376 geret.
265 5305 345 5360 Touo
372 5303 467 5360 omnis
499 5303 584 5359 turba
604 5304 654 5359 illa
688 5301 939 5374 scandalizaretur,
968 5309 998 5360 at
1050 5303 1125 5360 dicta
1139 5317 1238 5374 paros
1253 5315 1386 5370 supernae
1417 5298 1567 5370 sapientire
1582 5298 1659 5355 edita
1682 5299 1841 5355 multorum
1855 5313 1896 5352 ra-

152 5392 192 5448 sic
218 5391 289 5447 illud
316 5392 425 5464 probus
452 5391 535 5448 miles
561 5392 734 5449 efficeretur.
764 5393 840 5447 Deus
876 5404 995 5448 manum
1050 5389 1156 5447 latione
1175 5387 1301 5444 veridica
1313 5387 1344 5442 in
1371 5391 1400 5441 ts
1413 5385 1474 5442 lore
1501 5387 1624 5457 cognovi
1652 5393 1681 5442 at
1711 5387 1796 5443 credo
1823 5401 1896 5442 eom·

1045 1309 1073 1358 et
1093 1305 1242 1378 colloquio
1269 1310 1370 1361 vestrae
1398 1305 1566 1374 dulcedinis,
1596 1306 1668 1362 milri
1697 1307 1776 1362 omui
1798 1307 1898 1363 mellis
1982 1365 1983 1376 ,
