3984 6034
174 327 241 384 rtur
270 333 281 349 ⁴
913 325 940 381 S.
959 323 1196 383 eltutualtttls
1852 329 1862 382 -l
1873 327 1925 382 lua

173 463 270 536 ipsum
289 467 397 530 autem,
417 465 450 518 ut
467 461 509 517 eis
535 461 568 517 ln
588 461 711 518 nomino
730 461 882 518 sublimius
898 463 1060 530 locaret,it
1110 463 1153 520 34.
1170 464 1366 538 Cumqueper
1380 463 1499 538 trlginta
1511 480 1602 521 anuos
1622 465 1652 521 in
1668 465 1804 539 predicto
1823 471 1927 522 munte

175 551 303 626 quandiu
331 551 449 620 vireret,
477 564 628 623 nunquam
669 549 866 608 immutarent.
888 550 1021 622 Quapm-
1078 551 1272 608 Daulidaliter
1285 552 1427 622 servisset,
1455 557 1485 609 et
1512 553 1649 610 iratribus
1663 555 1722 610 suis
1735 571 1859 628 quaque
1872 571 1926 611 ne·

175 647 241 714 pter
261 641 296 696 de
314 640 392 695 bono
407 643 485 708 voto,
504 638 623 711 quodie
637 639 771 694 cordibus
786 640 846 694 suis
866 639 1021 708 habebant,
1077 639 1199 696 cessaria
1213 641 1361 710 praesentis
1380 641 1445 697 rite
1470 642 1505 696 ad
1533 643 1651 714 plenum
1666 643 1925 710 subministrasset,

175 745 229 800 per
242 730 383 801 plurimas
395 727 556 800 provincias
582 727 719 798 divulgati
734 733 811 796 sunt,
831 728 972 802 multique
987 729 1023 784 ad
1077 728 1143 799 plus
1155 729 1254 784 labore
1268 744 1354 800 quam
1371 729 1450 785 senio
1462 730 1524 801 jam
1545 729 1645 798 lessus,
1669 737 1810 802 aegrotare
1838 732 1928 804 coepit

177 835 227 874 eus
248 817 407 886 venientes,
436 819 464 871 ot
483 815 602 871 consilia
627 821 656 870 ot
680 815 788 871 auxilia
814 815 850 872 de
872 816 1024 872 animabus
1077 815 1228 887 quiarires
1242 817 1372 887 corporis
1387 817 1446 888 eju·
1462 817 1581 872 omuino
1596 817 1769 885 deiecerant,
1795 824 1823 875 et
1845 836 1925 888 mox,

178 906 238 962 suis
252 907 289 962 ab
299 905 341 961 sis
355 905 532 978 querebant.
548 904 603 960 Sed
620 911 650 960 et
674 904 805 975 plorimi,
829 904 881 976 qui
901 904 933 960 in
960 919 1025 976 pro-
1078 905 1238 961 convocatis
1260 904 1395 961 omnibus
1435 906 1582 976 iratribus,
1617 909 1729 963 Patrem
1762 907 1927 980 eisprcenu

178 993 271 1050 vincia
289 994 342 1050 bac
371 993 536 1059 manebant,
561 998 590 1048 et
609 992 660 1065 qui
681 991 712 1047 in
738 992 884 1048 vicinitate
911 993 1024 1064 praelati
1079 991 1210 1061 minavit,
1226 1007 1313 1064 quem
1328 993 1426 1062 edum,
1448 993 1516 1050 dnm
1532 995 1625 1050 adbuc
1645 995 1763 1064 viverat,
1785 997 1854 1051 tunc
1868 996 1927 1068 pri·

179 1082 297 1152 montis,
318 1083 400 1154 cujus
426 1080 550 1136 circulus
573 1081 677 1153 longus
703 1086 732 1136 et
757 1082 831 1136 lutus
861 1087 914 1151 est,
939 1081 1025 1153 positi
1079 1095 1159 1137 mum
1174 1081 1245 1152 ipsis
1259 1081 1434 1152 petentibus,
1454 1082 1593 1154 praeieuit,
1607 1083 1653 1138 cui
1675 1089 1704 1138 et
1722 1083 1829 1154 omnia,
1859 1101 1927 1156 ques

179 1178 272 1240 erant,
296 1174 414 1243 propter
443 1169 644 1225 suavissimum
673 1169 789 1225 odorem
821 1176 850 1225 et
876 1185 1025 1226 rumorem
1080 1169 1115 1224 ad
1128 1169 1262 1225 eumdem
1279 1170 1377 1226 locum
1394 1171 1586 1242 pertinebant,
1602 1173 1762 1240 commisit;
1788 1173 1928 1243 quoniam

179 1259 405 1314 conversationis
419 1274 530 1324 eorum,
541 1258 683 1330 quidquid
701 1259 737 1314 de
750 1259 865 1330 praediis
881 1259 958 1315 otda
982 1260 1024 1314 la·
1080 1256 1191 1313 inante
1209 1258 1359 1313 transactis
1385 1259 1574 1330 temporibus,
1600 1261 1712 1316 Patrem
1742 1277 1771 1316 se
1795 1262 1930 1333 proponi

180 1347 600 1419 cultatibusbaberepoterant,
612 1348 656 1402 rel
679 1347 735 1402 sibi
749 1363 898 1419 superasse
925 1363 1025 1421 spera-
1081 1351 1270 1413 recusauerat,
1290 1347 1358 1418 quia
1381 1348 1513 1403 eumdem
1543 1355 1672 1404 salictum
1694 1350 1724 1404 in
1742 1350 1877 1405 omnibus
1896 1355 1931 1404 ut

179 1438 370 1503 bant,sancto
395 1441 425 1490 et
447 1436 531 1491 beato
547 1435 683 1491 [lisibodo
706 1435 814 1506 ubsque
833 1436 914 1492 omni
939 1441 1027 1492 retra·
1083 1433 1193 1488 Patrem
1207 1449 1321 1504 semper
1334 1435 1424 1490 secuti
1454 1437 1574 1492 luerunt.
1596 1439 1691 1493 Sedet
1706 1438 1800 1493 locum
1826 1439 1929 1510 sepul-

180 1525 273 1581 ctione
301 1525 469 1591 offerebant,
507 1531 595 1598 atque
620 1525 732 1579 villulas
753 1526 783 1579 in
807 1524 927 1596 praelata
945 1525 1026 1594 silva,
1081 1527 1226 1578 turusuae
1240 1522 1282 1577 eis
1297 1523 1432 1589 ostendit,
1447 1530 1475 1580 et
1491 1541 1527 1580 na
1549 1525 1577 1580 iu
1606 1527 1756 1581 excellenti
1781 1527 1852 1591 loco,
1879 1531 1931 1581 sed

181 1614 234 1669 hac
247 1619 276 1669 et
289 1614 356 1668 illac
369 1613 405 1669 ad
419 1613 571 1669 utilitatem
586 1612 704 1669 illorum
715 1613 905 1669 edillcabant.
1082 1610 1111 1665 in
1128 1609 1231 1665 humili
1247 1610 1414 1666 umbraculo
1441 1613 1560 1667 oratorii
1575 1614 1628 1681 sui,
1649 1613 1680 1668 in
1696 1629 1754 1686 quo
1776 1615 1833 1670 tteo
1859 1615 1929 1668 soli·

215 1705 260 1759 33.
276 1700 506 1758 &nctusautem
531 1701 592 1766 boi,
620 1717 687 1756 cum
709 1701 769 1772 jam
785 1701 893 1758 ibidem
917 1702 1027 1758 diule-
1083 1698 1173 1753 tarius
1197 1698 1344 1766 servierat,
1369 1697 1465 1770 ipsum
1493 1701 1647 1773 sepelirent
1670 1702 1736 1774 (54),
1767 1702 1864 1758 eliusis
1883 1718 1931 1773 ga-

181 1791 318 1858 borasset,
343 1795 451 1845 etcum
467 1789 528 1861 jam
547 1789 653 1844 viribus
679 1791 810 1861 corporis
835 1807 896 1862 pres
929 1789 1027 1846 nimiis
1045 1753 1068 1812 Β
1085 1785 1380 1858 mitibusetlacrymis
1394 1787 1523 1860 rogabat.
1540 1787 1620 1854 Quod
1637 1789 1720 1845 itlisc
1739 1790 1781 1845 ita
1807 1791 1929 1862 implere

183 1878 329 1935 laboribus
350 1877 409 1952 iere
434 1878 592 1945 deiecisset,
624 1877 691 1933 liliis
731 1879 790 1933 auis
814 1879 973 1947 tremendo,
998 1879 1028 1935 in
1084 1873 1221 1930 llenduin
1237 1875 1349 1945 magnis
1374 1875 1524 1932 doloribus
1549 1876 1765 1950 promittebant.
1797 1879 1929 1934 [tolentes

181 1965 287 2038 spiritu
320 1964 465 2038 predixit,
489 1966 574 2037 ·qood
593 1964 632 2046 in
650 1965 815 2038 hujusmodi
838 1966 1030 2038 prosperitate
1084 1978 1210 2034 quoque,
1226 1964 1325 2018 omnia
1349 1963 1425 2019 bona
1439 1979 1527 2036 opere
1542 1971 1570 2020 el
1593 1965 1753 2022 doctrinam
1778 1967 1851 2038 ejus,
1867 1966 1928 2021 sin·

182 2058 212 2109 et
221 2053 374 2111 securitate
385 2058 418 2111 ut
432 2053 467 2108 ad
481 2065 596 2124 tempus
623 2054 686 2109 sine
709 2053 868 2108 offensione
895 2069 1031 2126 pervene-
1084 2050 1204 2123 gillatim
1224 2051 1463 2108 dinumerabant:
1502 2069 1535 2108 sc
1558 2069 1656 2110 amare
1678 2055 1854 2126 plangendo,
1875 2057 1928 2109 cla-

182 2146 258 2208 rent,
282 2155 396 2212 semper
422 2141 527 2197 durare
566 2157 627 2197 non
650 2146 783 2214 posseut;
812 2142 862 2197 sed
882 2143 988 2198 multas
1002 2147 1030 2198 et
1086 2139 1203 2195 ruebant
1218 2156 1224 2195 :
1239 2139 1302 2196 ileu
1316 2139 1389 2196 boul
1408 2141 1477 2213 quid
1501 2141 1556 2197 erit
1574 2142 1610 2198 de
1638 2141 1730 2212 nobis,
1745 2158 1813 2199 cum
1837 2143 1928 2198 tade-

183 2244 303 2302 magnes
324 2244 475 2300 pressuras
501 2234 531 2284 et
557 2228 759 2284 tribulationes
786 2229 899 2300 passuri
923 2238 1030 2296 esseut,
1085 2226 1228 2283 lensorem
1247 2243 1280 2283 ac
1307 2227 1518 2284 consolatorem
1540 2244 1695 2300 corporum
1719 2233 1748 2284 et
1766 2229 1928 2285 animarum

184 2315 406 2388 quiediabolus,
422 2331 508 2389 quem
532 2316 731 2388 inplurimam
744 2315 942 2373 contusionem
957 2316 1031 2373 bene
1085 2320 1245 2372 nostrarum
1275 2317 1429 2388 perdemus
1467 2317 1535 2389 (55).
1565 2318 1598 2372 Et
1628 2316 1873 2390 quemadmodum
1894 2317 1929 2372 si·

183 2403 308 2460 risendo
330 2405 436 2475 saepius
468 2404 645 2470 derisissent,
682 2404 714 2460 in
747 2420 852 2475 magna
886 2404 1030 2463 irrisione,
1085 2403 1160 2460 tiens
1182 2419 1281 2460 cerrus
1306 2404 1400 2461 lontes
1427 2421 1567 2478 aquarum
1591 2406 1744 2468 desiderat.
1766 2405 1806 2462 sic
1823 2411 1853 2461 et
1876 2405 1931 2476 ipsi

184 2507 273 2564 quam
285 2493 316 2547 in
332 2493 439 2564 populo
457 2508 487 2549 se
506 2491 599 2548 lacere
616 2492 817 2560 contendebat,
843 2509 893 2548 eos
917 2508 1031 2565 quoque
1086 2509 1153 2550 sum
1167 2493 1275 2550 diutius
1302 2493 1409 2550 babere
1431 2493 1642 2563 desiderabant,
1668 2494 1746 2567 quod
1770 2493 1852 2566 prius
1871 2509 1931 2564 prae

184 2587 213 2636 et
228 2585 357 2652 posteros
378 2582 506 2652 ipsorum
521 2586 689 2653 perturbare
715 2581 840 2637 maximo
866 2581 959 2638 studio
987 2582 1032 2636 la·
1085 2581 1203 2654 gaudio,
1217 2581 1369 2654 quodcum
1386 2597 1421 2637 eo
1433 2583 1600 2655 frequenter
1612 2581 1769 2654 habebant,
1795 2582 1932 2638 cordibus

184 2668 308 2725 hereret.
330 2673 464 2725 attamen
487 2685 537 2724 eoa
563 2670 611 2741 pie
638 2675 668 2724 et
700 2670 882 2724 abundanter
904 2669 1033 2725 consula·
1086 2668 1346 2740 suisiufigerenon
1361 2675 1501 2742 poteraut.

184 2758 280 2827 batur,
295 2760 394 2815 dicans
410 2775 447 2814 :s
474 2759 532 2830 ligo
556 2758 588 2813 in
608 2757 740 2830 suspiriis
754 2763 785 2814 et
807 2757 907 2814 dolore
935 2759 1032 2816 cordis
1122 2759 1165 2813 35.
1179 2756 1308 2828 Denique
1326 2757 1543 2830 ingravescente
1565 2758 1677 2828 dolore,
1693 2759 1803 2822 iterum
1825 2774 1931 2814 cuneo·

185 2843 254 2916 mei,
270 2862 336 2903 cum
366 2863 472 2920 magno
501 2847 644 2903 desiderio
667 2847 805 2903 hacteuus
829 2847 968 2915 laborari,
994 2865 1032 2904 na
1085 2845 1156 2901 catis
1169 2845 1316 2915 trabibus,
1328 2861 1412 2902 suum
1437 2843 1526 2901 finem
1555 2845 1672 2910 instare,
1699 2851 1733 2902 ut
1758 2847 1867 2918 potuit,
1891 2847 1932 2902 eis

185 2934 403 2991 tribulationem
429 2938 562 3002 rastrum,
579 2934 785 3007 quandiuriuo
799 2933 896 2990 inboc
915 2936 1031 3003 secuto,
1086 2932 1231 3001 innotuit;
1259 2937 1289 2988 et
1318 2938 1384 3006 post
1417 2935 1523 2991 multos
1546 2934 1668 3002 labores,
1682 2940 1747 3006 post
1767 2935 1931 3007 multasque

186 3022 310 3093 uideam,
329 3024 407 3095 qood
430 3022 519 3078 etiam
549 3024 590 3078 sic
612 3021 676 3077 lieri
709 3023 740 3077 in
765 3021 887 3078 Domino
907 3022 1030 3078 conlido.
1051 3021 1295 3102 ctribuletiones,
1319 3023 1494 3094 octogesimo
1525 3023 1620 3097 primo
1645 3024 1737 3079 etatis
1758 3039 1818 3079 sum
1843 3040 1930 3090 anno,

187 3111 364 3168 vosautem
387 3113 488 3167 scitote
512 3111 591 3183 quod
619 3117 684 3183 post
707 3109 819 3166 obitum
848 3124 956 3178 meum,
981 3112 1032 3182 quii
1086 3111 1262 3168 octasoldus
1283 3110 1361 3179 tulii,
1376 3111 1532 3169 terminum
1561 3112 1627 3168 vitm
1642 3111 1792 3184 presentis
1810 3113 1929 3183 accepit.

186 3199 272 3255 citius
284 3198 404 3255 instabit
422 3197 572 3271 (quoniam
593 3199 668 3253 vires
692 3199 822 3270 corporis
843 3199 901 3254 mei
921 3200 983 3270 jam
1002 3199 1032 3254 in
1086 3198 1475 3271 Dominoqua,cuilldsliter
1494 3199 1640 3266 servierat,
1655 3199 1795 3271 Spiritum
1810 3199 1869 3254 illis
1884 3201 1932 3254 ad·

187 3287 303 3343 delectu
322 3287 400 3356 sunt)
423 3290 454 3341 et
490 3289 555 3358 poet
594 3285 805 3353 tribulationes,
831 3301 903 3358 quas
921 3287 1032 3358 passuri
1087 3287 1228 3343 stantibus
1238 3286 1372 3343 reddidit.
1389 3289 1451 3354 Quo
1468 3288 1622 3360 migrante,
1646 3288 1832 3342 suavissimus
1860 3287 1932 3342 odor

187 3374 265 3441 estis,
296 3373 452 3429 norissima
476 3379 609 3446 tempora
627 3379 721 3429 restra
745 3374 892 3446 prioribus
912 3374 1033 3431 meliora
1088 3373 1217 3442 balsami,
1234 3374 1572 3446 etrelutodormyrrbre
1586 3379 1615 3430 et
1635 3373 1729 3430 thuris
1747 3389 1781 3429 ae
1799 3374 1929 3428 omnium

187 3469 218 3518 et
231 3463 578 3535 prosperioraerunt3ita
598 3465 677 3537 quod
695 3464 726 3518 in
740 3464 875 3521 omnibus
902 3481 1033 3521 necessa·
1088 3466 1259 3528 aromatum,
1284 3461 1381 3516 statim
1401 3461 1570 3517 subsecutus
1592 3467 1646 3529 est,
1663 3477 1696 3516 ec
1714 3461 1932 3533 plurimasigna

188 3552 239 3607 riis
257 3551 409 3609 animaret
431 3553 568 3626 corporis,
584 3560 654 3609 tunc
675 3554 809 3627 amplius,
824 3569 912 3626 quam
928 3569 975 3610 me
999 3554 1035 3610 si·
1087 3549 1211 3606 ibilacta
1233 3553 1309 3604 aunt.
1334 3551 1389 3604 Per
1408 3553 1498 3603 totam
1525 3553 1623 3604 autem
1649 3549 1828 3619 prouinciam
1853 3549 1932 3602 illam

189 3645 283 3708 vente,
300 3657 351 3696 sus
365 3641 621 3713 otpoeterisrestri
635 3641 854 3698 abundabitis.»
1087 3636 1310 3694 lamacitissime
1323 3637 1468 3705 volabant,
1491 3637 1607 3692 beatum
1626 3636 1794 3692 Disibodurn
1815 3637 1851 3692 de
1881 3639 1932 3691 bac

224 3728 348 3793 330333
363 3729 528 3785 resbacum
557 3729 597 3784 illi
627 3729 784 3796 audissent,
805 3730 836 3785 in
854 3744 961 3801 magno
983 3730 1033 3784 du·
1089 3728 1147 3784 vita
1159 3728 1307 3799 migrasse,
1323 3727 1400 3782 unde
1415 3726 1540 3782 maxima
1552 3726 1706 3782 multitudo
1719 3727 1880 3794 bominum,
1897 3727 1932 3780 ad

77 3860 83 3868 .
189 3817 322 3872 lorecum
334 3817 468 3889 lacrymis
488 3818 673 3890 plangebant,
686 3818 824 3890 qouniam
839 3817 928 3873 anem
957 3817 1035 3872 illius
1089 3817 1239 3888 exsequias
1262 3817 1325 3886 ejus
1356 3830 1526 3886 properans,
1556 3815 1689 3886 cupiebat
1722 3819 1751 3870 et
1778 3815 1936 3886 sepulturae

189 3905 344 3960 imminere
358 3904 568 3978 intelligebant.
593 3907 736 3961 Etrumur
753 3906 806 3960 iste
834 3906 864 3961 in
892 3906 1036 3978 populum
1089 3906 1151 3978 ejus
1166 3905 1313 3978 interesse,
1336 3909 1365 3960 et
1391 3903 1484 3975 signa,
1508 3919 1573 3976 quas
1597 3905 1673 3960 Deus
1691 3903 1731 3958 ibi
1753 3901 1935 3972 iaciebat,ri·

189 3993 289 4059 exivit,
310 3995 472 4065 multosque
485 3995 520 4050 ad
537 3994 692 4050 ridendum
706 4010 772 4049 curn
797 3995 939 4063 excitarit,
958 3995 1035 4050 unde
1089 3995 1166 4049 dere.
1180 3992 1370 4049 Suarissimus
1391 3997 1487 4047 autem
1498 3991 1578 4055 udor,
1594 3993 1655 4064 qui,
1670 4008 1705 4046 eo
1720 3991 1872 4062 migrante,
1886 4008 1934 4060 ap·

189 4080 285 4150 ipsum
304 4082 468 4149 audierunt,
508 4087 538 4136 et
574 4099 603 4138 ee
631 4082 808 4136 orationibus
839 4089 869 4138 et
891 4083 1036 4139 sanctitati
1090 4086 1235 4154 paruerat,
1266 4096 1358 4151 usque
1392 4081 1426 4136 ad
1458 4080 1634 4136 tricesimum
1667 4078 1847 4151 migrationis
1873 4081 1934 4151 ejus

190 4167 253 4239 ejus
278 4170 566 4238 commendaverunt;
590 4170 695 4242 quibus
718 4170 778 4242 ipsc
802 4170 911 4226 monita
935 4171 1035 4226 salutis
1090 4170 1178 4238 diem,
1199 4170 1273 4225 circa
1296 4169 1460 4240 sepulcrum
1484 4169 1574 4241 ipsius
1603 4169 1734 4234 durabat,
1774 4167 1934 4240 inquibus

190 4258 219 4311 et
227 4257 314 4312 verba
326 4256 534 4314 benedictionis
547 4259 630 4325 dans,
644 4260 732 4314 etiam
746 4259 821 4314 lilios
846 4276 912 4315 sous
939 4263 978 4329 et:
992 4260 1034 4315 lo.
1090 4258 1178 4314 etiam
1191 4257 1291 4313 diebus
1306 4257 1438 4313 homines
1456 4263 1576 4329 septem,
1591 4275 1609 4311 a
1631 4257 1765 4328 malignis
1786 4257 1936 4328 spiritibus

190 4360 256 4400 uum
281 4345 335 4400 sibi
349 4346 460 4415 datum,
482 4347 524 4402 eis
547 4347 777 4414 commendabat,
810 4353 839 4404 et
864 4354 896 4404 ut
914 4349 976 4404 haec
991 4354 1035 4405 et·
1056 4339 1077 4393 D
1091 4343 1209 4412 obsessi,
1219 4343 1336 4414 triginta
1347 4359 1462 4416 quoque
1473 4343 1567 4399 claudi
1583 4345 1725 4416 multique
1740 4345 1806 4400 caeci
1823 4349 1852 4399 et
1869 4361 1936 4399 sur-

190 4431 299 4488 tentius
308 4433 443 4490 cordibus
468 4434 529 4490 suis
552 4436 719 4506 infigerent,
739 4437 827 4491 linem
841 4436 929 4492 auam
950 4453 1035 4492 suum
1091 4432 1131 4500 di,
1147 4437 1234 4504 atqua
1253 4431 1304 4487 alii
1327 4431 1544 4504 quamplurimi,
1575 4434 1660 4488 variis
1687 4433 1876 4504 languoribus
1899 4434 1936 4488 la·

190 4523 305 4590 adesse,
325 4539 373 4578 eos
401 4539 461 4579 non
481 4524 600 4580 celabat.
626 4526 704 4581 Tunc
727 4525 768 4581 illi
793 4525 949 4581 terminum
973 4526 1038 4581 ritae
1092 4521 1184 4592 ugati,
1210 4523 1372 4593 sepulcrum
1390 4520 1451 4592 ejus
1469 4525 1631 4591 tangentes,
1657 4536 1709 4593 per
1733 4522 1856 4592 gratiam
1888 4523 1936 4577 liei

192 4612 361 4684 ejusadssse
376 4611 534 4677 audientes,
549 4613 665 4685 lugubri
679 4629 748 4668 voce
775 4613 915 4684 plurimos
942 4613 1037 4685 gemi-
1091 4609 1232 4666 veraciter
1250 4609 1340 4664 sanati
1357 4614 1435 4666 sunt.

192 4707 237 4758 tus
251 4703 403 4769 dederunt,
418 4705 447 4758 et
461 4702 555 4774 quoad
576 4703 656 4771 vixit,
671 4717 738 4756 euru
761 4704 845 4758 solito
860 4701 1038 4773 frequentius
1127 4698 1171 4754 36.
1194 4699 1226 4754 lit
1240 4698 1377 4769 quoniam
1388 4699 1449 4753 brec
1478 4697 1592 4768 singula
1607 4697 1698 4753 multa
1717 4703 1810 4764 erant,
1826 4703 1855 4753 et
1871 4701 1937 4770 quia

192 4791 354 4847 visitabant.
372 4791 452 4846 Unde
474 4796 572 4847 autem
587 4792 674 4846 boam
692 4805 777 4846 suum
802 4791 897 4857 sciret,
926 4790 1037 4846 nemini
1092 4785 1223 4842 homines
1237 4786 1376 4857 temporis
1395 4786 1473 4841 illius
1488 4785 1570 4858 signe
1585 4803 1637 4858 pro
1652 4786 1862 4841 consuetudine
1889 4787 1937 4842 ba-

192 4878 318 4951 aperuit,
332 4878 455 4949 exceptis
470 4878 643 4951 quibusdem
669 4879 767 4949 paucis
783 4883 812 4934 et
834 4877 976 4949 religiosis
1001 4878 1039 4932 ri·
1092 4875 1209 4944 bebant,
1238 4874 1374 4931 cordibus
1407 4875 1466 4930 suis
1492 4875 1661 4931 insolentius
1686 4873 1846 4946 infigebant
1870 4877 1937 4944 (56).

194 4967 246 5034 ris,
261 4965 313 5038 qui
328 4967 389 5022 lere
407 4966 506 5022 omnia
519 4971 628 5022 secreta
646 4966 737 5038 ipsius
755 4969 904 5033 noverant,
932 4967 1038 5038 quibus
1091 4967 1127 5020 At
1138 4965 1262 5037 pupulus
1278 4963 1326 5019 ille
1347 4978 1477 5030 cernens,
1492 4962 1629 5019 dicebat:
1652 4985 1662 5013 ι
1695 4965 1771 5018 [teus
1794 4963 1889 5034 major
1903 4963 1938 5018 si·

192 5060 222 5110 et
242 5054 362 5122 dixerat,
384 5055 464 5126 quud
487 5060 517 5110 et
530 5056 662 5126 angelica
679 5053 841 5110 ostensione
870 5053 898 5109 ei
921 5054 1038 5110 manile·
1091 5067 1149 5124 gna
1171 5057 1202 5108 ct
1217 5053 1301 5124 plura
1318 5051 1457 5107 miracula
1492 5055 1556 5124 post
1582 5055 1704 5107 mortem
1737 5051 1813 5106 baeti
1840 5051 1937 5123 hujus,

193 5144 340 5211 statuerit,
360 5148 389 5199 et
414 5141 470 5198 boc
488 5148 606 5198 ceteros
621 5143 732 5209 celarit,
755 5141 806 5214 qui
821 5148 922 5198 cuncta
950 5159 1039 5214 opera
1092 5156 1179 5212 quam
1194 5156 1228 5196 eo
1243 5140 1365 5204 virente,
1381 5139 1464 5196 nobis
1485 5139 1627 5206 ostendit3
1651 5145 1829 5210 quapropter
1849 5139 1937 5194 atiani

193 5232 406 5301 masselacus
433 5232 572 5304 perirent,
600 5236 741 5304 quantum
763 5231 858 5304 potuit
877 5232 1035 5289 abscondit.
1091 5229 1274 5298 confidimus,
1289 5228 1366 5302 quod
1380 5244 1432 5300 per
1447 5228 1550 5284 merita
1564 5227 1654 5300 ipsius
1667 5228 1703 5283 ab
1716 5227 1853 5284 omnibus
1884 5244 1936 5299 pe-

229 5357 286 5426 (5l)
301 5355 576 5413 Horumrerborum
598 5371 714 5412 mosum
729 5357 770 5411 sic
792 5358 892 5413 retulit
902 5358 963 5428 jam
992 5357 1035 5412 di·
1127 5353 1183 5426 (56)
1205 5355 1271 5410 Vult
1287 5354 1393 5421 dicere,
1430 5352 1544 5425 opinor,
1575 5357 1633 5406 tam
1663 5351 1826 5424 trequentie
1850 5351 1937 5408 luisse

193 5433 239 5483 cta
263 5429 368 5484 tabella
388 5428 439 5483 uri
465 5427 573 5484 incisa:
601 5428 667 5483 «ln
683 5426 786 5484 humili
815 5430 876 5484 locu
904 5427 1036 5494 oratorii,
1091 5425 1240 5488 miracula,
1265 5429 1298 5480 ut
1331 5424 1367 5479 iis
1391 5423 1561 5480 insolentius
1589 5424 1765 5480 exsultarent
1792 5422 1936 5482 homines.

195 5497 242 5552 ulii
259 5499 317 5552 [leo
332 5497 476 5554 solitarius
486 5498 599 5565 servivi,
609 5498 726 5570 sepelite
742 5515 797 5554 mc.
813 5519 827 5551 s
1090 5513 1125 5551 aa
1146 5512 1181 5550 ua
1196 5494 1300 5551 sensim
1318 5493 1536 5566 vilipenderant,
1557 5501 1631 5550 ulex
1655 5493 1844 5567 sequentibus
1870 5501 1936 5550 saus

230 5569 285 5648 (55)
311 5568 369 5648 ista
391 5574 488 5624 autem
515 5569 556 5624 sic
584 5571 693 5624 reddita
714 5575 804 5624 siant:
840 5590 853 5620 s
885 5570 907 5624 0
933 5569 1033 5625 Pater!
1090 5513 1244 5637 colligitur.

194 5639 264 5710 quid
276 5641 340 5707 erit,
353 5654 418 5693 cunr
432 5644 614 5710 tepastorem
626 5641 821 5713 perdemuslr
