3984 6034
79 163 148 217 9⁴2⁰
396 160 503 221 treats
523 159 680 221 ostillon.
701 163 808 221 OPER.
829 160 1000 221 sluetlcls
1019 160 1176 221 flohlltls.
1188 162 1319 222 -PARS
1337 163 1373 234 ll,
1395 162 1489 223 vrslo
1508 165 1540 221 ll.
1789 168 1843 225 9³0

78 297 174 369 prius
194 301 287 378 eraut,
303 296 354 352 hos
368 297 551 368 postmodum
575 298 667 370 gratia
685 297 810 369 Spiritus
832 298 932 364 sancti,
951 303 976 355 A
988 298 1116 371 undique
1137 299 1168 355 in
1188 298 1273 356 laude
1289 300 1340 356 liei
1360 300 1504 358 volabant.
1533 302 1565 357 lit
1579 300 1667 359 etiam
1692 303 1841 361 habebant

79 400 159 441 cum
188 390 285 440 aratro
310 384 380 441 fidei
394 390 509 440 evertat.
527 386 580 440 lios
602 386 689 441 etiem
706 391 813 441 terram
842 388 942 441 viven—
995 388 1222 463 leudemuilllam
1237 405 1300 461 que
1321 404 1354 445 ex
1378 396 1522 462 praecepto
1539 390 1589 446 liei
1618 392 1724 464 scripte
1742 398 1793 461 est,
1814 398 1842 449 et

79 473 166 541 tium
190 476 284 545 perat,
313 488 379 544 quse
403 473 483 527 omni
497 472 644 528 fructifera
658 473 803 529 viriditate
824 475 941 542 florens,
995 478 1170 549 quambene
1195 494 1248 550 per
1267 482 1412 533 creaturas
1427 478 1584 546 constituit,
1602 478 1670 549 quia
1690 480 1763 535 sicut
1785 496 1842 537 εω-

79 562 211 630 plenum
225 562 350 617 fructum
365 561 484 633 profert,
500 561 573 617 sicut
586 567 615 617 et
627 563 775 634 prophetae
794 563 940 635 Virginem
993 565 1074 621 lestis
1095 566 1253 621 Jerusalem
1276 582 1308 621 cx
1330 565 1469 636 impolitis
1487 566 1632 637 lapidibus
1646 566 1739 639 quiin
1755 574 1842 624 terre·

80 651 196 707 Filium
225 650 277 706 liei
313 650 472 721 parituram
496 650 638 720 dicebant,
659 651 711 722 qui
733 656 841 707 terram
877 652 942 707 dor·
994 655 1039 710 nis
1045 655 1180 727 jacebant
1193 654 1329 726 primitiis
1340 655 1459 710 fundata
1472 655 1577 721 existit,
1589 657 1629 711 ita
1640 661 1668 711 et
1680 664 1761 713 vetris
1785 658 1842 726 lex,

81 740 230 795 mientem
259 743 353 794 aratro
368 754 445 794 verm
467 738 535 795 fidei
550 740 581 794 in
608 740 713 794 sanctis
731 740 790 795 suis
812 740 939 806 suscitat,
994 744 1135 815 spiritulia
1149 744 1180 800 in
1205 761 1235 800 se
1259 746 1415 811 occultans,
1434 746 1552 801 tandem
1574 746 1716 818 spiritalia
1739 747 1843 803 inteili-

79 828 133 883 ita
149 834 181 883 ut
196 826 253 899 ipsi
266 827 359 883 fluens
373 844 449 900 aqua
464 828 625 885 derivante
641 844 715 900 aquia
730 827 855 901 Spiritus
877 846 941 885 san·
994 848 1062 904 gere
1078 832 1197 905 incaepit
1211 850 1263 906 per
1278 848 1344 905 que
1359 833 1435 888 muri
1450 834 1578 905 ejusdem
1594 834 1715 905 civitatis
1743 840 1841 906 postea

80 918 129 972 cti
156 918 256 972 fluant.
286 920 378 989 Atque
399 916 454 972 hoc
482 916 523 972 ita
543 917 575 972 in
601 922 746 989 precepto
767 918 817 973 Dei
834 918 940 974 factum
993 921 1217 978 edificabantur.
1251 922 1411 979 cantabant
1448 938 1564 995 quoque
1587 924 1730 979 canticum
1753 925 1839 997 Moysi

82 1010 146 1075 est,
174 1009 207 1060 ut
226 1007 301 1061 Deus
320 1005 422 1061 voluit.
438 1027 449 1055 r
465 1006 500 1061 Et
513 1006 625 1062 vocavit
638 1007 713 1061 Dens
740 1006 852 1061 aridem
881 1013 939 1062 ter·
992 1010 1023 1065 iu
1039 1010 1226 1067 similitudine
1241 1010 1375 1079 cantoris,
1390 1011 1441 1083 qui
1454 1011 1608 1083 prasentia
1622 1016 1650 1067 et
1663 1013 1761 1067 futura
1775 1029 1840 1068 cau-

81 1110 165 1162 ram,
182 1093 477 1165 congregationesque
505 1109 646 1165 aquarum
672 1090 827 1165 appellauit
849 1094 941 1149 meria
991 1102 1042 1166 tet,
1059 1115 1125 1172 qum
1139 1104 1236 1156 tamen
1251 1098 1422 1171 eiignotaet
1435 1099 1616 1166 alienarunt,
1627 1103 1747 1171 excepto
1759 1101 1837 1171 quod

81 1184 176 1248 (Gen.
192 1183 224 1254 r).
243 1203 254 1231 ι
272 1182 374 1253 ltaque
398 1182 474 1237 Deus
488 1182 574 1237 lsrael
597 1183 751 1238 Ecclesiam
766 1182 939 1254 promissam
992 1191 1106 1243 tentum
1129 1188 1164 1243 ad
1189 1188 1252 1259 ipsa
1274 1187 1407 1259 suspiret,
1425 1187 1497 1242 sicut
1520 1192 1549 1242 et
1573 1188 1682 1259 lloyses
1696 1204 1762 1243 cum
1789 1203 1838 1243 ve·

80 1275 199 1325 terram
216 1269 456 1327 fluentemlacet
480 1272 536 1326 mel
552 1271 883 1343 nominavit,quieipsa
911 1275 940 1326 et
991 1277 1046 1331 teri
1061 1276 1123 1348 lege
1140 1278 1222 1349 quasi
1236 1292 1290 1331 vox
1304 1281 1374 1345 eret,
1390 1277 1421 1331 in
1433 1293 1489 1347 que
1500 1276 1636 1342 Verbum,
1659 1276 1767 1332 scilicet
1789 1277 1841 1333 hn-

81 1359 211 1415 dulcedo
239 1363 268 1412 et
285 1360 392 1413 candor
419 1360 542 1415 coelestis
567 1360 650 1430 regni
668 1364 722 1426 est,
741 1374 807 1415 cum
831 1360 886 1415 lide
911 1364 939 1415 et
992 1365 1393 1433 manitesSalvutorislalnit,
1424 1366 1474 1435 qni
1499 1364 1839 1437 scilicetlfoysesomnia

80 1448 271 1503 confessione
294 1448 343 1503 nei
370 1447 461 1502 Patris
479 1448 510 1502 in
526 1448 687 1503 Christiano
702 1449 808 1520 populo
822 1448 937 1517 effulsit,
992 1454 1137 1509 mirabilia
1162 1454 1369 1509 incarnationis
1384 1454 1514 1523 ejusdem
1530 1452 1594 1508 Filii
1609 1454 1658 1509 liei
1672 1452 1839 1526 significan-

82 1537 131 1591 ita
145 1542 178 1590 ut
199 1535 276 1591 idem
291 1536 416 1608 populus
445 1537 534 1591 licum
551 1536 661 1591 iuvere
684 1537 937 1609 Trinitate,quam
991 1548 1035 1597 ter
1054 1542 1177 1614 scripsit,
1203 1542 1447 1614 quemadmodum
1465 1543 1539 1597 Deus
1564 1543 1752 1598 enmdocuit.
1781 1544 1836 1614 lpsi

78 1624 179 1678 Judoei
194 1623 343 1695 percipere
358 1625 525 1694 noluerunt,
540 1626 735 1680 confiteretur.
767 1626 823 1680 ista
849 1627 936 1681 etiam
993 1629 1081 1685 ctiam
1090 1630 1242 1686 cantabant
1255 1630 1398 1686 canticum
1417 1629 1500 1701 agni,
1520 1631 1595 1702 quod
1611 1630 1755 1686 inordina
1780 1633 1838 1686 vir·

80 1711 211 1765 Ecclesia
226 1713 263 1767 ab
278 1712 370 1784 aquis,
386 1714 494 1768 scilicet
510 1714 842 1785 apostolis,congregata
858 1731 937 1770 mare
992 1718 1093 1787 pinum
1107 1724 1159 1788 est,
1177 1734 1242 1790 quoe
1264 1722 1378 1790 egnum
1393 1718 1445 1774 Dei
1459 1719 1487 1773 in
1500 1718 1558 1775 fide
1579 1718 1694 1785 hebent,
1719 1720 1839 1790 despon-

79 1801 266 1869 nominatur,
283 1802 352 1872 quie
366 1801 527 1857 inimicitia
542 1802 688 1857 diabolicus
709 1818 814 1874 pugne
838 1807 937 1859 contre
991 1806 1131 1861 sationem
1147 1808 1242 1862 carnis
1257 1812 1472 1878 postponentes,
1488 1822 1613 1879 eumque
1629 1808 1658 1861 in
1684 1807 1838 1864 dilectione

80 1890 202 1943 aninvas
230 1894 258 1944 et
288 1895 470 1962 tempestates
500 1890 643 1945 malorum
663 1889 889 1947 Christianorum
908 1896 938 1947 et
991 1895 1136 1951 intuentes
1151 1896 1231 1951 velut
1244 1896 1340 1967 ipsum
1358 1900 1529 1967 praesentem
1546 1896 1682 1966 habeant,
1697 1912 1785 1968 quem
1806 1898 1836 1951 iu

81 1993 269 2049 paganorum
298 1984 396 2033 contra
419 1994 540 2050 corpora
569 1979 599 2033 in
615 1980 727 2051 magnis
745 1980 881 2052 periculis
905 1980 935 2036 in
990 1998 1076 2037 carne
1100 1998 1159 2038 nou
1173 1983 1280 2039 vident.
1301 1983 1483 2054 Quapropter
1497 1987 1525 2037 et
1539 1982 1609 2053 ipsis
1628 1983 1712 2039 valde
1736 1984 1838 2055 jucun-

83 2066 242 2121 Ecclesiem
264 2066 415 2135 inundant,
443 2082 505 2121 eam
534 2068 698 2139 opprimere
724 2069 862 2137 volentes,
879 2069 935 2124 nisi
990 2072 1060 2127 dum
1090 2076 1134 2126 cst
1162 2070 1239 2144 quod
1268 2086 1381 2126 summo
1405 2070 1476 2141 Regi
1501 2071 1680 2141 desponsatae
1708 2076 1786 2141 sunt,
1808 2078 1837 2126 et

83 2156 165 2211 Deus
180 2171 229 2209 cos
242 2154 354 2222 liberet,
371 2156 421 2227 qui
446 2161 534 2210 nauta
558 2160 586 2210 et
606 2171 704 2211 remex
723 2172 841 2211 suorum
858 2173 934 2213 sem·
988 2160 1066 2232 qrrod
1081 2174 1146 2215 cum
1159 2160 1332 2231 jubilatione
1346 2161 1439 2215 laudis
1449 2159 1504 2231 ipsi
1517 2164 1642 2227 cuntant,
1661 2160 1731 2231 quia
1747 2160 1836 2216 etiam

81 2259 142 2312 per
160 2247 213 2311 est,
229 2243 408 2314 quianullus
423 2244 601 2300 Christianus
620 2244 764 2300 coelestem
777 2245 934 2302 Jerusalem
988 2248 1023 2303 ad
1039 2248 1161 2303 alienam
1181 2248 1268 2302 vitem
1286 2264 1351 2303 cnm
1376 2248 1499 2320 suspirio
1526 2248 1630 2303 enimse
1654 2264 1769 2320 semper
1787 2264 1835 2303 en·

82 2331 197 2386 intrare
216 2332 670 2403 potest,nisitcmpeslatesillas‚
687 2334 745 2388 lleo
770 2334 933 2403 adjuvante,
987 2336 1096 2405 halant,
1113 2341 1143 2391 et
1165 2352 1281 2391 omnem
1308 2336 1531 2392 sollicitudinem
1555 2352 1637 2393 suem
1667 2337 1724 2393 fico
1757 2354 1835 2393 com·

81 2420 296 2491 pertransierit.
314 2421 348 2475 Et
362 2421 484 2476 Ecclesia
499 2422 586 2475 etiem
599 2420 652 2475 hoc
671 2420 766 2493 ipsum
783 2436 863 2477 mare
879 2428 933 2490 est,
988 2425 1127 2480 mendant
1141 2440 1210 2479 voce
1221 2428 1249 2479 et
1263 2440 1349 2496 opere
1360 2440 1427 2479 eum
1439 2425 1598 2481 laudentes.

80 2509 164 2581 quod
178 2509 301 2564 ioannes
316 2510 501 2581 evangelista,
515 2514 548 2564 ut
570 2509 694 2564 vitreum
713 2526 793 2565 mare
816 2510 934 2567 mistum
987 2530 1065 2597 Quod
1084 2532 1183 2585 uim,
1210 2528 1356 2599 1300po
1384 2528 1479 2585 impar
1505 2530 1656 2601 cujusdam
1683 2534 1776 2599 imp,
1807 2533 1836 2587 ρ(

81 2614 155 2653 cum
184 2598 252 2668 igne
274 2598 355 2664 vidit,
372 2603 405 2653 nt
433 2598 463 2653 in
485 2598 657 2670 Apocalypsi
676 2598 768 2653 dicit:
787 2620 799 2649 s
815 2600 849 2655 lit
875 2599 934 2655 vidi
1024 2600 1144 2657 habam
1157 2600 1296 2656 uirentem
1310 2601 1341 2656 in
1350 2600 1539 2672 simplicitate
1549 2600 1679 2670 fidelium
1702 2602 1835 2673 porculo-

79 2690 226 2757 tanqoam
238 2702 318 2741 mare
332 2688 456 2742 vitreum
472 2688 588 2743 mistum
600 2686 753 2758 cumigne,
767 2692 796 2742 et
819 2704 868 2743 eos
882 2687 932 2759 qui
1022 2688 1098 2740 rums
1113 2676 1142 2727 εἰ
1157 2672 1235 2745 litim
1249 2672 1391 2743 Misera
1406 2675 1437 2727 ‘''2
1455 2672 1571 2728 ’'Obitfffl
1585 2671 1750 2743 mmmm
1769 2688 1834 2745 W·

78 2775 216 2831 vicerunt
242 2776 374 2843 bestiam,
389 2781 417 2831 et
436 2776 592 2849 imaginem
619 2776 709 2844 illius,
729 2780 758 2831 et
777 2792 932 2833 numerum
1013 2742 1836 2885 ζῖζᾜέἔοῗὲοοζίᾖᾞῖἷηθὶξὲἔέαἑᾜιιηαᾜζῐέῗ

80 2863 213 2920 nominis
232 2864 294 2934 ejus
309 2869 415 2919 stantes
429 2880 517 2936 supra
537 2880 617 2919 mare
632 2864 767 2933 vitreum,
793 2865 932 2921 habentes
951 2872 972 2927 c
1021 2887 1121 2940 „auva
1135 2884 1185 2951 ῆι,
1199 2884 1288 2940 311,oe
1301 2883 1341 2957 ¹⁸7²:
1352 2884 1398 2942 d„
1413 2884 1506 2953 ΜΟ,
1521 2881 1634 2940 ,cilicet
1646 2888 1676 2939 ,ῃ
1700 2883 1835 2939 clarem,

78 2952 216 3023 cytharas
248 2953 298 3008 lici
340 2957 367 3008 et
391 2958 539 3008 cantantes
564 2953 708 3008 canticum
747 2953 835 3026 lfoysi
858 2954 932 3009 servi
1021 2955 1148 3024 ejusdem
1157 2954 1240 3027 fidei.
1721 2956 1726 3025 Ι

80 3041 148 3110 Dei,
178 3046 208 3097 et
234 3042 379 3097 canticum
397 3042 486 3114 agni(
502 3045 593 3113 Apoc.
619 3042 699 3111 xv).»
721 3042 779 3097 lloc
802 3041 930 3097 conside·
1022 3041 1134 3097 lflflflll.
1162 3043 1224 3097 «Et
1245 3040 1317 3097 vidit
1340 3041 1415 3096 Deus
1438 3040 1514 3112 quod
1551 3044 1626 3096 esset
1649 3039 1769 3106 bonum,
1805 3044 1835 3096 et

78 3131 209 3186 randum
237 3130 277 3186 sic
306 3136 370 3186 est:
387 3132 444 3203 llgo
472 3130 518 3187 cui
533 3135 642 3186 secreta
658 3130 709 3186 llei
735 3130 932 3187 demonstrata
986 3130 1206 3187 eitrderminet
1234 3135 1310 3186 terra
1325 3129 1445 3185 herbam
1468 3128 1655 3201 virentemiet
1682 3129 1833 3185 facientem

78 3223 161 3287 suut,
187 3220 246 3275 vidi
269 3220 300 3275 in
338 3219 525 3275 interioribus
543 3219 633 3274 oculis
662 3218 816 3275 Ecclesiam
843 3236 931 3293 qrvem
985 3224 1135 3291 aemen,et
1150 3220 1264 3292 lignum
1286 3218 1458 3291 pomiferum
1474 3218 1581 3274 faciens
1609 3217 1735 3274 fructum
1751 3218 1862 3289 justa.

79 3309 161 3363 Deus
175 3308 210 3363 de
232 3307 380 3364 communi
403 3306 512 3379 populo
527 3307 693 3363 iudeorum
709 3312 738 3362 et
751 3323 931 3379 paganorum
985 3322 1077 3378 gentis
1093 3324 1190 3379 suum,
1204 3308 1286 3378 cujus
1296 3322 1395 3363 semen
1412 3306 1442 3362 in
1453 3306 1608 3378 semetipso
1621 3306 1659 3361 sit
1673 3322 1760 3378 super
1773 3311 1830 3360 ter·

75 3396 203 3464 vocavit,
219 3396 250 3451 in
266 3396 323 3451 fide
346 3412 460 3468 puram,
479 3411 531 3451 nec
547 3394 747 3451 nouemultis
772 3396 933 3452 tribulatio
983 3410 1057 3450 ram.
1071 3397 1106 3451 Et
1121 3397 1227 3451 fectum
1243 3400 1287 3451 est
1313 3396 1353 3451 ita
1370 3395 1452 3467 (Gen.
1469 3395 1529 3466 r).»
1559 3394 1663 3450 Vivens
1677 3398 1754 3451 terra
1778 3395 1831 3449 Ec·

75 3484 168 3539 nibus
179 3500 355 3553 concussam,
378 3484 427 3539 ubi
448 3484 547 3541 fideles
561 3500 614 3555 per
636 3483 775 3556 Spiritum
800 3488 931 3540 sanctum
984 3484 1071 3539 clesia
1092 3488 1144 3551 est,
1169 3485 1294 3540 fructum
1316 3482 1433 3555 justitias
1452 3499 1518 3538 cum
1533 3483 1663 3539 doctriua
1688 3484 1832 3555 apostolo·

75 3573 205 3641 accensi,
220 3574 317 3627 visum
342 3573 432 3628 Deum
461 3573 493 3627 in
515 3588 583 3627 vera
601 3572 657 3627 ilde
671 3571 881 3643 cognoscebant
903 3578 931 3629 ct
984 3587 1050 3627 rum
1064 3571 1189 3643 pariens,
1206 3571 1279 3627 sicut
1293 3572 1349 3643 ipsi
1361 3571 1430 3627 flliis
1444 3571 1503 3627 suis
1517 3571 1549 3626 in
1564 3570 1646 3626 initio
1662 3570 1832 3642 praedicave-

74 3660 286 3731 inspicisbent,
302 3661 371 3732 qnia
384 3660 457 3717 fides
477 3660 557 3717 velut
570 3661 673 3716 umbra
684 3660 847 3716 Divinitetis
875 3666 928 3729 est,
984 3665 1063 3726 runt,
1081 3662 1112 3714 ut
1125 3660 1207 3731 quasi
1220 3659 1310 3715 herbe
1324 3660 1355 3715 in
1368 3658 1513 3715 viriditate
1528 3662 1610 3713 rectu·
1631 3658 1697 3713 lidci
1727 3663 1831 3725 essent,

76 3764 171 3821 quam
187 3748 317 3803 mortalis
330 3749 417 3804 homo
441 3749 566 3820 perfecte
585 3747 683 3804 videre
704 3764 763 3803 non
778 3751 881 3818 potest.
897 3749 930 3804 lit
983 3764 1071 3821 quam
1094 3748 1124 3803 in
1149 3748 1259 3803 semine
1278 3747 1432 3803 verborum
1456 3747 1506 3802 Dei
1520 3748 1726 3819 percepissent,
1746 3753 1775 3802 et
1799 3752 1832 3802 ut

75 3837 186 3895 umbra
200 3836 323 3891 formam
339 3852 404 3908 quse
419 3854 477 3892 non
502 3838 615 3893 videtur
639 3836 828 3904 demonstret,
853 3836 930 3892 sicut
983 3837 1071 3893 etiam
1089 3836 1243 3893 fructiferae
1263 3836 1380 3892 arbores
1403 3836 1559 3891 secandum
1584 3837 1676 3907 legem
1707 3834 1756 3890 liei
1782 3835 1831 3891 lle-

75 3932 110 3983 et
122 3925 248 3981 circinus
259 3924 384 3981 formam
398 3925 526 3982 nondum
538 3926 692 3981 formatem
707 3925 811 3997 signat,
825 3924 930 3997 {qoem-
982 3929 1058 3994 rent,
1073 3924 1114 3980 ite
1124 3924 1197 3981 utin
1211 3923 1320 3979 semine
1335 3939 1435 3979 eorum
1451 3922 1657 3979 fornicationes
1672 3927 1702 3978 et
1721 3923 1831 3979 adulte·

77 4014 235 4070 admodum
259 4018 289 4069 et
314 4012 402 4069 Filius
426 4014 477 4070 liei
512 4014 645 4085 Philippo
673 4015 787 4070 Patrem
812 4012 928 4069 deside·
980 4012 1024 4068 ria
1038 4028 1097 4069 non
1109 4017 1354 4085 perpetrarentur,
1382 4012 1432 4068 sed
1447 4011 1477 4067 in
1492 4015 1572 4067 recte
1586 4011 1735 4067 nativitate
1754 4010 1829 4066 lilios

76 4101 157 4157 renti
179 4100 276 4157 videre
302 4101 381 4169 dicit,
410 4101 485 4173 quod
507 4102 556 4157 ille
583 4100 632 4173 qui
648 4102 726 4157 videt
738 4116 805 4157 eum
833 4101 929 4157 videat
982 4105 1190 4173 superterram
1204 4104 1349 4173 parerent.
1367 4100 1546 4158 «Effectum
1562 4104 1605 4156 est
1619 4100 1669 4168 ite,
1685 4121 1697 4150 s
1715 4100 1784 4173 quie
1800 4099 1830 4155 iu

76 4191 233 4246 ctPatrem
255 4204 339 4245 suum
365 4191 462 4256 [Joon.
488 4191 559 4261 xrs).
573 4191 676 4247 Sancta
689 4190 767 4246 enim
795 4188 929 4245 divinitas
947 4198 1055 4253 nsono
1082 4188 1280 4263 apostolorum
1302 4190 1389 4246 fldem
1416 4189 1542 4261 suscepit
1556 4188 1689 4259 Ecclesia,
1704 4193 1734 4245 et
1761 4186 1831 4244 uness

76 4280 111 4335 in
139 4278 318 4335 humanitate
341 4280 436 4348 latuit,
453 4284 482 4335 et
500 4295 553 4351 per
578 4278 738 4335 doctrinam
763 4294 821 4351 qua
834 4282 928 4334 totum
982 4296 1106 4353 queque
1127 4279 1292 4335 constitutio
1320 4278 1496 4351 populorum
1523 4282 1606 4334 recte
1629 4278 1688 4349 legi
1704 4276 1830 4349 subjecta

77 4368 221 4423 mundum
244 4368 445 4437 illustraverat,
461 4368 569 4424 mundo
590 4368 699 4436 illuxit3
714 4368 789 4423 sicut
810 4371 839 4422 et
853 4383 928 4439 aqua
981 4373 1067 4424 ests
1098 4370 1131 4424 Et
1151 4367 1273 4439 protulit
1293 4372 1371 4424 terra
1398 4367 1519 4423 herbam
1540 4366 1692 4434 virentem,
1717 4368 1747 4421 et
1760 4365 1828 4421 alfe-

76 4463 196 4523 terram,
213 4472 278 4529 qua
293 4458 371 4513 velut
391 4457 597 4531 corpusipsius
627 4461 680 4523 est,
695 4460 785 4511 totam
810 4456 927 4527 perfun-
981 4461 1094 4513 rentem
1121 4472 1221 4513 semen
1241 4456 1323 4527 juxte
1350 4470 1441 4528 genos
1468 4470 1564 4523 soum,
1586 4454 1758 4526 lignumque
1786 4452 1827 4507 fa-

75 4544 129 4614 dit,
152 4549 183 4600 et
208 4545 245 4599 ad
259 4546 447 4602 refectionem
466 4546 562 4602 omnis
585 4550 724 4601 creature
751 4544 927 4601 fructiferam
980 4546 1060 4602 ciens
1075 4544 1209 4613 fructum,
1238 4548 1268 4600 et
1287 4544 1396 4601 habens
1409 4542 1640 4617 unumquodque
1667 4546 1827 4597 sementem

75 4634 157 4700 facit;
195 4633 264 4705 qnia
289 4635 377 4691 etiam
395 4640 429 4692 ut
451 4638 525 4692 Dens
550 4650 568 4690 a
593 4634 755 4690 celestibus
779 4632 927 4704 spiritibus
980 4633 1139 4689 secundom
1163 4631 1290 4704 speciem
1318 4649 1409 4689 suam.
1423 4653 1437 4683 u
1453 4629 1587 4697 Ecclesia,
1601 4645 1665 4703 qnae
1686 4633 1730 4685 est
1752 4634 1829 4684 terra

75 4721 200 4791 videtur,
211 4720 252 4777 sic
270 4738 385 4794 quoque
400 4724 500 4792 voluit,
517 4726 548 4777 nt
570 4725 732 4778 ecreatara
755 4720 785 4776 in
799 4721 927 4776 humane
978 4722 1137 4777 viventium
1153 4721 1277 4777 fructum
1304 4720 1448 4777 bonomm
1474 4720 1613 4793 operum!
1628 4719 1659 4774 in
1683 4717 1828 4774 viriditate

76 4812 182 4863 nature
193 4810 417 4881 conspiceretur.
445 4811 499 4866 Sed
524 4815 553 4865 et
574 4809 640 4866 illos
665 4809 776 4865 attendi
799 4808 849 4881 qui
874 4824 926 4863 su·
979 4810 1048 4866 fidei
1070 4809 1200 4881 protulit,
1216 4813 1245 4864 et
1269 4809 1438 4865 afferentem
1466 4823 1566 4863 semen
1591 4806 1675 4863 Verbi
1705 4806 1767 4874 liei,
1798 4811 1827 4861 et

76 4902 251 4969 paraverunt
272 4898 424 4971 antiquum
437 4900 610 4971 serpentem,
627 4915 659 4953 ac
677 4898 808 4954 membra
833 4896 924 4969 ipsius
979 4899 1104 4953 fructum
1118 4898 1160 4955 ita
1174 4903 1206 4954 nt
1226 4898 1376 4954 etiamiilii
1399 4898 1474 4971 ejus,
1486 4896 1546 4953 sive
1570 4895 1672 4951 divites
1686 4894 1744 4950 sive
1758 4910 1828 4965 pau·

79 4989 108 5039 et
121 5000 277 5042 numerum
294 4987 418 5058 angelici
430 4987 571 5044 exercitus
590 4987 664 5059 ejus,
680 4986 819 5058 quonium
845 4986 925 5042 locus
978 5001 1072 5058 peres,
1088 4986 1147 5042 sive
1167 4985 1291 5057 majores
1305 4990 1376 5041 netu
1389 4985 1447 5041 slve
1476 4984 1613 5050 minores,
1629 4986 1739 5038 rectum
1757 4996 1825 5037 con-

77 5078 107 5128 at
136 5090 275 5131 numerus
307 5075 475 5131 eorumdem
493 5075 661 5131 cedentium
688 5074 844 5146 spirituum
869 5090 923 5146 per
975 5075 1091 5147 jugium
1119 5074 1276 5131 secundum
1291 5074 1397 5129 formes
1426 5089 1491 5130 suas
1515 5077 1656 5128 exercent.
1676 5094 1687 5122 ι
1704 5072 1739 5126 Et
1757 5069 1828 5126 vidit

77 5162 226 5219 hominem
250 5163 431 5236 implebitur,
455 5180 542 5237 quem
561 5162 694 5219 diabolos
719 5179 771 5235 per
786 5162 924 5244 invidiam
979 5165 1053 5219 Deos
1076 5162 1152 5235 quod
1169 5166 1242 5219 esset
1256 5163 1374 5221 bonum.
1388 5182 1403 5214 »
1433 5164 1467 5217 Et
1479 5161 1551 5216 illud
1578 5163 1644 5217 unte
1660 5161 1750 5217 Deum
1775 5159 1825 5214 bo-

77 5251 112 5306 de
137 5252 270 5322 paradiso
285 5252 454 5322 seduxerat;
478 5252 597 5320 attendi,
613 5252 743 5325 inquam,
767 5255 875 5308 stantes
892 5252 924 5309 in
976 5267 1050 5307 nvrm
1068 5254 1169 5307 erat·
1202 5251 1378 5323 Factumque
1401 5254 1444 5305 sst
1472 5264 1590 5319 vespere
1611 5254 1640 5303 et
1661 5264 1746 5304 mane
1766 5246 1826 5303 dies

77 5339 230 5397 altitudine
250 5341 393 5415 Ecclesia,
421 5342 492 5398 dum
511 5358 628 5398 carnem
654 5358 735 5397 suam
764 5342 923 5397 mortifica-
977 5340 1088 5396 tertius.
1107 5340 1209 5395 »Tunc
1223 5338 1326 5397 divisio
1347 5336 1505 5409 sparsionis
1530 5336 1684 5394 Christiani
1711 5336 1825 5409 populi,

76 5433 141 5485 rent
166 5444 233 5485 cum
259 5430 365 5487 sanctis
397 5430 543 5504 operibus,
570 5435 600 5487 et
620 5444 687 5487 cum
709 5428 800 5502 signis
818 5429 923 5503 quibos
977 5443 1044 5501 que
1060 5444 1094 5485 ex
1107 5428 1215 5501 preliis
1229 5426 1391 5485 infidelium
1421 5430 1449 5483 ct
1463 5424 1609 5483 doloribus
1624 5442 1697 5499 qnos
1714 5426 1740 5482 ei
1760 5441 1826 5498 pro·
