3984 6034
101 167 156 225 9Ιῖ
422 166 528 225 cissa
546 166 700 225 ululabit.
720 167 825 226 ΟΡΕΙΙ.
846 168 1018 229 sinanicis
1036 169 1227 229 uotiuis·
1237 169 1327 228 PARS
1346 171 1380 239 ΙΙ,
1403 171 1491 228 VISIO
1511 173 1543 228 V.
1797 174 1851 229 sis

101 297 201 350 autem
233 308 294 351 non
320 296 365 350 ast
380 293 490 350 dictum
512 296 589 368 quod
610 296 714 353 etatum
736 295 821 353 inane
845 301 874 353 et
902 300 991 354 ιιι-Α
1040 301 1234 369 predicatione
1259 300 1301 355 set
1328 304 1495 371 susceptione
1516 302 1656 373 baptismi,
1681 310 1707 361 et
1725 306 1854 377 anuqe·

101 399 188 438 cuum
209 386 295 453 esset,
315 382 370 438 hoc
384 381 450 438 ideo
470 388 514 440 est
525 384 593 456 quia
615 385 711 440 nullos
725 386 834 441 tructus
848 402 951 458 parare
1041 372 1083 439 ΙΙΙ,
1097 377 1122 427 tl
1138 376 1166 426 ΙΙΙ
1180 370 1233 442 Mt
1244 374 1389 427 Ttt'tlt'lsslt's
1402 375 1554 439 restittit&
1568 378 1616 429 tit·

102 471 236 527 debebat.
253 470 310 527 Sed
333 472 470 540 tenebrae,
498 488 563 544 quse
586 474 709 529 necdum
736 490 791 546 per
815 476 951 547 splendo-
1040 478 1130 533 XVIII.
1173 498 1187 529 u
1215 480 1248 533 ln
1281 479 1419 549 principio
1445 482 1547 534 assuit
1586 484 1655 537 Deus
1693 483 1791 539 castum
1828 490 1854 539 et

100 576 165 615 rem
185 559 302 615 lumInis
318 564 503 630 evanuerant,
524 561 662 633 quoniam
684 562 763 618 nulla
783 564 877 619 torma
895 564 952 620 iul·
1005 571 1106 623 terum
1128 567 1204 639 (Gen.
1227 566 1258 639 ι).
1284 586 1298 617 a
1321 568 1378 621 lloc
1397 567 1637 625 considerandum
1659 570 1699 626 sic
1726 576 1768 627 est
1790 588 1796 628 :
1821 574 1854 627 ln

101 648 241 715 minabat,
287 652 369 704 arant
410 664 498 720 super
533 649 636 705 taciem
680 651 785 724 abyssi,
818 651 953 708 videlicet
1005 654 1147 726 principio
1162 653 1327 725 iucipientis
1341 654 1488 725 temporis,
1516 670 1581 709 cum
1604 656 1678 712 Deus
1706 674 1758 730 per
1782 660 1854 713 Ver-

100 753 191 808 supsr
220 737 351 792 eamdem
385 736 580 794 indistinctam
609 739 807 796 contusionem
848 744 950 809 terrae3
1005 744 1076 798 bum
1100 758 1184 799 suum
1207 742 1304 798 omnia
1332 748 1452 811 crearet,
1481 742 1588 798 creavit
1613 746 1717 801 coelum
1742 750 1770 803 et
1798 753 1849 802 ter-

101 824 270 897 quceiacies
290 824 385 897 abyssi
410 830 464 893 est,
496 842 562 882 cum
585 826 635 883 illa
663 829 805 897 videatur,
832 819 952 902 abyssus
1005 846 1078 901 ram,
1095 830 1125 886 id
1144 836 1186 885 est
1203 831 1326 903 primam
1355 830 1517 901 materiam,
1542 830 1573 886 in
1597 848 1654 905 qua
1679 836 1773 890 omnis
1794 853 1853 891 cm-

101 930 172 969 vero
199 914 367 982 occultetur,
388 915 456 987 quia
478 919 564 972 terrae
588 916 734 988 abyssum,
759 917 833 973 sicut
847 934 952 989 corpus
1005 919 1084 975 lestis
1111 923 1138 975 ει
1163 919 1305 975 terrestris
1329 925 1458 975 creatura
1477 936 1532 993 per
1556 921 1681 977 Verbum
1710 924 1759 978 Dei
1785 940 1853 996 pro·

102 1000 232 1057 animum
245 1002 367 1073 obtegit,
382 1008 413 1057 ut
428 1018 488 1057 non
507 1002 647 1059 videatur.
667 1008 730 1061 «ni
750 1004 873 1076 Spirs'tas
900 1006 953 1065 Dei
1005 1022 1119 1063 cessura
1133 1006 1226 1062 latuit.
1253 1006 1392 1063 Similiter
1405 1009 1480 1062 Deus
1497 1007 1528 1061 in
1553 1007 1698 1063 creatione
1723 1011 1853 1065 Ecclesiae

99 1092 244 1157 serebatur
268 1106 354 1161 super
380 1106 467 1162 aquus
494 1092 589 1162 (ibid.)
612 1132 619 1147 .
645 1094 715 1148 Nam
744 1094 868 1166 Spiritus
901 1095 950 1151 uei
1005 1094 1082 1165 iecit,
1112 1098 1266 1167 antequam
1305 1112 1369 1151 eam
1405 1097 1595 1151 construeret.
1626 1098 1688 1167 lpse
1725 1098 1853 1171 iucoepit,

100 1178 228 1248 vitasset,
250 1184 279 1235 et
304 1179 361 1234 vita
384 1179 445 1234 haec
473 1196 562 1251 aquas
584 1182 621 1237 ad
650 1183 827 1238 manandum
850 1183 950 1249 movit,
1005 1184 1145 1255 incipiens
1168 1184 1199 1239 ln
1218 1182 1373 1256 principio,
1403 1182 1432 1238 id
1456 1188 1499 1237 est
1521 1183 1552 1239 in
1576 1183 1647 1239 Filio
1674 1198 1737 1249 suu,
1767 1197 1855 1254 quem

101 1272 246 1341 quatenus
271 1272 347 1323 terre
362 1284 414 1339 per
431 1268 495 1323 illas
517 1268 693 1338 firmaretur,
720 1287 756 1326 ne
768 1288 819 1343 per
833 1276 950 1327 ventum
1005 1287 1187 1344 percursam
1207 1275 1321 1343 portam
1343 1270 1474 1342 virginis,
1498 1270 1529 1325 in
1552 1272 1693 1327 clausura
1707 1270 1854 1343 pudicitiae

101 1356 182 1410 velut
204 1355 277 1410 ciuis
301 1360 494 1427 spargeretur,
524 1356 592 1428 quia
628 1362 660 1413 ut
686 1358 809 1430 Spiritus
836 1364 951 1415 sanctus
1005 1360 1123 1431 ejus,in
1149 1360 1291 1416 muudum
1314 1360 1403 1415 mislt.
1427 1360 1482 1415 Per
1503 1360 1599 1431 ipsum
1626 1359 1734 1429 omnia,
1750 1358 1856 1413 scilicet

101 1444 215 1499 homiui
230 1444 402 1513 Intenditur,
419 1444 459 1499 sic
475 1450 503 1499 et
524 1461 607 1517 aquae
631 1450 744 1502 torrens
768 1448 822 1503 iter
845 1449 952 1504 habeut
1005 1450 1109 1505 coelum
1127 1454 1156 1503 et
1175 1452 1251 1503 terra
1271 1452 1365 1503 creata
1385 1453 1462 1517 sunt,
1487 1448 1559 1503 sicut
1579 1448 1704 1503 loannes
1728 1462 1854 1518 evange-

101 1538 132 1587 et
151 1532 249 1588 omnia
268 1532 419 1588 immunda
445 1534 551 1602 lavant,
576 1535 820 1606 quemadmodum
844 1542 873 1592 ει
887 1537 950 1609 Spi·
1005 1534 1069 1590 lista
1096 1535 1216 1591 dilectus
1244 1535 1294 1592 Ilei
1321 1535 1398 1604 dicit,
1425 1539 1510 1607 atque
1539 1536 1639 1591 eodem
1661 1534 1855 1591 modoomnis

102 1620 176 1674 ritus
197 1624 312 1675 sanctus
343 1620 441 1676 sordes
463 1626 657 1693 peccatorum.
687 1623 820 1695 llixitque
849 1626 947 1681 Deus:
971 1594 1114 1696 Bjustitia
1136 1625 1258 1680 caelestis
1280 1628 1308 1680 et
1334 1625 1476 1679 terrestris
1504 1623 1619 1697 inipso
1647 1624 1722 1679 iacta
1744 1626 1795 1679 est.
1821 1624 1855 1679 Et

102 1726 118 1759 a
134 1710 197 1763 Fiet
224 1709 283 1776 tur,
310 1713 337 1763 et
363 1712 441 1777 (octo
459 1715 498 1766 est
518 1711 570 1765 luc
595 1711 687 1783 (ibid.)
712 1751 719 1765 .
741 1732 753 1761 ι
774 1711 851 1767 Dixit
866 1713 948 1779 Deus,
1005 1713 1152 1783 quomodo
1177 1719 1221 1767 est
1238 1713 1299 1785 ipse
1325 1712 1511 1785 principium,
1536 1712 1587 1785 qni
1610 1716 1676 1769 ante
1698 1714 1802 1769 saecula
1822 1714 1854 1769 in

100 1794 336 1866 inexstinguibile
369 1797 468 1852 lumen
502 1799 579 1870 quod
617 1814 634 1853 a
669 1798 748 1855 nullo
780 1800 951 1856 obscuratur
1005 1798 1087 1853 Patra
1103 1800 1265 1853 natusest?
1287 1801 1361 1854 Ante
1384 1799 1488 1854 saecula
1509 1798 1541 1853 iu
1562 1800 1646 1853 Patre
1665 1796 1855 1869 spiritualiter

101 1885 240 1951 existens,
255 1889 350 1956 etper
364 1885 489 1941 Verbum
509 1902 596 1942 suum
619 1889 697 1945 velut
714 1887 837 1943 tonitrus
853 1887 950 1943 sonuit
1005 1900 1064 1941 non
1089 1887 1241 1941 carnaliter
1265 1892 1350 1941 natus
1378 1892 1437 1953 est;
1465 1886 1527 1958 ipse
1563 1890 1660 1941 autem
1689 1885 1854 1940 incarnatus

99 1973 200 2030 dicens
215 1990 222 2028 ι
239 1975 302 2029 Fiat
325 1974 382 2044 lua,
398 1978 424 2029 et
446 1977 522 2042 Ιιιιιιι
537 1981 577 2031 εει
600 1977 660 2043 luc,
679 1977 747 2048 quia
770 1992 829 2032 nox
850 1975 951 2031 iudell·
1004 1974 1119 2030 initium
1134 1975 1228 2030 omnis
1244 1974 1364 2046 justitiae
1386 1974 1491 2042 existit,
1515 1975 1583 2049 quia
1596 1989 1717 2045 quasque
1730 1970 1852 2044 justitia,

99 2063 191 2130 ciens,
212 2061 436 2134 hominibusque
461 2062 612 2119 invisibilis
635 2066 693 2132 lux,
720 2080 784 2138 qnae
801 2080 950 2135 uunquam
1004 2080 1091 2135 quam
1115 2063 1228 2135 antiqui
1251 2063 1341 2119 sancti
1361 2067 1427 2119 ante
1451 2063 1631 2119 nativitatem
1653 2061 1715 2133 ejus
1744 2060 1853 2115 hahue-

101 2148 302 2205 obscurabitur
315 2149 497 2218 fulminabat,
519 2150 667 2206 caiatiam
682 2151 807 2205 visentes
828 2153 949 2222 sphaerae
1004 2158 1081 2219 runt,
1102 2151 1139 2206 iu
1165 2151 1322 2207 salvatione
1351 2168 1411 2207 nou
1433 2151 1515 2218 vixit,
1537 2167 1632 2222 neque
1650 2149 1799 2205 hominem
1821 2148 1853 2203 in

100 2237 209 2294 scilicet
228 2236 324 2309 angeli
345 2237 541 2306 adhaerebant,
562 2239 701 2311 quoniam
723 2240 797 2296 Deus
817 2241 876 2295 vita
895 2244 948 2306 est,
1004 2258 1067 2297 eam
1080 2240 1203 2296 reduxil.
1220 2240 1272 2295 Illa
1293 2256 1360 2295 vero
1377 2240 1501 2311 justitia,
1526 2256 1589 2312 quae
1613 2240 1644 2294 in
1665 2236 1851 2303 assurrexit,

100 2331 131 2382 et
144 2325 262 2381 verbum
282 2342 367 2381 svium
388 2341 446 2382 non
470 2326 586 2394 dormit,
606 2329 655 2383 sed
680 2328 739 2382 vita
761 2334 889 2400 apparet.
917 2329 950 2383 tlt
1004 2329 1111 2384 scilicet
1130 2328 1289 2398 baptismus
1316 2333 1345 2383 et
1372 2328 1568 2399 Evangelium,
1592 2333 1621 2383 et
1646 2342 1737 2382 unum
1761 2327 1853 2381 neum

100 2414 178 2488 quod
194 2414 265 2470 illud
286 2413 415 2486 protulit,
442 2415 498 2471 hoc
517 2416 591 2470 Deus
621 2416 656 2472 ad
680 2416 797 2473 laudem
825 2416 879 2471 sibi
900 2432 950 2488 po·
1003 2417 1163 2474 innomine
1181 2421 1286 2471 sanetae
1308 2416 1454 2471 Trinitatis
1473 2416 1599 2483 credere,
1620 2414 1683 2485 ipsa
1704 2414 1852 2469 hominem

99 2504 169 2570 suit,
184 2520 244 2558 non
259 2508 356 2559 nutem
370 2502 420 2559 lux
434 2504 513 2572 solis,
529 2504 598 2576 quia
622 2503 808 2561 soluendum
830 2508 902 2570 erat,
920 2510 949 2559 et
1003 2504 1033 2559 in
1049 2504 1216 2575 paradisum
1243 2503 1364 2559 reducit.
1384 2504 1565 2576 Quapropter
1588 2502 1649 2574 ipse
1676 2502 1852 2573 principium

99 2592 238 2665 quoniam
262 2592 399 2663 splendor
421 2591 491 2648 solis
512 2608 601 2664 super
624 2598 730 2649 terram
756 2609 814 2649 non
834 2608 949 2663 semper
1002 2592 1166 2649 salvationis
1179 2593 1209 2647 in
1226 2608 1313 2665 opere
1327 2608 1379 2648 suo
1403 2596 1456 2659 est,
1480 2599 1513 2647 ut
1534 2592 1625 2647 Adam
1649 2589 1766 2645 initium
1780 2605 1850 2661 per-

99 2687 231 2752 apparet,
270 2680 318 2737 sed
357 2681 506 2736 multoties
538 2681 735 2738 obnubilatur.
764 2702 779 2736 ιι
813 2684 847 2738 Ει
878 2682 949 2736 vidit
1002 2680 1120 2738 ditionis
1138 2682 1169 2737 in
1192 2697 1278 2752 opere
1302 2697 1353 2736 suu
1379 2680 1441 2737 luit.
1463 2682 1496 2736 Et
1525 2676 1769 2753 quemadmodum
1790 2678 1851 2750 ipse

99 2772 176 2826 Dens
199 2770 292 2825 lucem
323 2769 401 2841 quod
424 2774 499 2825 esset
520 2770 608 2837 bona,
636 2776 666 2826 at
687 2771 783 2827 divisit
805 2771 901 2825 lucem
931 2785 949 2825 a
1004 2768 1211 2823 verbumillud
1239 2771 1292 2837 εει,
1313 2766 1524 2839 quodomnem
1551 2771 1712 2822 creaturam
1739 2765 1850 2837 produ·

98 2858 237 2928 tenebris,
271 2857 482 2931 appellavitque
509 2858 603 2914 lucem
633 2859 721 2928 diem,
756 2863 785 2915 ει
815 2859 949 2916 tenebras
968 2854 1051 2940 crit,
1074 2855 1143 2927 quia
1170 2854 1267 2910 omnia
1298 2870 1350 2926 per
1376 2854 1473 2925 ipsum
1501 2855 1574 2909 iacta
1598 2858 1673 2921 sunt,
1697 2852 1737 2907 sic
1763 2852 1850 2907 etiam

103 2952 218 3002 noctem
243 2946 359 3018 (ieta).
384 2969 395 2995 ι
417 2947 488 3003 Nam
510 2947 585 3003 Deus
609 2948 681 3004 vidit
702 2948 778 3021 quod
804 2949 852 3003 lux
875 2952 949 3003 esset
1001 2945 1031 2999 in
1056 2942 1234 2998 humanitate
1257 2958 1310 2997 sua
1331 2942 1505 3014 principium
1528 2940 1621 2997 omnis
1650 2940 1849 2997 aedificationis

98 3034 188 3102 bona,
205 3050 271 3106 quae
286 3034 371 3090 iaciei
390 3050 449 3090 sum
467 3036 650 3106 splendorem
671 3036 813 3105 redderet,
838 3040 866 3092 et
884 3036 948 3091 ideo
1002 3036 1106 3087 sauctae
1130 3030 1260 3086 Ecclesiae
1286 3034 1337 3086 est.
1367 3031 1539 3096 Quomodo?
1568 3029 1685 3101 ipsein
1709 3027 1847 3102 praedica·
1929 3064 1930 3069 κ

99 3124 181 3178 illam
204 3122 443 3178 atanabrositate
467 3124 555 3179 etiam
587 3124 757 3197 segregavit,
791 3140 828 3180 ne
854 3124 949 3179 officia
1002 3120 1080 3175 tione
1106 3120 1326 3192 prophatarum,
1351 3120 1402 3190 qui
1425 3135 1492 3175 eum
1515 3124 1669 3175 venturum
1692 3132 1753 3171 esse
1777 3131 1849 3186 pree·

99 3227 154 3265 sua
177 3212 208 3267 in
231 3210 353 3267 Invicem
377 3210 577 3278 admiscerent,
610 3214 678 3284 quia
703 3230 737 3268 ex
764 3213 808 3268 his
837 3212 949 3268 duobus
1002 3208 1146 3275 ductant,
1171 3207 1253 3279 quasi
1282 3208 1385 3263 umbra
1413 3210 1484 3271 erat,
1505 3208 1583 3262 velut
1611 3207 1697 3261 etiam
1721 3204 1756 3259 ab
1778 3203 1849 3259 Abel

101 3302 226 3355 altarum
253 3299 417 3355 indeficiens
439 3303 492 3369 est,
520 3300 643 3355 alterum
668 3301 699 3356 in
726 3301 839 3357 deiectu
862 3301 947 3356 cadit.
1003 3314 1094 3370 nsque
1119 3298 1154 3353 ad
1190 3296 1370 3352 nativitatem
1404 3296 1494 3368 ipsIus
1528 3295 1591 3351 Filii
1621 3294 1682 3361 Ilei,
1725 3308 1848 3365 qnaeque

100 3391 126 3444 A
140 3390 197 3445 ileo
212 3404 338 3459 namque
350 3387 411 3443 dias
426 3391 478 3455 est,
494 3387 631 3459 quoniam
657 3390 730 3445 Deus
752 3405 803 3461 per
826 3388 948 3443 Verbum
998 3385 1111 3457 justitia
1134 3384 1236 3440 umbra
1255 3384 1384 3439 Ecclesiae
1409 3384 1475 3455 init,
1500 3400 1565 3456 quse
1586 3383 1621 3439 de
1635 3383 1723 3437 latere
1744 3380 1849 3438 Christi

101 3492 187 3532 sunm
203 3476 302 3531 lumen
323 3476 450 3548 primum
466 3473 687 3547 prodissjussIt,
704 3476 782 3549 qnod
795 3476 950 3547 appellavit
1003 3473 1196 3545 insanguine
1222 3474 1284 3543 ejus
1307 3476 1369 3527 orta
1396 3476 1447 3527 est.
1479 3471 1549 3537 Qua
1571 3487 1623 3543 per
1653 3468 1848 3541 regeneratio·

101 3566 191 3631 diem,
219 3580 279 3619 nou
314 3564 390 3618 diem
421 3563 499 3629 solie,
534 3564 585 3620 sed
614 3563 690 3619 diem
722 3564 948 3631 iudeficientem,
1003 3578 1068 3617 nem
1085 3561 1353 3632 spiritusetaqnae,
1378 3576 1443 3630 quae
1470 3564 1703 3627 nunquemante
1724 3557 1849 3614 luitnisi

100 3668 168 3725 quse
182 3651 213 3706 ln
234 3650 429 3721 superioribus
443 3652 523 3705 nulla
543 3651 746 3707 tenebrositate
764 3651 947 3723 opprimitur.
1003 3653 1143 3723 quantum
1166 3650 1288 3703 loannes
1316 3648 1442 3720 Baptista
1459 3648 1490 3702 in
1511 3648 1614 3703 umbra
1637 3645 1770 3719 baptismi
1787 3662 1850 3716 pro·

103 3742 137 3795 lit
152 3738 294 3804 tenebras,
319 3753 377 3793 non
392 3754 458 3810 quae
478 3739 541 3794 luce
556 3739 625 3793 solis
646 3738 793 3810 lugentur,
819 3738 869 3793 sed
885 3754 950 3810 quae
1003 3738 1207 3804 nuntiantia
1235 3738 1328 3792 torma
1358 3752 1409 3791 sua
1444 3741 1512 3791 tnnc
1547 3736 1673 3806 pleniter
1705 3735 1849 3805 apparuit,

102 3826 317 3883 indeficientem
345 3827 548 3883 obscuritatem
581 3826 730 3895 habentes,
759 3827 838 3883 nulla
864 3827 948 3881 clari·
1003 3826 1140 3899 quoniam
1155 3826 1216 3898 ipse
1240 3826 1378 3889 Christus,
1403 3823 1452 3896 qai
1480 3828 1546 3879 ante
1570 3823 1749 3878 nativitatem
1769 3838 1850 3875 suem

103 3922 162 3972 tnta
186 3916 257 3971 lucis
284 3916 531 3988 perstringuntur;
563 3917 695 3972 tenebras
736 3932 852 3988 quoqne
885 3931 950 3987 quae
1004 3914 1203 3991 qnasiumhra
1223 3930 1240 3969 u
1263 3912 1411 3985 prophetis
1434 3912 1588 3984 pradictus
1611 3915 1682 3979 erat,
1710 3911 1797 3965 homo
1820 3909 1850 3963 iu

103 4008 186 4060 eraut
200 4020 287 4076 super
305 4004 406 4060 taciem
422 4005 526 4074 abyssi,
548 4010 577 4059 ει
591 4021 663 4077 quas
687 4005 819 4060 nondum
843 4003 950 4059 illumi·
1003 4020 1088 4059 carna
1106 4003 1251 4075 apparuit,
1277 4007 1308 4058 ut
1330 4002 1480 4057 Psalmista
1503 4000 1587 4057 David
1609 4000 1639 4055 in
1658 3999 1770 4072 Spiritu
1785 4014 1850 4053 meu

103 4098 231 4159 neverat,
255 4093 409 4164 appellavit
431 4098 556 4147 noctem.
581 4094 641 4148 Nox
662 4092 769 4165 quippe
791 4109 890 4148 cerem
905 4092 951 4147 die
1005 4091 1096 4148 dicit:

104 4180 369 4278 caecaest,·etdies
388 4198 405 4236 a
426 4185 509 4279 nocte
530 4186 680 4279 segregata
702 4185 760 4278 est,
777 4187 843 4237 eta
869 4180 949 4236 caeci·
970 4177 992 4230 Ι)
1010 4216 1096 4275 Verba
1121 4214 1208 4270 David
1224 4214 1361 4285 propheta
1384 4215 1415 4268 in
1440 4215 1546 4283 psalmo
1584 4215 1688 4283 primo,
1727 4216 1753 4266 et
1787 4227 1854 4281 quo-

105 4273 163 4323 tate
181 4272 274 4322 noctis
297 4273 427 4338 separata
450 4284 481 4323 ιιι
504 4268 634 4323 claritate
656 4271 708 4323 est.
733 4268 780 4324 Sic
807 4267 881 4323 Deus
905 4270 949 4323 lu·
1039 4284 1118 4341 mog,
1146 4286 1343 4354 mmmmm,
1367 4283 1401 4339 d,
1427 4286 1617 4340 mmmm,
1652 4284 1719 4338 paq,-
1748 4285 1797 4339 Dei
1828 4287 1853 4335 ,ρ

105 4372 167 4412 cem
192 4357 440 4413 anocturualibus
460 4356 586 4412 tenebris
609 4356 761 4429 separavit.
789 4378 801 4407 ι
825 4356 952 4411 Factum·
1040 4357 1185 4425 fertilitate
1205 4355 1429 4428 fructificationis
1453 4355 1661 4424 doctre'uaecjus
1682 4368 1854 4423 peromnem

105 4461 158 4515 quse
171 4450 212 4500 est
225 4460 334 4515 uespere
345 4450 371 4501 ct
386 4461 465 4502 moue
483 4445 543 4501 dics
556 4460 626 4501 auus
643 4444 746 4515 (ibid).
772 4444 845 4500 Nam
862 4444 952 4498 iactus
1041 4426 1181 4483 mundum·

106 4532 229 4590 cattinis
250 4533 345 4605 operis
373 4534 469 4606 hujus,
494 4538 522 4589 st
548 4534 683 4606 lncoeptio
708 4532 809 4604 ipsius,
839 4531 953 4588 claritas
1042 4535 1141 4590 xit«
1170 4534 1202 4588 Et
1225 4532 1279 4587 erit
1298 4536 1435 4604 tanquam
1457 4531 1568 4603 lignum
1592 4529 1669 4602 quod
1693 4529 1855 4599 plantatum

107 4638 165 4677 uua
187 4622 218 4677 in
241 4621 428 4692 perfectione,
457 4623 525 4694 quia
553 4638 618 4678 cum
643 4620 767 4677 Verbum
784 4621 835 4677 Dei
859 4622 954 4677 lucem
1008 4629 1145 4679 estsecus
1168 4620 1303 4677 decursus
1331 4635 1482 4694 aquarum,
1509 4618 1586 4690 quod
1616 4618 1740 4673 trucium
1770 4631 1855 4670 sunm

106 4709 428 4783 lleriJ'ussit,incoeptio
446 4711 629 4784 ipsiusvslut
651 4728 736 4768 mane
762 4711 832 4779 init;
858 4708 954 4783 peria·
1007 4712 1087 4768 debit
1114 4711 1297 4782 intempore
1322 4726 1384 4765 suo.
1418 4726 1432 4762 ι
1463 4712 1521 4765 lloc
1549 4705 1789 4762 considerandum
1817 4702 1857 4757 sic

107 4801 163 4857 ctio
184 4804 281 4857 εειειιι
301 4800 393 4871 ipsius
407 4800 490 4872 quasi
510 4817 640 4873 vespere,
659 4801 710 4857 ubi
733 4801 878 4872 completa
902 4814 953 4871 ap·
1009 4804 1074 4856 est:
1095 4798 1183 4854 t'ilius
1207 4797 1267 4865 llei,
1290 4796 1340 4869 qui
1366 4812 1418 4868 per
1443 4796 1542 4852 omnia
1565 4795 1741 4849 voluntatem
1764 4791 1857 4847 Patris

105 4888 324 4961 paruit.Etalie
339 4890 450 4945 modo:
1008 4888 1055 4943 sui
1078 4890 1191 4941 secutus
1214 4890 1267 4952 ast,
1296 4885 1408 4957 lignum
1432 4884 1531 4939 emulis
1552 4883 1615 4950 luit,
1644 4887 1798 4950 concaptus
1822 4880 1857 4933 de

1009 4975 1116 5049 Spiritu
1133 4978 1241 5041 sancto,
1264 4974 1300 5029 de
1315 4990 1372 5045 quo
1399 4974 1526 5028 viventes
1553 4986 1636 5043 aquae
1651 4970 1754 5033 lluvmt,
1784 4968 1857 5022 mul-

108 5071 180 5138 Quiu
202 5071 273 5125 ιιιιιι
293 5068 381 5123 Filius
404 5069 461 5134 Det,
485 5068 703 5136 intemporaliter
735 5082 769 5122 ca
797 5069 877 5123 Putre
909 5082 957 5121 uu
1010 5069 1072 5120 tum
1096 5063 1221 5119 fructum
1245 5062 1402 5119 sanctitatis
1426 5062 1508 5129 dans,
1533 5075 1599 5115 cum
1615 5057 1769 5129 discipulos
1792 5071 1859 5109 suos

143 5145 197 5208 mi·
211 5140 380 5211 primitium
402 5144 452 5204 ³⁸⁸2
478 5140 508 5192 iu
531 5138 709 5207 immitti
731 5143 795 5192 Μ
813 5141 954 5203 “bilmas
1010 5154 1045 5208 ad
1086 5151 1303 5207 eeclesiasticam
1346 5150 1505 5205 doctrinam
1552 5147 1676 5218 pleniter
1714 5143 1857 5200 instruxit.

142 5211 345 5296 ’ΜῨΜΡΜ
371 5223 406 5263 ‘³⁰³
431 5213 519 5293 ἸΨ
537 5210 775 5294 Pirflim'mwbm
798 5210 958 5263 ''ninum“
1011 5242 1083 5296 Nam
1110 5238 1188 5294 filius
1214 5239 1264 5294 liei
1285 5237 1442 5294 secundum
1471 5235 1648 5292 divinitatem
1676 5232 1757 5303 quasi
1779 5229 1859 5285 radix

144 5287 299 5348 crcotsoucs,
339 5279 382 5334 oet
414 5278 602 5349 adstcuteouss
643 5282 769 5345 ειειειιε»,
810 5284 835 5335 ει
862 5284 959 5333 auctor
1013 5330 1018 5341 ,

140 5352 351 5423 justificationis
375 5351 517 5420 pleroma,
547 5349 585 5403 cd
619 5364 701 5419 quum
735 5351 813 5405 usello
846 5355 958 5419 patrum
1012 5346 1041 5384 sn
1063 5329 1148 5383 corde
1178 5328 1279 5396 Putris,
1305 5331 1334 5381 at
1361 5325 1404 5380 vis
1424 5323 1581 5381 divinitatis
1614 5323 1679 5389 luit,
1703 5326 1732 5375 et
1760 5320 1800 5375 sic
1831 5323 1861 5374 iu

143 5424 256 5493 justitio
279 5424 322 5479 act
350 5424 417 5491 Ιερίε
449 5424 621 5476 sacramento
657 5420 831 5491 suffecerant,
855 5420 902 5476 scd
928 5422 959 5475 iu
1013 5424 1127 5474 ntorum
1152 5416 1275 5489 Virgiuis
1305 5414 1489 5482 descendens,
1520 5413 1637 5485 plenum
1661 5412 1785 5467 tructam
1810 5424 1862 5481 per
