3984 6034
88 303 139 356 tbi
752 300 942 359 EPISTOLAE.
956 331 990 342 —
1006 301 1112 358 aelst.
1132 301 1219 357 xllx.
1788 301 1841 354 28²

88 429 184 500 ipsam
209 429 247 486 ad
274 429 457 488 mncutatem
476 433 598 487 uestram
625 430 777 495 mittimus,
805 436 838 488 ut
860 433 939 504 qnod
957 431 1044 505 aqui
1059 436 1162 505 potens
1183 447 1271 504 super
1292 447 1393 489 omnes
1418 440 1472 500 est,
1496 433 1525 489 in
1547 432 1626 490 robis
1649 433 1838 506 glorificetur.

89 533 154 584 nos,
176 518 303 590 peccatis
324 518 518 592 exigentibus,
541 535 600 576 non
620 519 791 589 meruimus,
816 537 868 593 per
888 537 939 576 ros
992 522 1091 578 Valeat
1106 521 1362 578 maternadilectic
1379 526 1481 578 restra.

88 607 234 677 compleat
262 607 412 677 Dominus,
449 613 479 664 et
501 608 622 682 antiquo
644 609 726 667 baete
749 611 852 682 ejecto,
876 611 936 676 ille,

437 917 692 1008 MONITUM
726 919 783 1004 IN
819 918 1119 1008 EPISTOLllS
1156 921 1497 1022 SEOUENTES.

665 1077 707 1140 (l).
724 1078 839 1136 marna,
854 1077 974 1142 Amplius.
992 1077 1121 1138 eclectio,
1136 1079 1169 1138 ll,
1186 1078 1266 1140 lull.)

125 1308 281 1391 Epistulas
307 1307 421 1365 circiter
442 1308 550 1382 quinqu
595 1310 653 1365 'ta
679 1311 768 1368 bobes
791 1313 872 1385 typis
885 1311 1043 1370 mandatas
1055 1313 1087 1368 in
1102 1311 1290 1370 bibliothecis
1307 1313 1429 1368 Petrum
1451 1310 1585 1367 editionis
1609 1308 1842 1390 Coloniensislet

90 1381 133 1435 aa
172 1397 303 1449 unensu,
315 1384 421 1451 preter
440 1325 721 1438 ussamombotem
746 1383 1032 1448 brunvillariensem,
1057 1401 1119 1466 quar
1132 1387 1226 1440 exstat
1239 1384 1270 1438 in
1292 1383 1359 1438 Vita
1377 1381 1617 1464 S.·Hildeqar‹lis
1630 1399 1649 1436 a
1671 1380 1842 1462 Tbeaderico

165 1454 196 1506 te
219 1451 410 1508 trudoniensi
428 1468 491 1508 cam
550 1450 597 1519 ‘a,
614 1453 693 1526 apud
715 1454 830 1510 sanum
856 1460 886 1510 ll
909 1455 1097 1527 Septembres.
1124 1457 1188 1511 Nos
1212 1457 1292 1528 louqe
1315 1455 1413 1526 plures
1425 1455 1587 1509 invenimus
1597 1451 1627 1507 in
1639 1456 1753 1522 oplsmae
1769 1455 1841 1508 nole

90 1520 189 1577 codice
211 1521 426 1578 Himerodensis
442 1521 619 1590 monasterii,
653 1523 764 1580 ordinis
786 1525 997 1594 alciacensis,
1022 1526 1053 1582 in
1080 1525 1192 1582 diocesi
1221 1525 1391 1582 Trecirensi.
1418 1523 1518 1595 Codea,
1546 1525 1582 1579 cb
1608 1522 1694 1578 annis
1727 1521 1842 1577 circiter

90 1592 262 1719 quingentis
271 1597 406 1649 sacratur
416 1635 424 1660 ,
434 1597 518 1649 cama
531 1595 722 1666 Hildeqardis
734 1596 860 1651 continet
869 1599 1014 1669 opuscula,
1025 1596 1138 1653 scilicet
1154 1599 1287 1669 epistolas
1311 1597 1487 1650 diversarum
1504 1609 1692 1666 personarum
1716 1594 1751 1648 ad
1778 1609 1842 1648 earn

109 1665 215 1720 irectas
229 1680 296 1720 cnm
310 1665 546 1736 rescriptionibus
569 1667 632 1721 e'us
655 1667 690 1721 de
711 1667 830 1722 dirersis
843 1668 1096 1740 inquisitionibus:
1119 1668 1218 1725 Vitam
1232 1669 1263 1722 S.
1279 1666 1435 1732 Desiboldi,
1457 1667 1551 1722 Vitam
1568 1665 1597 1720 S.
1614 1663 1737 1736 Ruperti
1751 1663 1840 1732 ducis,

90 1739 118 1790 et
135 1735 165 1791 S.
183 1735 297 1791 Berlbe
310 1736 405 1808 ipsius
431 1736 553 1804 mane,
601 1736 792 1808 aperitionem
805 1738 916 1794 breuem
936 1738 971 1796 irt
993 1739 1139 1811 Requlom
1152 1740 1182 1795 S.
1199 1737 1357 1805 Benedicti,
1370 1740 1398 1792 et
1409 1737 1497 1793 libras
1508 1754 1558 1792 ssa
1572 1735 1636 1792 aila
1658 1735 1840 1804 Meritorium,

89 1805 415 1880 quasillaeonscripsit
433 1808 462 1861 in
478 1808 657 1879 sexagesimo
673 1809 769 1879 primo
792 1810 884 1864 oetatis
912 1825 973 1864 sua
996 1827 1085 1878 anno,
1111 1809 1239 1882 quierat
1268 1809 1437 1864 millesimus
1458 1808 1629 1863 centesimus
1661 1806 1730 1877 quin
1754 1821 1840 1876 uage·

90 1879 182 1931 simns
198 1883 315 1932 octavus
331 1894 434 1944 anuos,
460 1878 515 1933 sub
540 1893 674 1950 pressura
697 1881 863 1948 apostolica
886 1881 961 1936 sedis
984 1884 1123 1951 regnante
1146 1881 1297 1936 Frederico
1313 1881 1506 1936 Romanorum
1525 1880 1708 1948 imperatore.
1751 1875 1843 1931 rimus

89 1947 163 2004 liber
173 1947 302 2005 continet
319 1947 419 2021 capita
440 1951 499 2014 lta,
514 1949 656 2004 secundus
683 1954 728 2017 85,
753 1951 856 2005 tertius
876 1953 920 2019 st,
935 1953 1057 2024 quartus
1070 1954 1115 2018 70,
1137 1950 1433 2023 quiremanserat
1453 1952 1497 2005 45.
1525 1949 1605 2006 Hinc
1631 1946 1750 2018 colliqes
1776 1946 1842 2002 ilri-

89 2018 242 2084 tiernium,
310 2018 317 2030 '
339 2024 398 2075 tres
410 2019 552 2076 duntaxat
578 2019 642 2076 cita
668 2019 840 2078 uenenum
860 2022 949 2078 libros
970 2023 1000 2079 S.
1024 2022 1203 2096 Hildeqardi
1214 2021 1343 2088 ascribit,
1365 2021 1509 2094 inteqrurn
1523 2021 1617 2093 ipsius
1634 2035 1704 2090 opus
1717 2018 1769 2073 bac
1785 2035 1843 2074 nan

88 2089 242 2145 uidisses
290 2089 473 2164 lanqeplura
494 2090 557 2146 alia
570 2090 709 2163 opuscula
724 2091 936 2160 ejusrecenset.
950 2109 1013 2163 que
1027 2094 1074 2149 bic
1089 2093 1202 2162 referre
1215 2109 1460 2166 superuacaneum
1490 2091 1608 2148 oidetm.
1633 2091 1671 2146 Ut
1684 2091 1781 2144 autem
1802 2090 1842 2145 ad

89 2161 232 2232 epistolas
240 2160 366 2225 redeam,
381 2177 432 2216 eas
443 2177 541 2216 omnes
555 2162 681 2217 continet
694 2163 781 2218 codes
795 2163 1009 2220 Himerodensis
1022 2180 1083 2245 qua
1100 2165 1132 2220 in
1149 2167 1270 2236 utraque
1292 2165 1413 2220 Patrem
1426 2162 1607 2219 Bibliotheca
1627 2158 1708 2216 edile
1724 2162 1802 2228 sunt,
1815 2163 1843 2215 el

89 2231 213 2302 insuper
234 2231 380 2304 octoqinta
401 2233 535 2304 qtraluor,
555 2249 616 2304 qua
633 2232 724 2312 plane
740 2234 858 2304 publica
881 2235 942 2290 tuce
964 2235 1088 2308 indrqnae
1114 2251 1171 2290 non
1192 2233 1425 2291 uidentnrnobis.
1452 2235 1534 2290 Nam
1557 2236 1747 2305 preterquam
1768 2231 1845 2311 quod

90 2303 193 2357 omnia
207 2306 372 2358 sanctorum
389 2301 501 2372 scripta
514 2319 579 2358 eam
591 2304 807 2376 spararesolent
817 2304 956 2377 pietatem
965 2321 1028 2378 qua
1042 2304 1200 2378 leqentibus
1213 2307 1251 2361 ad
1264 2306 1368 2362 anime
1376 2305 1499 2361 salutern
1511 2321 1569 2360 non
1577 2319 1682 2376 parurn
1700 2301 1841 2368 condunt,

88 2373 120 2428 in
128 2372 264 2428 omnibus
276 2373 383 2445 quand
392 2373 603 2446 Hildeqardem
618 2372 729 2429 directa
737 2378 806 2430 sunt
819 2375 949 2448 episwlis
963 2393 1022 2431 non
1042 2393 1153 2434 mecm
1165 2377 1288 2448 offenda
1303 2393 1399 2432 rerum
1414 2375 1612 2448 spiritualium
1621 2389 1675 2431 seu
1688 2372 1843 2428 moralium

89 2443 303 2512 novationem,
317 2445 369 2499 sed
382 2461 481 2500 omnes
502 2446 565 2507 tere
580 2450 648 2500 sumt
669 2444 822 2502 bistaricae.
837 2450 880 2502 Ea
902 2447 950 2502 bis
972 2447 1016 2503 aii
1037 2463 1077 2503 ue
1110 2448 1259 2504 accadens
1277 2446 1444 2504 scbmmatis
1467 2447 1542 2520 quod
1563 2445 1764 2501 Alexandrum
1794 2445 1843 2500 111

86 2532 202 2588 popam
217 2514 294 2569 inter
305 2517 334 2570 et
363 2515 506 2570 Victorem
530 2517 575 2571 IV
593 2516 766 2588 antipapam
786 2516 936 2572 suscitarit
960 2463 1048 2572 bride
1839 2583 1844 2595 ι

91 2585 272 2667 Parisiensis
291 2585 453 2666 carnalitur
473 2585 599 2667 quidde
632 2587 767 2668 opinione
801 2587 926 2670 dilberti·
953 2589 1107 2646 Porrclani
1182 2589 1280 2672 iscopi
1300 2587 1476 2671 Rictouensis
1497 2585 1681 2670 in'coneilio
1707 2587 1844 2668 tiernensr

88 2655 677 2808 medianitidem.
690 2660 1191 2810 dididdlmsttilln.
1206 2657 1844 2810 lilldrtttllttmtltmltr.

88 2801 283 2871 exponuntur.
299 2799 347 2854 Ne
366 2814 402 2853 ue
424 2814 511 2870 pauci
528 2801 588 2854 tum
602 2799 722 2854 abbates
739 2803 800 2854 tum
812 2800 964 2856 abbmrssa
978 2803 1075 2855 utrum
1094 2800 1265 2874 diqnitatem
1279 2805 1404 2856 retinere
1417 2805 1468 2856 aut
1490 2799 1634 2856 dimittere
1652 2799 1785 2866 debeant,
1806 2797 1843 2852 ab

88 2868 303 2942 coinquinent.
356 2869 401 2926 inc
423 2871 505 2940 patei
527 2885 625 2925 manes
638 2869 709 2925 illas
724 2869 862 2943 epistolas
875 2871 915 2926 ad
927 2870 1135 2927 illustrandam
1145 2871 1299 2929 bistoriarn
1320 2888 1385 2928 cum
1407 2869 1634 2928 eccbdnricam
1661 2873 1721 2923 tum
1740 2883 1842 2922 mona-

87 2940 197 2995 sticam
213 2957 271 2995 non
285 2957 392 3013 parurn
416 2940 583 2997 conducere.
606 2941 740 2997 Ceterum
754 2941 845 2997 obiter
857 2957 914 2996 non
931 2954 974 2998 esr.
989 2943 1219 3023 pretereundum
1234 2943 1309 3015 quod
1329 2943 1365 2998 ab
1385 2942 1488 2998 abbate
1503 2937 1691 2997 Rettinbasili
1703 2938 1743 2993 ad
1754 2938 1844 2993 abba·

1050 2516 1136 2586 maus,
1161 2519 1274 2592 scripta
1296 2521 1378 2574 sunt:
1395 2535 1454 2572 una
1473 2534 1493 2572 a
1506 2519 1620 2573 doctore
1640 2513 1844 2571 Universitalis

90 3011 162 3067 darn
189 3011 384 3068 salemensem
406 3011 551 3082 postulata
564 3012 705 3076 consulta,
723 3027 764 3067 an
783 3016 936 3084 utramque
963 3013 1135 3095 dignitatem
1153 3014 1279 3085 abjicere
1308 3013 1434 3080 deberet,
1457 3013 1605 3082 respondit
1630 3009 1843 3080 Hildeqardis:

91 3083 267 3154 Quicunque
282 3081 439 3153 agrumrel
455 3081 529 3137 ovile
551 3089 671 3154 propter
692 3083 780 3138 iidem
806 3083 1017 3155 procurationis
1043 3087 1208 3166 susceperit,
1231 3085 1294 3166 ipsa
1321 3085 1466 3140 dimittere
1489 3099 1546 3139 nou
1568 3082 1672 3149 debet;
1698 3081 1747 3136 sed
1772 3081 1846 3135 sicut

90 3154 303 3224 paterfamilias
328 3169 362 3208 ea
386 3152 551 3276 rapotoni
576 3154 655 3208 enim
678 3154 751 3209 ovile
776 3169 861 3209 suum
885 3154 957 3211 relin
979 3155 1024 3210 uit
1045 3160 1073 3210 et
1097 3156 1174 3212 aliud
1198 3157 1308 3227 recipit,
1337 3161 1547 3227 preceptorum
1573 3154 1623 3210 llci
1644 3150 1846 3224 prevaricator

91 3227 276 3279 nominatur.
295 3222 471 3290 Quodceirn
485 3223 668 3279 attendantii
683 3224 734 3297 qui
746 3225 913 3280 desedead
929 3241 961 3280 se
1040 3229 1141 3282 contra
1152 3227 1321 3308 praecripta
1335 3243 1478 3281 canonum
1491 3228 1518 3280 ct
1535 3227 1697 3282 sanctorum
1721 3223 1846 3277 Patrum

90 3294 174 3350 edita
187 3294 261 3349 adeo
262 3293 360 3364 facile
386 3292 607 3376 transmiqrant.
631 3295 719 3351 Porro
736 3295 791 3350 bas
804 3295 943 3367 epistolas
958 3296 1091 3352 debemus
1104 3297 1280 3354 inmanitate
1298 3295 1528 3354 reverendissimi
1550 3299 1578 3351 et
1591 3292 1767 3367 amplissimi
1785 3293 1845 3347 Ro-

91 3366 168 3421 berti
182 3365 297 3422 abbatis
310 3364 542 3432 Himerodensra,
556 3363 671 3445 quiens
689 3381 747 3422 non
769 3367 852 3423 modo
866 3383 902 3422 ea
915 3382 967 3423 suo
979 3384 1035 3423 ms.
1053 3367 1244 3426 transcribere
1265 3367 1406 3442 pernicii,
1421 3367 1473 3424 sed
1494 3366 1621 3424 codicem
1638 3364 1728 3424 etiam
1750 3363 1846 3436 ipsum

87 3437 172 3494 noeis
182 3440 287 3509 sponte
298 3433 427 3492 Parisios
445 3434 618 3492 transmisit.

382 3607 552 3666 serarum
571 3607 651 3663 Lllll.
961 3609 1049 3664 Bnos
1072 3608 1245 3666 conscientia
1265 3614 1376 3676 nostra,
1406 3613 1495 3664 terret
1521 3609 1616 3679 culpe,
1653 3609 1770 3678 peccata
1798 3619 1844 3658 re·

186 3717 213 3753 e.
234 3712 349 3754 sanans
366 3711 548 3752 mereamus
566 3711 604 3751 eo
624 3711 828 3752 alenconensis.
994 3697 1150 3768 derguunt.
1192 3698 1354 3754 Turbamus
1394 3695 1480 3762 intus,
1524 3695 1595 3750 toris
1635 3693 1843 3766 periclitamur,

87 3808 203 3862 (mm
226 3803 354 3860 divinum
373 3791 939 3870 gmssffimffcwfflompum,
994 3801 1138 3858 nusquam
1170 3786 1253 3842 nobis
1299 3785 1446 3855 securitas,
1485 3784 1613 3854 undique
1650 3782 1845 3838 circumsonat

123 3880 154 3932 et
175 3875 317 3932 rescribat
329 3873 399 3948 quid
414 3874 472 3930 sibi
491 3873 525 3930 de
546 3874 602 3930 Dei
622 3873 823 3930 misericordia
843 3890 941 3947 caspe
993 3873 1095 3930 hostis.
1123 3877 1148 3930 Α
1173 3874 1280 3932 destris
1311 3873 1513 3931 fraudulentus
1538 3871 1648 3926 amicus
1680 3867 1842 3936 insidiatur,

121 3947 264 4004 “Malim
275 3945 325 4002 ’‘⁰²-
995 3979 1011 4017 a
1032 3962 1157 4019 sinistris
1179 3965 1357 4020 truculentus
1383 3962 1519 4018 inimicus
1542 3963 1700 4032 oppugnat.
1730 3959 1770 4014 lle
1797 3957 1845 4012 bis

123 4054 310 4121 Brinnonem,
335 4051 446 4108 dilecta
468 4066 581 4122 sponsae
595 4051 712 4121 Christi,
741 4055 774 4107 Δ.
799 4053 862 4108 solo
885 4067 939 4107 uo·
994 4054 1023 4106 et
1048 4049 1112 4106 aliis
1138 4065 1225 4121 super
1252 4049 1357 4122 quibus
1386 4047 1582 4104 maturitatem
1603 4051 1728 4102 vestrum
1749 4043 1845 4100 nuntii

86 4142 169 4197 minc
192 4141 369 4196 bleranensis
390 4139 485 4197 dictus
507 4141 606 4208 abbas,
636 4144 702 4212 post
723 4141 827 4196 vallem
847 4141 938 4212 lacry-
994 4139 1083 4196 nostri
1097 4139 1306 4208 consuluerint,
1321 4139 1452 4196 divinum
1475 4137 1626 4194 oraculum
1649 4134 1801 4204 consulite,
1815 4137 1845 4190 et

86 4246 206 4286 marum
216 4229 323 4302 gaudia
340 4245 535 4302 supernorum
548 4229 664 4285 civium.
994 4227 1133 4300 quidquid
1158 4228 1239 4284 nobis
1267 4228 1303 4283 de
1325 4225 1521 4283 misericordia
1545 4225 1606 4294 llei,
1622 4222 1843 4296 exspectandum

124 4318 262 4374 libenter
283 4316 457 4373 beatitudini
480 4321 582 4372 restra
608 4316 790 4372 salutationis
811 4316 939 4372 officiam
993 4317 1040 4386 sit,
1060 4321 1153 4372 mater
1165 4315 1354 4386 sanctissimo,
1370 4315 1527 4373 rescribite.

85 4410 171 4463 tanto
200 4411 344 4462 terrarum
369 4406 461 4478 spatio
484 4404 637 4476 interjecto
663 4404 850 4476 porrigimus,
877 4421 939 4460 am·
1182 4423 1388 4480 pquopspp
1407 4421 1651 4480 fflfflgffimg·

85 4498 250 4568 plectentes
276 4494 308 4550 ln
333 4495 413 4550 robis
437 4493 583 4566 magnalia
608 4493 668 4557 llei,
696 4494 747 4566 qui
765 4509 815 4548 ros
838 4497 867 4548 et
888 4510 940 4566 pu·
992 4511 1145 4583 mictum
1158 4512 1335 4580 ,mogum
1358 4515 1517 4586 (Μέθη,
1538 4511 1680 4577 mppr,
1695 4511 1723 4564 εἰ
1736 4507 1776 4564 ag
1792 4523 1844 4580 pp,

85 4585 175 4642 rioris
202 4583 266 4639 rita».
290 4585 439 4640 sanctitate
465 4583 575 4655 pollere
597 4582 675 4649 lecit,
700 4597 733 4638 ac
751 4581 855 4654 spiritu
872 4598 939 4655 pro·
1204 4583 1353 4658 qnondam
1372 4582 1496 4640 uiriliter
1514 4581 1630 4639 recitat

84 4674 197 4747 pbetiar
220 4689 309 4745 supra
341 4674 512 4734 humanam,
529 4671 698 4744 opinionem
726 4671 808 4727 vobis
833 4671 940 4727 indidit
1029 4671 1083 4737 Qui
1097 4670 1187 4738 ridet,
1216 4687 1269 4728 nec
1300 4671 1496 4728 vicissitudine
1525 4675 1663 4734 inritatur,
1691 4667 1781 4723 dicit:
1801 4667 1845 4722 Tu

84 4760 244 4836 presentia
256 4767 387 4834 tangme,
404 4760 550 4817 revolvere
568 4758 724 4833 preterita,
750 4760 849 4816 lutura
861 4777 939 4833 prse-
993 4761 1092 4831 bunio,
1108 4760 1236 4817 nondum
1254 4761 1342 4818 babes
1367 4763 1426 4817 alas
1441 4760 1567 4828 rolandi,
1582 4774 1646 4832 que
1660 4761 1844 4828 tempestates

83 4853 197 4914 ridere,
212 4856 245 4905 ut
260 4849 350 4906 divini
373 4849 504 4907 muneris
530 4849 657 4905 novitate
671 4848 825 4922 dupliciter
843 4850 939 4905 bono·
993 4848 1128 4916 tolerant,
1152 4855 1181 4904 et
1211 4865 1276 4922 qum
1304 4850 1342 4906 ad
1368 4853 1476 4905 rectam
1514 4847 1744 4903 moderationem
1770 4843 1844 4900 neris

82 4947 160 5007 rata,
175 4938 421 4995 rerebominibns
443 4938 531 5009 bujus
558 4937 696 5009 temporis
719 4937 860 5010 stupenda
878 4938 939 4993 sitis
958 4914 1149 5007 Cpertinent,
1171 4937 1219 4992 sed
1247 4942 1359 4994 tantum
1388 4937 1470 5009 quasi
1496 4937 1630 4992 columna
1651 4949 1680 4989 es
1703 4933 1734 4988 in
1749 4933 1844 5005 platea
1878 4995 1890 5000 -

83 5036 115 5085 et
143 5027 320 5084 veneranda.
352 5027 481 5083 visitarit
514 5026 594 5082 enim
617 5041 671 5082 nos
691 5025 803 5095 Oriens,
829 5028 938 5098 etjam
992 5023 1055 5080 sine
1092 5023 1284 5082 instrumento
1314 5026 1438 5092 edificii,
1468 5031 1497 5079 et
1526 5025 1588 5078 sine
1617 5038 1736 5079 ascensu
1760 5019 1841 5076 scale

82 5125 191 5174 ruente
206 5116 313 5172 saeculo
327 5115 514 5189 superposuit
532 5130 652 5172 manum
675 5129 771 5186 suam,
786 5115 838 5187 qui
852 5116 939 5172 talem
992 5117 1082 5183 stans,
1105 5113 1145 5170 ita
1167 5113 1246 5187 quod
1277 5115 1338 5170 luta
1363 5115 1445 5171 scala
1471 5113 1643 5186 aspergeris.
1677 5113 1747 5169 Nam
1771 5108 1843 5164 lenis

83 5221 117 5260 ac
132 5208 246 5260 tantam
273 5203 352 5259 inter
377 5203 497 5259 nebulas
511 5203 609 5258 saculi
629 5218 755 5276 nequem
779 5209 876 5260 nostra
892 5204 938 5260 le·
993 5219 1033 5270 es,
1050 5207 1079 5258 el
1094 5219 1153 5258 non
1166 5208 1266 5260 aculus
1291 5205 1322 5260 in
1337 5204 1419 5260 oculo
1435 5201 1626 5276 correptionis
1653 5202 1687 5256 ad
1715 5215 1843 5273 arguen-

83 5295 181 5352 liciter
204 5297 290 5350 atate
311 5291 390 5350 dedit
412 5292 580 5359 clarescere,
613 5293 696 5365 cnjus
718 5293 882 5350 interventu
910 5300 939 5350 el
993 5292 1063 5348 dum
1078 5308 1181 5363 pravos
1196 5299 1225 5349 ct
1244 5293 1343 5366 nigros
1364 5309 1459 5348 mores
1483 5292 1651 5357 bominum
1671 5289 1721 5346 sed
1744 5294 1843 5345 umen

85 5383 201 5440 veniam
216 5386 413 5453 peccatorum,
428 5386 459 5438 et
481 5381 641 5442 remedium
661 5381 805 5452 laborum,
826 5386 855 5438 et
868 5397 937 5438 con·
993 5381 1086 5452 gratia
1112 5381 1163 5438 lici
1198 5382 1315 5454 inspicit
1337 5386 1376 5450 te,
1405 5397 1463 5437 non
1491 5380 1645 5436 habentem
1679 5381 1841 5436 clausuram

86 5471 261 5526 solationem
281 5469 416 5524 dolorum
437 5467 577 5537 obtinere,
606 5474 695 5540 atquc
710 5469 814 5526 divine
842 5487 939 5526 secre-
992 5469 1106 5526 duritia
1127 5471 1231 5538 cordis,
1256 5471 1305 5527 sed
1330 5476 1442 5526 tantum
1463 5468 1656 5525 dormientem
1672 5468 1703 5524 in
1725 5473 1842 5539 torpore

87 5561 148 5611 tum
179 5555 377 5628 dispositionis
408 5571 581 5628 cognoscere
613 5557 784 5629 gandemus.
817 5563 939 5616 Accusat
992 5559 1126 5629 lascivire,
1150 5561 1188 5616 itu
1209 5560 1287 5633 quod
1313 5561 1403 5616 ileum
1428 5575 1486 5615 non
1522 5558 1655 5616 attendis.
1684 5559 1757 5629 Ergo
1784 5557 1840 5612 llo·
