<?xml version="1.0" encoding="UTF-8"?>
<!DOCTYPE html PUBLIC "-//W3C//DTD XHTML 1.0 Transitional//EN"
    "http://www.w3.org/TR/xhtml1/DTD/xhtml1-transitional.dtd">
<html xmlns="http://www.w3.org/1999/xhtml" xml:lang="en" lang="en">
 <head>
  <title>
</title>
<meta http-equiv="Content-Type" content="text/html;charset=utf-8" />
  <meta name='ocr-system' content='tesseract 3.04.00' />
  <meta name='ocr-capabilities' content='ocr_page ocr_carea ocr_par ocr_line ocrx_word'/>
</head>
<body>
  <div class='ocr_page' id='page_1' title='image "./patrologiaecurs125unkngoog_0349.png"; bbox 0 0 3984 6034; ppageno 0'>
   <div class='ocr_carea' id='block_1_1' title="bbox 114 215 1863 283">
    <p class='ocr_par' dir='ltr' id='par_1_1' title="bbox 114 215 1863 283">
     <span class='ocr_line' id='line_1_1' title="bbox 114 215 1863 283; baseline -0.001 -13"><span class='ocrx_word' id='word_1_1' title='bbox 114 219 169 271; x_wconf 79' lang='grc'>689</span> <span class='ocrx_word' id='word_1_2' title='bbox 752 215 1019 273; x_wconf 79' lang='lat' dir='ltr'>sclvtas.-tta.</span> <span class='ocrx_word' id='word_1_3' title='bbox 1042 215 1266 283; x_wconf 70' lang='lat' dir='ltr'>illusioni.</span> <span class='ocrx_word' id='word_1_4' title='bbox 1810 215 1863 268; x_wconf 80' lang='grc'>690</span> 
     </span>
    </p>
   </div>
   <div class='ocr_carea' id='block_1_2' title="bbox 106 347 1920 5544">
    <p class='ocr_par' dir='ltr' id='par_1_2' title="bbox 106 347 1920 5544">
     <span class='ocr_line' id='line_1_2' title="bbox 106 347 1857 425; baseline -0.001 -19"><span class='ocrx_word' id='word_1_5' title='bbox 106 351 209 408; x_wconf 90' lang='lat' dir='ltr'>viridis</span> <span class='ocrx_word' id='word_1_6' title='bbox 222 350 331 407; x_wconf 87' lang='lat' dir='ltr'>scilicet</span> <span class='ocrx_word' id='word_1_7' title='bbox 356 351 412 406; x_wconf 89' lang='lat' dir='ltr'>albi</span> <span class='ocrx_word' id='word_1_8' title='bbox 441 356 471 407; x_wconf 91' lang='lat' dir='ltr'>et</span> <span class='ocrx_word' id='word_1_9' title='bbox 484 351 567 407; x_wconf 91' lang='lat' dir='ltr'>rubei</span> <span class='ocrx_word' id='word_1_10' title='bbox 591 357 677 425; x_wconf 81' lang='lat' dir='ltr'>atque</span> <span class='ocrx_word' id='word_1_11' title='bbox 700 352 774 408; x_wconf 88' lang='lat' dir='ltr'>acrei</span> <span class='ocrx_word' id='word_1_12' title='bbox 801 367 949 424; x_wconf 86' lang='lat' dir='ltr'>purpureo</span> <span class='ocrx_word' id='word_1_13' title='bbox 968 352 1035 406; x_wconf 77' lang='lat' dir='ltr'>Aet</span> <span class='ocrx_word' id='word_1_14' title='bbox 1044 353 1136 407; x_wconf 88' lang='lat' dir='ltr'>claros</span> <span class='ocrx_word' id='word_1_15' title='bbox 1151 351 1248 406; x_wconf 90' lang='lat' dir='ltr'>oculos</span> <span class='ocrx_word' id='word_1_16' title='bbox 1271 347 1391 417; x_wconf 88' lang='lat' dir='ltr'>habens,</span> <span class='ocrx_word' id='word_1_17' title='bbox 1408 349 1572 406; x_wconf 85' lang='lat' dir='ltr'>acutissime</span> <span class='ocrx_word' id='word_1_18' title='bbox 1587 349 1618 406; x_wconf 91' lang='lat' dir='ltr'>in</span> <span class='ocrx_word' id='word_1_19' title='bbox 1633 351 1737 406; x_wconf 86' lang='lat' dir='ltr'>coelum</span> <span class='ocrx_word' id='word_1_20' title='bbox 1762 347 1857 414; x_wconf 69' lang='lat' dir='ltr'>videt:</span> 
     </span>
     <span class='ocr_line' id='line_1_3' title="bbox 107 437 1864 512; baseline -0.001 -19"><span class='ocrx_word' id='word_1_21' title='bbox 107 439 224 512; x_wconf 76' lang='lat' dir='ltr'><strong>fulgore</strong></span> <span class='ocrx_word' id='word_1_22' title='bbox 242 437 433 494; x_wconf 75' lang='lat' dir='ltr'>interlucente</span> <span class='ocrx_word' id='word_1_23' title='bbox 449 439 557 493; x_wconf 89' lang='lat' dir='ltr'>coloris</span> <span class='ocrx_word' id='word_1_24' title='bbox 581 438 747 507; x_wconf 89' lang='lat' dir='ltr'>decorator;</span> <span class='ocrx_word' id='word_1_25' title='bbox 770 438 908 512; x_wconf 77' lang='lat' dir='ltr'>quomam</span> <span class='ocrx_word' id='word_1_26' title='bbox 928 439 964 494; x_wconf 89' lang='lat' dir='ltr'>ab</span> <span class='ocrx_word' id='word_1_27' title='bbox 1020 439 1156 512; x_wconf 86' lang='lat' dir='ltr'>quoniam</span> <span class='ocrx_word' id='word_1_28' title='bbox 1172 437 1297 494; x_wconf 88' lang='lat' dir='ltr'>maxima</span> <span class='ocrx_word' id='word_1_29' title='bbox 1322 442 1350 494; x_wconf 91' lang='lat' dir='ltr'>et</span> <span class='ocrx_word' id='word_1_30' title='bbox 1377 454 1489 495; x_wconf 90' lang='lat' dir='ltr'>summa</span> <span class='ocrx_word' id='word_1_31' title='bbox 1509 439 1622 494; x_wconf 90' lang='lat' dir='ltr'>bonitas</span> <span class='ocrx_word' id='word_1_32' title='bbox 1648 438 1778 510; x_wconf 80' lang='lat' dir='ltr'>jiutitise,</span> <span class='ocrx_word' id='word_1_33' title='bbox 1794 437 1864 492; x_wconf 88' lang='lat' dir='ltr'>luci-</span> 
     </span>
     <span class='ocr_line' id='line_1_4' title="bbox 108 525 1864 600; baseline -0.001 -17"><span class='ocrx_word' id='word_1_34' title='bbox 108 526 230 584; x_wconf 89' lang='lat' dir='ltr'>exordio</span> <span class='ocrx_word' id='word_1_35' title='bbox 248 525 350 582; x_wconf 90' lang='lat' dir='ltr'>mundi</span> <span class='ocrx_word' id='word_1_36' title='bbox 385 543 451 582; x_wconf 89' lang='lat' dir='ltr'>cum</span> <span class='ocrx_word' id='word_1_37' title='bbox 473 526 600 598; x_wconf 87' lang='lat' dir='ltr'>primurn</span> <span class='ocrx_word' id='word_1_38' title='bbox 625 527 765 600; x_wconf 86' lang='lat' dir='ltr'>sapientia</span> <span class='ocrx_word' id='word_1_39' title='bbox 787 543 861 600; x_wconf 88' lang='lat' dir='ltr'>opus</span> <span class='ocrx_word' id='word_1_40' title='bbox 878 542 963 582; x_wconf 90' lang='lat' dir='ltr'>soum</span> <span class='ocrx_word' id='word_1_41' title='bbox 1018 528 1169 584; x_wconf 82' lang='lat' dir='ltr'>dissimum</span> <span class='ocrx_word' id='word_1_42' title='bbox 1193 527 1286 582; x_wconf 86' lang='lat' dir='ltr'>visum</span> <span class='ocrx_word' id='word_1_43' title='bbox 1314 526 1559 597; x_wconf 88' lang='lat' dir='ltr'>perincsrnatum</span> <span class='ocrx_word' id='word_1_44' title='bbox 1587 527 1690 582; x_wconf 80' lang='lat' dir='ltr'>Filium</span> <span class='ocrx_word' id='word_1_45' title='bbox 1705 527 1756 582; x_wconf 85' lang='lat' dir='ltr'>Dei</span> <span class='ocrx_word' id='word_1_46' title='bbox 1772 526 1864 582; x_wconf 93' lang='lat' dir='ltr'>homi·</span> 
     </span>
     <span class='ocr_line' id='line_1_5' title="bbox 109 611 1862 688; baseline -0.002 -17"><span class='ocrx_word' id='word_1_47' title='bbox 109 616 142 671; x_wconf 89' lang='lat' dir='ltr'>in</span> <span class='ocrx_word' id='word_1_48' title='bbox 158 621 287 688; x_wconf 87' lang='lat' dir='ltr'>apertam</span> <span class='ocrx_word' id='word_1_49' title='bbox 309 616 507 688; x_wconf 76' lang='lat' dir='ltr'>ostensionem</span> <span class='ocrx_word' id='word_1_50' title='bbox 522 615 613 682; x_wconf 80' lang='lat' dir='ltr'>dedit,</span> <span class='ocrx_word' id='word_1_51' title='bbox 635 616 755 688; x_wconf 82' lang='lat' dir='ltr'>jamque</span> <span class='ocrx_word' id='word_1_52' title='bbox 777 632 807 671; x_wconf 86' lang='lat' dir='ltr'>se</span> <span class='ocrx_word' id='word_1_53' title='bbox 821 615 963 688; x_wconf 79' lang='lat' dir='ltr'>usquead</span> <span class='ocrx_word' id='word_1_54' title='bbox 1017 613 1104 668; x_wconf 88' lang='lat' dir='ltr'>nibus</span> <span class='ocrx_word' id='word_1_55' title='bbox 1123 611 1286 678; x_wconf 70' lang='lat' dir='ltr'>declaravit,</span> <span class='ocrx_word' id='word_1_56' title='bbox 1309 625 1376 666; x_wconf 88' lang='lat' dir='ltr'>corn</span> <span class='ocrx_word' id='word_1_57' title='bbox 1397 612 1446 667; x_wconf 91' lang='lat' dir='ltr'>ille</span> <span class='ocrx_word' id='word_1_58' title='bbox 1469 612 1500 666; x_wconf 90' lang='lat' dir='ltr'>in</span> <span class='ocrx_word' id='word_1_59' title='bbox 1522 613 1651 668; x_wconf 88' lang='lat' dir='ltr'>humano</span> <span class='ocrx_word' id='word_1_60' title='bbox 1666 628 1784 686; x_wconf 91' lang='lat' dir='ltr'>corpore</span> <span class='ocrx_word' id='word_1_61' title='bbox 1804 617 1862 668; x_wconf 89' lang='lat' dir='ltr'>tar·</span> 
     </span>
     <span class='ocr_line' id='line_1_6' title="bbox 109 699 1864 776; baseline -0.002 -16"><span class='ocrx_word' id='word_1_62' title='bbox 109 705 200 760; x_wconf 86' lang='lat' dir='ltr'>finem</span> <span class='ocrx_word' id='word_1_63' title='bbox 221 705 392 759; x_wconf 78' lang='lat' dir='ltr'>seculorum</span> <span class='ocrx_word' id='word_1_64' title='bbox 417 703 500 776; x_wconf 86' lang='lat' dir='ltr'>quasi</span> <span class='ocrx_word' id='word_1_65' title='bbox 520 719 580 759; x_wconf 88' lang='lat' dir='ltr'>una</span> <span class='ocrx_word' id='word_1_66' title='bbox 600 703 646 758; x_wconf 88' lang='lat' dir='ltr'>via</span> <span class='ocrx_word' id='word_1_67' title='bbox 666 703 789 760; x_wconf 90' lang='lat' dir='ltr'>tetendit</span> <span class='ocrx_word' id='word_1_68' title='bbox 804 703 835 758; x_wconf 91' lang='lat' dir='ltr'>in</span> <span class='ocrx_word' id='word_1_69' title='bbox 856 703 963 759; x_wconf 89' lang='lat' dir='ltr'>sanctis</span> <span class='ocrx_word' id='word_1_70' title='bbox 1018 700 1094 756; x_wconf 89' lang='lat' dir='ltr'>renis</span> <span class='ocrx_word' id='word_1_71' title='bbox 1110 715 1141 756; x_wconf 93' lang='lat' dir='ltr'>ac</span> <span class='ocrx_word' id='word_1_72' title='bbox 1156 699 1316 757; x_wconf 74' lang='lat' dir='ltr'>tenebrosis</span> <span class='ocrx_word' id='word_1_73' title='bbox 1341 701 1432 756; x_wconf 88' lang='lat' dir='ltr'>oculis</span> <span class='ocrx_word' id='word_1_74' title='bbox 1451 716 1481 755; x_wconf 87' lang='lat' dir='ltr'>se</span> <span class='ocrx_word' id='word_1_75' title='bbox 1504 701 1716 757; x_wconf 87' lang='lat' dir='ltr'>manifestavit:</span> <span class='ocrx_word' id='word_1_76' title='bbox 1739 699 1864 757; x_wconf 85' lang='lat' dir='ltr'>coeleetia</span> 
     </span>
     <span class='ocr_line' id='line_1_7' title="bbox 111 787 1864 866; baseline -0.002 -17"><span class='ocrx_word' id='word_1_77' title='bbox 111 800 142 850; x_wconf 88' lang='lat' dir='ltr'>et</span> <span class='ocrx_word' id='word_1_78' title='bbox 160 792 249 866; x_wconf 86' lang='lat' dir='ltr'>justis</span> <span class='ocrx_word' id='word_1_79' title='bbox 274 791 419 848; x_wconf 89' lang='lat' dir='ltr'>mandatis</span> <span class='ocrx_word' id='word_1_80' title='bbox 440 797 551 861; x_wconf 88' lang='lat' dir='ltr'>ornata,</span> <span class='ocrx_word' id='word_1_81' title='bbox 574 791 709 848; x_wconf 82' lang='lat' dir='ltr'>videlicet</span> <span class='ocrx_word' id='word_1_82' title='bbox 730 792 826 864; x_wconf 88' lang='lat' dir='ltr'>prima</span> <span class='ocrx_word' id='word_1_83' title='bbox 845 791 963 863; x_wconf 87' lang='lat' dir='ltr'>planta-</span> <span class='ocrx_word' id='word_1_84' title='bbox 1016 788 1132 845; x_wconf 89' lang='lat' dir='ltr'>intuens</span> <span class='ocrx_word' id='word_1_85' title='bbox 1154 804 1206 860; x_wconf 89' lang='lat' dir='ltr'>per</span> <span class='ocrx_word' id='word_1_86' title='bbox 1224 787 1452 860; x_wconf 82' lang='lat' dir='ltr'>redemptionem</span> <span class='ocrx_word' id='word_1_87' title='bbox 1475 788 1647 845; x_wconf 89' lang='lat' dir='ltr'>animarum.</span> <span class='ocrx_word' id='word_1_88' title='bbox 1675 791 1709 846; x_wconf 84' lang='lat' dir='ltr'>Et</span> <span class='ocrx_word' id='word_1_89' title='bbox 1722 793 1782 845; x_wconf 88' lang='lat' dir='ltr'>tota</span> <span class='ocrx_word' id='word_1_90' title='bbox 1796 805 1864 846; x_wconf 87' lang='lat' dir='ltr'>cen·</span> 
     </span>
     <span class='ocr_line' id='line_1_8' title="bbox 111 876 1862 950; baseline 0 -16"><span class='ocrx_word' id='word_1_91' title='bbox 111 879 194 935; x_wconf 87' lang='lat' dir='ltr'>lione</span> <span class='ocrx_word' id='word_1_92' title='bbox 218 879 317 934; x_wconf 85' lang='lat' dir='ltr'>viridis</span> <span class='ocrx_word' id='word_1_93' title='bbox 344 877 483 950; x_wconf 76' lang='lat' dir='ltr'>germinis</span> <span class='ocrx_word' id='word_1_94' title='bbox 511 877 740 950; x_wconf 86' lang='lat' dir='ltr'>patriarcharum</span> <span class='ocrx_word' id='word_1_95' title='bbox 758 882 787 934; x_wconf 90' lang='lat' dir='ltr'>et</span> <span class='ocrx_word' id='word_1_96' title='bbox 809 879 963 950; x_wconf 90' lang='lat' dir='ltr'>propheta·</span> <span class='ocrx_word' id='word_1_97' title='bbox 1017 877 1084 933; x_wconf 88' lang='lat' dir='ltr'>dida</span> <span class='ocrx_word' id='word_1_98' title='bbox 1110 880 1140 932; x_wconf 88' lang='lat' dir='ltr'>et</span> <span class='ocrx_word' id='word_1_99' title='bbox 1154 876 1300 948; x_wconf 91' lang='lat' dir='ltr'>perlucida</span> <span class='ocrx_word' id='word_1_100' title='bbox 1328 876 1423 932; x_wconf 79' lang='lat' dir='ltr'>existit</span> <span class='ocrx_word' id='word_1_101' title='bbox 1437 881 1470 933; x_wconf 92' lang='lat' dir='ltr'>ut</span> <span class='ocrx_word' id='word_1_102' title='bbox 1491 877 1672 934; x_wconf 89' lang='lat' dir='ltr'>serenissima</span> <span class='ocrx_word' id='word_1_103' title='bbox 1699 879 1791 934; x_wconf 87' lang='lat' dir='ltr'>nubas</span> <span class='ocrx_word' id='word_1_104' title='bbox 1805 883 1862 947; x_wconf 78' lang='lat' dir='ltr'>cst3</span> 
     </span>
     <span class='ocr_line' id='line_1_9' title="bbox 111 961 1864 1038; baseline 0.002 -20"><span class='ocrx_word' id='word_1_105' title='bbox 111 979 190 1029; x_wconf 91' lang='lat' dir='ltr'>rum,</span> <span class='ocrx_word' id='word_1_106' title='bbox 206 979 271 1036; x_wconf 77' lang='lat' dir='ltr'>quse</span> <span class='ocrx_word' id='word_1_107' title='bbox 286 963 318 1018; x_wconf 89' lang='lat' dir='ltr'>in</span> <span class='ocrx_word' id='word_1_108' title='bbox 329 963 468 1018; x_wconf 77' lang='lat' dir='ltr'>arumnis</span> <span class='ocrx_word' id='word_1_109' title='bbox 497 963 624 1034; x_wconf 91' lang='lat' dir='ltr'>gemitus</span> <span class='ocrx_word' id='word_1_110' title='bbox 644 962 750 1018; x_wconf 88' lang='lat' dir='ltr'>laboris</span> <span class='ocrx_word' id='word_1_111' title='bbox 768 961 813 1018; x_wconf 90' lang='lat' dir='ltr'>sui</span> <span class='ocrx_word' id='word_1_112' title='bbox 834 963 961 1018; x_wconf 82' lang='lat' dir='ltr'>marimo</span> <span class='ocrx_word' id='word_1_113' title='bbox 1016 965 1084 1038; x_wconf 85' lang='lat' dir='ltr'>quia</span> <span class='ocrx_word' id='word_1_114' title='bbox 1099 964 1161 1036; x_wconf 90' lang='lat' dir='ltr'>ipsa</span> <span class='ocrx_word' id='word_1_115' title='bbox 1184 964 1214 1019; x_wconf 93' lang='lat' dir='ltr'>in</span> <span class='ocrx_word' id='word_1_116' title='bbox 1228 963 1352 1020; x_wconf 91' lang='lat' dir='ltr'>candore</span> <span class='ocrx_word' id='word_1_117' title='bbox 1379 968 1407 1019; x_wconf 92' lang='lat' dir='ltr'>et</span> <span class='ocrx_word' id='word_1_118' title='bbox 1421 966 1546 1036; x_wconf 90' lang='lat' dir='ltr'>puritate</span> <span class='ocrx_word' id='word_1_119' title='bbox 1564 965 1705 1022; x_wconf 90' lang='lat' dir='ltr'>montium</span> <span class='ocrx_word' id='word_1_120' title='bbox 1717 966 1864 1037; x_wconf 82' lang='lat' dir='ltr'>justornm</span> 
     </span>
     <span class='ocr_line' id='line_1_10' title="bbox 112 1049 1864 1126; baseline 0.001 -20"><span class='ocrx_word' id='word_1_121' title='bbox 112 1050 256 1107; x_wconf 88' lang='lat' dir='ltr'>desiderio</span> <span class='ocrx_word' id='word_1_122' title='bbox 266 1049 370 1106; x_wconf 83' lang='lat' dir='ltr'>l&#39;ilium</span> <span class='ocrx_word' id='word_1_123' title='bbox 394 1050 443 1105; x_wconf 81' lang='lat' dir='ltr'>llei</span> <span class='ocrx_word' id='word_1_124' title='bbox 464 1050 635 1122; x_wconf 89' lang='lat' dir='ltr'>flagitabant</span> <span class='ocrx_word' id='word_1_125' title='bbox 648 1049 803 1117; x_wconf 88' lang='lat' dir='ltr'>incarnari,</span> <span class='ocrx_word' id='word_1_126' title='bbox 818 1055 848 1105; x_wconf 87' lang='lat' dir='ltr'>et</span> <span class='ocrx_word' id='word_1_127' title='bbox 858 1049 961 1106; x_wconf 89' lang='lat' dir='ltr'>deinde</span> <span class='ocrx_word' id='word_1_128' title='bbox 1016 1051 1166 1108; x_wconf 90' lang='lat' dir='ltr'>hominum</span> <span class='ocrx_word' id='word_1_129' title='bbox 1196 1051 1317 1122; x_wconf 88' lang='lat' dir='ltr'>habitat,</span> <span class='ocrx_word' id='word_1_130' title='bbox 1334 1052 1382 1126; x_wconf 87' lang='lat' dir='ltr'>qni</span> <span class='ocrx_word' id='word_1_131' title='bbox 1399 1069 1484 1108; x_wconf 91' lang='lat' dir='ltr'>omne</span> <span class='ocrx_word' id='word_1_132' title='bbox 1510 1053 1638 1110; x_wconf 89' lang='lat' dir='ltr'>studium</span> <span class='ocrx_word' id='word_1_133' title='bbox 1653 1069 1737 1110; x_wconf 88' lang='lat' dir='ltr'>suurn</span> <span class='ocrx_word' id='word_1_134' title='bbox 1754 1055 1788 1110; x_wconf 90' lang='lat' dir='ltr'>ad</span> <span class='ocrx_word' id='word_1_135' title='bbox 1809 1054 1864 1110; x_wconf 92' lang='lat' dir='ltr'>boc</span> 
     </span>
     <span class='ocr_line' id='line_1_11' title="bbox 111 1137 1858 1212; baseline 0.002 -18"><span class='ocrx_word' id='word_1_136' title='bbox 111 1139 247 1195; x_wconf 86' lang='lat' dir='ltr'>decorata</span> <span class='ocrx_word' id='word_1_137' title='bbox 272 1138 478 1194; x_wconf 87' lang='lat' dir='ltr'>candidissima</span> <span class='ocrx_word' id='word_1_138' title='bbox 500 1137 665 1210; x_wconf 88' lang='lat' dir='ltr'>virginitate</span> <span class='ocrx_word' id='word_1_139' title='bbox 690 1137 720 1192; x_wconf 93' lang='lat' dir='ltr'>in</span> <span class='ocrx_word' id='word_1_140' title='bbox 734 1138 848 1210; x_wconf 89' lang='lat' dir='ltr'>virgine</span> <span class='ocrx_word' id='word_1_141' title='bbox 862 1138 958 1208; x_wconf 83' lang='lat' dir='ltr'>llario,</span> <span class='ocrx_word' id='word_1_142' title='bbox 1014 1141 1179 1210; x_wconf 90' lang='lat' dir='ltr'>intendunt,</span> <span class='ocrx_word' id='word_1_143' title='bbox 1207 1146 1238 1196; x_wconf 92' lang='lat' dir='ltr'>nt</span> <span class='ocrx_word' id='word_1_144' title='bbox 1254 1141 1375 1212; x_wconf 77' lang='lat' dir='ltr'>justitia</span> <span class='ocrx_word' id='word_1_145' title='bbox 1397 1142 1450 1198; x_wconf 82' lang='lat' dir='ltr'>Dei</span> <span class='ocrx_word' id='word_1_146' title='bbox 1470 1142 1637 1198; x_wconf 87' lang='lat' dir='ltr'>fidelissime</span> <span class='ocrx_word' id='word_1_147' title='bbox 1667 1141 1774 1198; x_wconf 89' lang='lat' dir='ltr'>subditi</span> <span class='ocrx_word' id='word_1_148' title='bbox 1790 1141 1858 1198; x_wconf 91' lang='lat' dir='ltr'>sint.</span> 
     </span>
     <span class='ocr_line' id='line_1_12' title="bbox 111 1221 1860 1302; baseline 0.001 -18"><span class='ocrx_word' id='word_1_149' title='bbox 111 1234 141 1284; x_wconf 90' lang='lat' dir='ltr'>ct</span> <span class='ocrx_word' id='word_1_150' title='bbox 155 1221 253 1301; x_wconf 80' lang='lat' dir='ltr'>posle&#39;a</span> <span class='ocrx_word' id='word_1_151' title='bbox 266 1228 298 1284; x_wconf 89' lang='lat' dir='ltr'>in</span> <span class='ocrx_word' id='word_1_152' title='bbox 309 1227 509 1283; x_wconf 86' lang='lat' dir='ltr'>robustissima</span> <span class='ocrx_word' id='word_1_153' title='bbox 528 1231 557 1282; x_wconf 88' lang='lat' dir='ltr'>ct</span> <span class='ocrx_word' id='word_1_154' title='bbox 574 1227 698 1282; x_wconf 88' lang='lat' dir='ltr'>rubente</span> <span class='ocrx_word' id='word_1_155' title='bbox 711 1232 872 1298; x_wconf 83' lang='lat' dir='ltr'>martyrum</span> <span class='ocrx_word' id='word_1_156' title='bbox 890 1227 957 1295; x_wconf 90' lang='lat' dir='ltr'>fide,</span> <span class='ocrx_word' id='word_1_157' title='bbox 1016 1230 1095 1286; x_wconf 88' lang='lat' dir='ltr'>Unde</span> <span class='ocrx_word' id='word_1_158' title='bbox 1109 1230 1211 1302; x_wconf 88' lang='lat' dir='ltr'>etipsa</span> <span class='ocrx_word' id='word_1_159' title='bbox 1225 1229 1349 1286; x_wconf 89' lang='lat' dir='ltr'>nubibus</span> <span class='ocrx_word' id='word_1_160' title='bbox 1364 1245 1394 1285; x_wconf 93' lang='lat' dir='ltr'>se</span> <span class='ocrx_word' id='word_1_161' title='bbox 1414 1229 1572 1298; x_wconf 73' lang='lat' dir='ltr'>assimilat:</span> <span class='ocrx_word' id='word_1_162' title='bbox 1590 1229 1728 1302; x_wconf 83' lang='lat' dir='ltr'>quoniam</span> <span class='ocrx_word' id='word_1_163' title='bbox 1757 1229 1787 1285; x_wconf 91' lang='lat' dir='ltr'>in</span> <span class='ocrx_word' id='word_1_164' title='bbox 1802 1245 1860 1286; x_wconf 90' lang='lat' dir='ltr'>cor·</span> 
     </span>
     <span class='ocr_line' id='line_1_13' title="bbox 111 1314 1920 1391; baseline 0.002 -18"><span class='ocrx_word' id='word_1_165' title='bbox 111 1333 145 1373; x_wconf 94' lang='lat' dir='ltr'>ac</span> <span class='ocrx_word' id='word_1_166' title='bbox 165 1317 282 1372; x_wconf 89' lang='lat' dir='ltr'>demum</span> <span class='ocrx_word' id='word_1_167' title='bbox 306 1315 336 1370; x_wconf 91' lang='lat' dir='ltr'>in</span> <span class='ocrx_word' id='word_1_168' title='bbox 365 1315 616 1387; x_wconf 71' lang='lat' dir='ltr'>contemplationis</span> <span class='ocrx_word' id='word_1_169' title='bbox 645 1329 792 1386; x_wconf 88' lang='lat' dir='ltr'>purpurea</span> <span class='ocrx_word' id='word_1_170' title='bbox 815 1319 845 1369; x_wconf 89' lang='lat' dir='ltr'>et</span> <span class='ocrx_word' id='word_1_171' title='bbox 865 1314 960 1369; x_wconf 88' lang='lat' dir='ltr'>lucida</span> <span class='ocrx_word' id='word_1_172' title='bbox 1014 1318 1098 1374; x_wconf 93' lang='lat' dir='ltr'>dibus</span> <span class='ocrx_word' id='word_1_173' title='bbox 1104 1319 1249 1391; x_wconf 83' lang='lat' dir='ltr'>justornm</span> <span class='ocrx_word' id='word_1_174' title='bbox 1273 1323 1384 1390; x_wconf 88' lang='lat' dir='ltr'>gratam</span> <span class='ocrx_word' id='word_1_175' title='bbox 1406 1319 1460 1375; x_wconf 92' lang='lat' dir='ltr'>sibi</span> <span class='ocrx_word' id='word_1_176' title='bbox 1475 1319 1685 1375; x_wconf 71' lang='lat' dir='ltr'>habitationem</span> <span class='ocrx_word' id='word_1_177' title='bbox 1700 1323 1791 1391; x_wconf 87' lang='lat' dir='ltr'>paral.</span> <span class='ocrx_word' id='word_1_178' title='bbox 1807 1319 1862 1376; x_wconf 87' lang='lat' dir='ltr'>Sed</span> <span class='ocrx_word' id='word_1_179' title='bbox 1916 1333 1920 1342; x_wconf 79' lang='grc'><em>·</em></span> 
     </span>
     <span class='ocr_line' id='line_1_14' title="bbox 111 1403 1862 1480; baseline 0.001 -19"><span class='ocrx_word' id='word_1_180' title='bbox 111 1405 260 1471; x_wconf 76' lang='lat' dir='ltr'>charitate,</span> <span class='ocrx_word' id='word_1_181' title='bbox 275 1421 334 1476; x_wconf 84' lang='lat' dir='ltr'>qua</span> <span class='ocrx_word' id='word_1_182' title='bbox 348 1407 424 1460; x_wconf 82' lang='lat' dir='ltr'>neus</span> <span class='ocrx_word' id='word_1_183' title='bbox 438 1407 467 1459; x_wconf 91' lang='lat' dir='ltr'>ct</span> <span class='ocrx_word' id='word_1_184' title='bbox 488 1403 636 1476; x_wconf 86' lang='lat' dir='ltr'>proximus</span> <span class='ocrx_word' id='word_1_185' title='bbox 650 1418 704 1474; x_wconf 93' lang='lat' dir='ltr'>per</span> <span class='ocrx_word' id='word_1_186' title='bbox 724 1403 849 1458; x_wconf 88' lang='lat' dir='ltr'>calorem</span> <span class='ocrx_word' id='word_1_187' title='bbox 868 1405 959 1459; x_wconf 87' lang='lat' dir='ltr'>sancti</span> <span class='ocrx_word' id='word_1_188' title='bbox 1014 1407 1092 1480; x_wconf 87' lang='lat' dir='ltr'>quod</span> <span class='ocrx_word' id='word_1_189' title='bbox 1103 1407 1189 1462; x_wconf 87' lang='lat' dir='ltr'>sliam</span> <span class='ocrx_word' id='word_1_190' title='bbox 1202 1408 1327 1463; x_wconf 84' lang='lat' dir='ltr'>formam</span> <span class='ocrx_word' id='word_1_191' title='bbox 1342 1408 1469 1463; x_wconf 88' lang='lat' dir='ltr'>hominis</span> <span class='ocrx_word' id='word_1_192' title='bbox 1483 1407 1514 1463; x_wconf 91' lang='lat' dir='ltr'>in</span> <span class='ocrx_word' id='word_1_193' title='bbox 1528 1425 1561 1462; x_wconf 87' lang='lat' dir='ltr'>ea</span> <span class='ocrx_word' id='word_1_194' title='bbox 1580 1409 1690 1463; x_wconf 87' lang='lat' dir='ltr'>nullam</span> <span class='ocrx_word' id='word_1_195' title='bbox 1702 1407 1862 1480; x_wconf 86' lang='lat' dir='ltr'>conspicis:</span> 
     </span>
     <span class='ocr_line' id='line_1_15' title="bbox 109 1491 1862 1568; baseline 0.002 -20"><span class='ocrx_word' id='word_1_196' title='bbox 109 1493 235 1565; x_wconf 84' lang='lat' dir='ltr'>Spiritus</span> <span class='ocrx_word' id='word_1_197' title='bbox 249 1492 414 1564; x_wconf 92' lang='lat' dir='ltr'>diligendus</span> <span class='ocrx_word' id='word_1_198' title='bbox 429 1496 481 1559; x_wconf 91' lang='lat' dir='ltr'>est,</span> <span class='ocrx_word' id='word_1_199' title='bbox 497 1491 573 1563; x_wconf 88' lang='lat' dir='ltr'>quod</span> <span class='ocrx_word' id='word_1_200' title='bbox 587 1491 628 1546; x_wconf 89' lang='lat' dir='ltr'>ita</span> <span class='ocrx_word' id='word_1_201' title='bbox 642 1491 678 1545; x_wconf 90' lang='lat' dir='ltr'>ad</span> <span class='ocrx_word' id='word_1_202' title='bbox 699 1491 858 1546; x_wconf 90' lang='lat' dir='ltr'>terminum</span> <span class='ocrx_word' id='word_1_203' title='bbox 873 1507 958 1547; x_wconf 90' lang='lat' dir='ltr'>mou·</span> <span class='ocrx_word' id='word_1_204' title='bbox 1013 1496 1067 1552; x_wconf 91' lang='lat' dir='ltr'>hoc</span> <span class='ocrx_word' id='word_1_205' title='bbox 1086 1495 1219 1568; x_wconf 87' lang='lat' dir='ltr'>estquod</span> <span class='ocrx_word' id='word_1_206' title='bbox 1240 1495 1363 1551; x_wconf 68' lang='lat' dir='ltr'>coelestis</span> <span class='ocrx_word' id='word_1_207' title='bbox 1387 1501 1416 1551; x_wconf 89' lang='lat' dir='ltr'>et</span> <span class='ocrx_word' id='word_1_208' title='bbox 1440 1512 1499 1552; x_wconf 89' lang='lat' dir='ltr'>non</span> <span class='ocrx_word' id='word_1_209' title='bbox 1525 1497 1666 1552; x_wconf 88' lang='lat' dir='ltr'>terrestris</span> <span class='ocrx_word' id='word_1_210' title='bbox 1688 1501 1795 1566; x_wconf 88' lang='lat' dir='ltr'>manet,</span> <span class='ocrx_word' id='word_1_211' title='bbox 1818 1513 1862 1552; x_wconf 90' lang='lat' dir='ltr'>se-</span> 
     </span>
     <span class='ocr_line' id='line_1_16' title="bbox 111 1579 1863 1658; baseline 0.002 -22"><span class='ocrx_word' id='word_1_212' title='bbox 111 1582 142 1637; x_wconf 91' lang='lat' dir='ltr'>di</span> <span class='ocrx_word' id='word_1_213' title='bbox 153 1581 292 1653; x_wconf 91' lang='lat' dir='ltr'>procedet</span> <span class='ocrx_word' id='word_1_214' title='bbox 303 1580 499 1636; x_wconf 88' lang='lat' dir='ltr'>admonitione</span> <span class='ocrx_word' id='word_1_215' title='bbox 508 1579 586 1635; x_wconf 90' lang='lat' dir='ltr'>illios</span> <span class='ocrx_word' id='word_1_216' title='bbox 599 1592 658 1636; x_wconf 84' lang='lat' dir='ltr'>non</span> <span class='ocrx_word' id='word_1_217' title='bbox 668 1584 806 1649; x_wconf 84' lang='lat' dir='ltr'>cessante,</span> <span class='ocrx_word' id='word_1_218' title='bbox 818 1579 867 1635; x_wconf 90' lang='lat' dir='ltr'>ssd</span> <span class='ocrx_word' id='word_1_219' title='bbox 882 1596 958 1636; x_wconf 89' lang='lat' dir='ltr'>sem·</span> <span class='ocrx_word' id='word_1_220' title='bbox 1013 1586 1140 1641; x_wconf 89' lang='lat' dir='ltr'>cundum</span> <span class='ocrx_word' id='word_1_221' title='bbox 1166 1584 1245 1658; x_wconf 90' lang='lat' dir='ltr'>qood</span> <span class='ocrx_word' id='word_1_222' title='bbox 1268 1589 1296 1639; x_wconf 88' lang='lat' dir='ltr'>ct</span> <span class='ocrx_word' id='word_1_223' title='bbox 1315 1583 1368 1640; x_wconf 89' lang='lat' dir='ltr'>tibi</span> <span class='ocrx_word' id='word_1_224' title='bbox 1389 1585 1566 1641; x_wconf 85' lang='lat' dir='ltr'>declaratum</span> <span class='ocrx_word' id='word_1_225' title='bbox 1591 1588 1643 1652; x_wconf 89' lang='lat' dir='ltr'>ast,</span> <span class='ocrx_word' id='word_1_226' title='bbox 1665 1584 1795 1641; x_wconf 85' lang='lat' dir='ltr'>videlicrt</span> <span class='ocrx_word' id='word_1_227' title='bbox 1810 1586 1863 1641; x_wconf 90' lang='lat' dir='ltr'>hu-</span> 
     </span>
     <span class='ocr_line' id='line_1_17' title="bbox 111 1640 1863 1745; baseline 0.002 -21"><span class='ocrx_word' id='word_1_228' title='bbox 111 1685 167 1740; x_wconf 91' lang='lat' dir='ltr'>per</span> <span class='ocrx_word' id='word_1_229' title='bbox 180 1669 310 1741; x_wconf 88' lang='lat' dir='ltr'>quandiu</span> <span class='ocrx_word' id='word_1_230' title='bbox 320 1669 458 1724; x_wconf 80' lang='lat' dir='ltr'>seculum</span> <span class='ocrx_word' id='word_1_231' title='bbox 473 1667 559 1724; x_wconf 90' lang='lat' dir='ltr'>durat</span> <span class='ocrx_word' id='word_1_232' title='bbox 575 1671 739 1736; x_wconf 86' lang='lat' dir='ltr'>emanante,</span> <span class='ocrx_word' id='word_1_233' title='bbox 756 1673 787 1723; x_wconf 90' lang='lat' dir='ltr'>ot</span> <span class='ocrx_word' id='word_1_234' title='bbox 802 1669 960 1724; x_wconf 81' lang='lat' dir='ltr'>ctiamhac</span> <span class='ocrx_word' id='word_1_235' title='bbox 979 1640 1106 1728; x_wconf 76' lang='lat' dir='ltr'>Boranis</span> <span class='ocrx_word' id='word_1_236' title='bbox 1134 1672 1271 1744; x_wconf 87' lang='lat' dir='ltr'>operibus</span> <span class='ocrx_word' id='word_1_237' title='bbox 1285 1672 1389 1744; x_wconf 88' lang='lat' dir='ltr'>quibus</span> <span class='ocrx_word' id='word_1_238' title='bbox 1410 1677 1566 1745; x_wconf 87' lang='lat' dir='ltr'>gravantur</span> <span class='ocrx_word' id='word_1_239' title='bbox 1590 1671 1722 1728; x_wconf 90' lang='lat' dir='ltr'>homines</span> <span class='ocrx_word' id='word_1_240' title='bbox 1746 1671 1863 1728; x_wconf 90' lang='lat' dir='ltr'>illinon</span> 
     </span>
     <span class='ocr_line' id='line_1_18' title="bbox 111 1755 1862 1833; baseline 0.003 -21"><span class='ocrx_word' id='word_1_241' title='bbox 111 1756 205 1813; x_wconf 88' lang='lat' dir='ltr'>virtus</span> <span class='ocrx_word' id='word_1_242' title='bbox 215 1757 246 1812; x_wconf 94' lang='lat' dir='ltr'>in</span> <span class='ocrx_word' id='word_1_243' title='bbox 259 1757 458 1813; x_wconf 72' lang='lat' dir='ltr'>exhortatione</span> <span class='ocrx_word' id='word_1_244' title='bbox 473 1772 525 1812; x_wconf 87' lang='lat' dir='ltr'>soa</span> <span class='ocrx_word' id='word_1_245' title='bbox 533 1755 668 1823; x_wconf 89' lang='lat' dir='ltr'>declarat,</span> <span class='ocrx_word' id='word_1_246' title='bbox 676 1758 710 1811; x_wconf 92' lang='lat' dir='ltr'>ot</span> <span class='ocrx_word' id='word_1_247' title='bbox 718 1755 889 1828; x_wconf 74' lang='lat' dir='ltr'>praediolum</span> <span class='ocrx_word' id='word_1_248' title='bbox 905 1761 958 1812; x_wconf 89' lang='lat' dir='ltr'>est.</span> <span class='ocrx_word' id='word_1_249' title='bbox 1014 1760 1236 1825; x_wconf 75' lang='lat' dir='ltr'>adherentibus,</span> <span class='ocrx_word' id='word_1_250' title='bbox 1271 1760 1321 1816; x_wconf 90' lang='lat' dir='ltr'>sed</span> <span class='ocrx_word' id='word_1_251' title='bbox 1353 1775 1417 1833; x_wconf 80' lang='lat' dir='ltr'>qua</span> <span class='ocrx_word' id='word_1_252' title='bbox 1449 1760 1526 1832; x_wconf 90' lang='lat' dir='ltr'>ipsos</span> <span class='ocrx_word' id='word_1_253' title='bbox 1559 1760 1596 1816; x_wconf 89' lang='lat' dir='ltr'>sd</span> <span class='ocrx_word' id='word_1_254' title='bbox 1626 1760 1862 1833; x_wconf 85' lang='lat' dir='ltr'>justificationem</span> 
     </span>
     <span class='ocr_line' id='line_1_19' title="bbox 147 1843 1860 1921; baseline 0.002 -20"><span class='ocrx_word' id='word_1_255' title='bbox 147 1846 203 1902; x_wconf 83' lang='lat' dir='ltr'>Sed</span> <span class='ocrx_word' id='word_1_256' title='bbox 220 1845 298 1918; x_wconf 86' lang='lat' dir='ltr'>quod</span> <span class='ocrx_word' id='word_1_257' title='bbox 312 1845 417 1901; x_wconf 89' lang='lat' dir='ltr'>ilerum</span> <span class='ocrx_word' id='word_1_258' title='bbox 433 1845 464 1900; x_wconf 92' lang='lat' dir='ltr'>in</span> <span class='ocrx_word' id='word_1_259' title='bbox 482 1843 649 1917; x_wconf 85' lang='lat' dir='ltr'>pavimento</span> <span class='ocrx_word' id='word_1_260' title='bbox 663 1844 755 1916; x_wconf 89' lang='lat' dir='ltr'>ipsios</span> <span class='ocrx_word' id='word_1_261' title='bbox 773 1844 887 1900; x_wconf 74' lang='lat' dir='ltr'>edificii</span> <span class='ocrx_word' id='word_1_262' title='bbox 901 1849 960 1900; x_wconf 90' lang='lat' dir='ltr'>tres</span> <span class='ocrx_word' id='word_1_263' title='bbox 1013 1849 1272 1921; x_wconf 60' lang='lat' dir='ltr'>vituperonum</span> <span class='ocrx_word' id='word_1_264' title='bbox 1288 1849 1426 1920; x_wconf 87' lang='lat' dir='ltr'>quoniam</span> <span class='ocrx_word' id='word_1_265' title='bbox 1446 1851 1522 1904; x_wconf 87' lang='lat' dir='ltr'>Deos</span> <span class='ocrx_word' id='word_1_266' title='bbox 1535 1849 1630 1921; x_wconf 81' lang='lat' dir='ltr'>justus</span> <span class='ocrx_word' id='word_1_267' title='bbox 1643 1853 1694 1918; x_wconf 87' lang='lat' dir='ltr'>est,</span> <span class='ocrx_word' id='word_1_268' title='bbox 1712 1852 1744 1904; x_wconf 88' lang='lat' dir='ltr'>ut</span> <span class='ocrx_word' id='word_1_269' title='bbox 1755 1851 1784 1904; x_wconf 89' lang='lat' dir='ltr'>et</span> <span class='ocrx_word' id='word_1_270' title='bbox 1797 1848 1860 1920; x_wconf 88' lang='lat' dir='ltr'>ipsa</span> 
     </span>
     <span class='ocr_line' id='line_1_20' title="bbox 112 1931 1862 2009; baseline 0.003 -21"><span class='ocrx_word' id='word_1_271' title='bbox 112 1935 184 1989; x_wconf 88' lang='lat' dir='ltr'>alias</span> <span class='ocrx_word' id='word_1_272' title='bbox 204 1932 345 2005; x_wconf 75' lang='lat' dir='ltr'>imagines</span> <span class='ocrx_word' id='word_1_273' title='bbox 377 1932 476 1989; x_wconf 88' lang='lat' dir='ltr'>vides:</span> <span class='ocrx_word' id='word_1_274' title='bbox 506 1933 563 1989; x_wconf 93' lang='lat' dir='ltr'>hoc</span> <span class='ocrx_word' id='word_1_275' title='bbox 585 1937 629 1988; x_wconf 86' lang='lat' dir='ltr'>cst</span> <span class='ocrx_word' id='word_1_276' title='bbox 657 1932 737 2005; x_wconf 83' lang='lat' dir='ltr'>quod</span> <span class='ocrx_word' id='word_1_277' title='bbox 764 1932 808 1988; x_wconf 78' lang='lat' dir='ltr'>ha</span> <span class='ocrx_word' id='word_1_278' title='bbox 839 1931 960 1989; x_wconf 87' lang='lat' dir='ltr'>virtutes</span> <span class='ocrx_word' id='word_1_279' title='bbox 1014 1936 1127 1994; x_wconf 89' lang='lat' dir='ltr'>diabolo</span> <span class='ocrx_word' id='word_1_280' title='bbox 1141 1936 1274 2009; x_wconf 90' lang='lat' dir='ltr'>opposita</span> <span class='ocrx_word' id='word_1_281' title='bbox 1288 1937 1319 1992; x_wconf 94' lang='lat' dir='ltr'>in</span> <span class='ocrx_word' id='word_1_282' title='bbox 1341 1952 1428 2008; x_wconf 87' lang='lat' dir='ltr'>opere</span> <span class='ocrx_word' id='word_1_283' title='bbox 1455 1937 1508 1993; x_wconf 86' lang='lat' dir='ltr'>Dei</span> <span class='ocrx_word' id='word_1_284' title='bbox 1529 1941 1645 1993; x_wconf 77' lang='lat' dir='ltr'>crateras</span> <span class='ocrx_word' id='word_1_285' title='bbox 1670 1939 1792 1994; x_wconf 85' lang='lat' dir='ltr'>virtutes</span> <span class='ocrx_word' id='word_1_286' title='bbox 1816 1953 1862 1994; x_wconf 88' lang='lat' dir='ltr'>ex-</span> 
     </span>
     <span class='ocr_line' id='line_1_21' title="bbox 112 2019 1612 2096; baseline 0.003 -19"><span class='ocrx_word' id='word_1_287' title='bbox 112 2027 226 2078; x_wconf 84' lang='lat' dir='ltr'>terrens</span> <span class='ocrx_word' id='word_1_288' title='bbox 239 2023 391 2089; x_wconf 88' lang='lat' dir='ltr'>calcantes,</span> <span class='ocrx_word' id='word_1_289' title='bbox 421 2025 451 2077; x_wconf 94' lang='lat' dir='ltr'>et</span> <span class='ocrx_word' id='word_1_290' title='bbox 473 2020 599 2077; x_wconf 75' lang='lat' dir='ltr'>caelestia</span> <span class='ocrx_word' id='word_1_291' title='bbox 625 2020 657 2076; x_wconf 92' lang='lat' dir='ltr'>io</span> <span class='ocrx_word' id='word_1_292' title='bbox 684 2019 782 2076; x_wconf 80' lang='lat' dir='ltr'>divino</span> <span class='ocrx_word' id='word_1_293' title='bbox 810 2037 897 2093; x_wconf 88' lang='lat' dir='ltr'>opere</span> <span class='ocrx_word' id='word_1_294' title='bbox 912 2037 960 2077; x_wconf 91' lang='lat' dir='ltr'>se·</span> <span class='ocrx_word' id='word_1_295' title='bbox 1012 2025 1271 2096; x_wconf 89' lang='lat' dir='ltr'>hortanseuparius</span> <span class='ocrx_word' id='word_1_296' title='bbox 1286 2023 1411 2082; x_wconf 86' lang='lat' dir='ltr'>fideliter</span> <span class='ocrx_word' id='word_1_297' title='bbox 1425 2025 1612 2082; x_wconf 88' lang='lat' dir='ltr'>demonstrat.</span> 
     </span>
     <span class='ocr_line' id='line_1_22' title="bbox 111 2107 1862 2187; baseline 0.003 -22"><span class='ocrx_word' id='word_1_298' title='bbox 111 2115 221 2166; x_wconf 89' lang='lat' dir='ltr'>ctantcs</span> <span class='ocrx_word' id='word_1_299' title='bbox 247 2110 304 2166; x_wconf 86' lang='lat' dir='ltr'>tria</span> <span class='ocrx_word' id='word_1_300' title='bbox 322 2110 516 2166; x_wconf 89' lang='lat' dir='ltr'>instrumenta</span> <span class='ocrx_word' id='word_1_301' title='bbox 534 2124 586 2181; x_wconf 92' lang='lat' dir='ltr'>per</span> <span class='ocrx_word' id='word_1_302' title='bbox 600 2124 664 2180; x_wconf 82' lang='lat' dir='ltr'>qua</span> <span class='ocrx_word' id='word_1_303' title='bbox 693 2109 817 2164; x_wconf 81' lang='lat' dir='ltr'>Ecclesia</span> <span class='ocrx_word' id='word_1_304' title='bbox 841 2107 871 2165; x_wconf 91' lang='lat' dir='ltr'>in</span> <span class='ocrx_word' id='word_1_305' title='bbox 887 2109 956 2165; x_wconf 88' lang='lat' dir='ltr'>liliis</span> <span class='ocrx_word' id='word_1_306' title='bbox 1049 2111 1146 2184; x_wconf 86' lang='lat' dir='ltr'>imago</span> <span class='ocrx_word' id='word_1_307' title='bbox 1162 2116 1258 2168; x_wconf 87' lang='lat' dir='ltr'>autern</span> <span class='ocrx_word' id='word_1_308' title='bbox 1275 2112 1369 2184; x_wconf 89' lang='lat' dir='ltr'>prirna</span> <span class='ocrx_word' id='word_1_309' title='bbox 1388 2113 1504 2170; x_wconf 88' lang='lat' dir='ltr'>illarum</span> <span class='ocrx_word' id='word_1_310' title='bbox 1524 2129 1589 2187; x_wconf 76' lang='lat' dir='ltr'>que</span> <span class='ocrx_word' id='word_1_311' title='bbox 1613 2117 1680 2169; x_wconf 91' lang='lat' dir='ltr'>ants</span> <span class='ocrx_word' id='word_1_312' title='bbox 1695 2113 1862 2186; x_wconf 73' lang='lat' dir='ltr'>praedictam</span> 
     </span>
     <span class='ocr_line' id='line_1_23' title="bbox 110 2197 1862 2272; baseline 0.002 -18"><span class='ocrx_word' id='word_1_313' title='bbox 110 2199 173 2256; x_wconf 91' lang='lat' dir='ltr'>sois</span> <span class='ocrx_word' id='word_1_314' title='bbox 194 2205 303 2256; x_wconf 75' lang='lat' dir='ltr'>aeterna</span> <span class='ocrx_word' id='word_1_315' title='bbox 324 2198 398 2272; x_wconf 90' lang='lat' dir='ltr'>petit</span> <span class='ocrx_word' id='word_1_316' title='bbox 419 2198 580 2269; x_wconf 88' lang='lat' dir='ltr'>designant,</span> <span class='ocrx_word' id='word_1_317' title='bbox 613 2197 824 2253; x_wconf 87' lang='lat' dir='ltr'>nutrimentum</span> <span class='ocrx_word' id='word_1_318' title='bbox 851 2198 961 2253; x_wconf 89' lang='lat' dir='ltr'>scilicet</span> <span class='ocrx_word' id='word_1_319' title='bbox 1012 2201 1172 2272; x_wconf 78' lang='lat' dir='ltr'>imaginem</span> <span class='ocrx_word' id='word_1_320' title='bbox 1195 2200 1249 2257; x_wconf 88' lang='lat' dir='ltr'>sihi</span> <span class='ocrx_word' id='word_1_321' title='bbox 1268 2201 1445 2257; x_wconf 86' lang='lat' dir='ltr'>collaterales</span> <span class='ocrx_word' id='word_1_322' title='bbox 1472 2205 1567 2270; x_wconf 87' lang='lat' dir='ltr'>stant;</span> <span class='ocrx_word' id='word_1_323' title='bbox 1596 2202 1724 2258; x_wconf 88' lang='lat' dir='ltr'>ostendit</span> <span class='ocrx_word' id='word_1_324' title='bbox 1747 2202 1862 2260; x_wconf 85' lang='lat' dir='ltr'>fortitu·</span> 
     </span>
     <span class='ocr_line' id='line_1_24' title="bbox 112 2279 1862 2364; baseline 0.002 -21"><span class='ocrx_word' id='word_1_325' title='bbox 112 2287 317 2359; x_wconf 88' lang='lat' dir='ltr'>magistrorum</span> <span class='ocrx_word' id='word_1_326' title='bbox 344 2293 374 2342; x_wconf 90' lang='lat' dir='ltr'>et</span> <span class='ocrx_word' id='word_1_327' title='bbox 388 2301 516 2358; x_wconf 88' lang='lat' dir='ltr'>pugnem</span> <span class='ocrx_word' id='word_1_328' title='bbox 544 2283 675 2340; x_wconf 86' lang='lat' dir='ltr'>fidelium</span> <span class='ocrx_word' id='word_1_329' title='bbox 698 2285 834 2341; x_wconf 84' lang='lat' dir='ltr'>adversus</span> <span class='ocrx_word' id='word_1_330' title='bbox 859 2286 959 2342; x_wconf 91' lang='lat' dir='ltr'>diabo·</span> <span class='ocrx_word' id='word_1_331' title='bbox 1014 2279 1122 2352; x_wconf 79' lang='lat' dir='ltr'>din&#39;cm,</span> <span class='ocrx_word' id='word_1_332' title='bbox 1137 2289 1206 2360; x_wconf 83' lang='lat' dir='ltr'>quia</span> <span class='ocrx_word' id='word_1_333' title='bbox 1219 2293 1284 2360; x_wconf 87' lang='lat' dir='ltr'>poet</span> <span class='ocrx_word' id='word_1_334' title='bbox 1296 2287 1439 2361; x_wconf 88' lang='lat' dir='ltr'>justitiam</span> <span class='ocrx_word' id='word_1_335' title='bbox 1451 2288 1503 2344; x_wconf 87' lang='lat' dir='ltr'>Dei</span> <span class='ocrx_word' id='word_1_336' title='bbox 1517 2290 1610 2362; x_wconf 89' lang='lat' dir='ltr'>surgit</span> <span class='ocrx_word' id='word_1_337' title='bbox 1626 2290 1766 2347; x_wconf 82' lang='lat' dir='ltr'>fortitudo</span> <span class='ocrx_word' id='word_1_338' title='bbox 1780 2291 1862 2364; x_wconf 85' lang='lat' dir='ltr'>quasi</span> 
     </span>
     <span class='ocr_line' id='line_1_25' title="bbox 111 2371 1862 2450; baseline 0 -18"><span class='ocrx_word' id='word_1_339' title='bbox 111 2379 185 2441; x_wconf 87' lang='lat' dir='ltr'>lum,</span> <span class='ocrx_word' id='word_1_340' title='bbox 200 2391 233 2431; x_wconf 90' lang='lat' dir='ltr'>ac</span> <span class='ocrx_word' id='word_1_341' title='bbox 249 2375 444 2431; x_wconf 81' lang='lat' dir='ltr'>reversionem</span> <span class='ocrx_word' id='word_1_342' title='bbox 468 2388 568 2429; x_wconf 89' lang='lat' dir='ltr'>eorum</span> <span class='ocrx_word' id='word_1_343' title='bbox 584 2371 619 2428; x_wconf 91' lang='lat' dir='ltr'>da</span> <span class='ocrx_word' id='word_1_344' title='bbox 637 2388 779 2429; x_wconf 87' lang='lat' dir='ltr'>consensu</span> <span class='ocrx_word' id='word_1_345' title='bbox 803 2373 958 2443; x_wconf 71' lang='lat' dir='ltr'>vitiorum,</span> <span class='ocrx_word' id='word_1_346' title='bbox 1013 2376 1146 2449; x_wconf 90' lang='lat' dir='ltr'>princeps</span> <span class='ocrx_word' id='word_1_347' title='bbox 1160 2375 1191 2432; x_wconf 90' lang='lat' dir='ltr'>in</span> <span class='ocrx_word' id='word_1_348' title='bbox 1206 2381 1361 2450; x_wconf 89' lang='lat' dir='ltr'>conspectu</span> <span class='ocrx_word' id='word_1_349' title='bbox 1385 2377 1491 2433; x_wconf 89' lang='lat' dir='ltr'>summi</span> <span class='ocrx_word' id='word_1_350' title='bbox 1518 2375 1605 2449; x_wconf 89' lang='lat' dir='ltr'>regis,</span> <span class='ocrx_word' id='word_1_351' title='bbox 1624 2381 1702 2433; x_wconf 90' lang='lat' dir='ltr'>recto</span> <span class='ocrx_word' id='word_1_352' title='bbox 1717 2381 1746 2433; x_wconf 85' lang='lat' dir='ltr'>at</span> <span class='ocrx_word' id='word_1_353' title='bbox 1764 2381 1862 2434; x_wconf 88' lang='lat' dir='ltr'>sancto</span> 
     </span>
     <span class='ocr_line' id='line_1_26' title="bbox 111 2461 1862 2537; baseline 0.001 -18"><span class='ocrx_word' id='word_1_354' title='bbox 111 2479 236 2537; x_wconf 86' lang='lat' dir='ltr'>quarum</span> <span class='ocrx_word' id='word_1_355' title='bbox 258 2480 316 2520; x_wconf 90' lang='lat' dir='ltr'>nna</span> <span class='ocrx_word' id='word_1_356' title='bbox 338 2463 465 2536; x_wconf 74' lang='lat' dir='ltr'>prelatis</span> <span class='ocrx_word' id='word_1_357' title='bbox 496 2461 648 2518; x_wconf 90' lang='lat' dir='ltr'>colummis</span> <span class='ocrx_word' id='word_1_358' title='bbox 671 2461 784 2516; x_wconf 81' lang='lat' dir='ltr'>acclivis</span> <span class='ocrx_word' id='word_1_359' title='bbox 809 2467 868 2530; x_wconf 88' lang='lat' dir='ltr'>est;</span> <span class='ocrx_word' id='word_1_360' title='bbox 892 2463 960 2535; x_wconf 86' lang='lat' dir='ltr'>quia</span> <span class='ocrx_word' id='word_1_361' title='bbox 1013 2480 1099 2536; x_wconf 90' lang='lat' dir='ltr'>opere</span> <span class='ocrx_word' id='word_1_362' title='bbox 1121 2479 1285 2537; x_wconf 89' lang='lat' dir='ltr'>repugnans</span> <span class='ocrx_word' id='word_1_363' title='bbox 1305 2465 1335 2521; x_wconf 91' lang='lat' dir='ltr'>in</span> <span class='ocrx_word' id='word_1_364' title='bbox 1356 2465 1523 2521; x_wconf 90' lang='lat' dir='ltr'>hominibus</span> <span class='ocrx_word' id='word_1_365' title='bbox 1544 2465 1656 2522; x_wconf 90' lang='lat' dir='ltr'>conclis</span> <span class='ocrx_word' id='word_1_366' title='bbox 1682 2464 1794 2522; x_wconf 90' lang='lat' dir='ltr'>insidiis</span> <span class='ocrx_word' id='word_1_367' title='bbox 1814 2465 1862 2520; x_wconf 90' lang='lat' dir='ltr'>ad-</span> 
     </span>
     <span class='ocr_line' id='line_1_27' title="bbox 111 2550 1862 2625; baseline 0.001 -17"><span class='ocrx_word' id='word_1_368' title='bbox 111 2551 296 2608; x_wconf 88' lang='lat' dir='ltr'>ccclesiastici</span> <span class='ocrx_word' id='word_1_369' title='bbox 325 2552 458 2608; x_wconf 90' lang='lat' dir='ltr'>doctores</span> <span class='ocrx_word' id='word_1_370' title='bbox 485 2566 538 2622; x_wconf 86' lang='lat' dir='ltr'>per</span> <span class='ocrx_word' id='word_1_371' title='bbox 568 2550 677 2607; x_wconf 88' lang='lat' dir='ltr'>donum</span> <span class='ocrx_word' id='word_1_372' title='bbox 713 2550 805 2606; x_wconf 88' lang='lat' dir='ltr'>sancti</span> <span class='ocrx_word' id='word_1_373' title='bbox 837 2551 960 2622; x_wconf 84' lang='lat' dir='ltr'>Spiritus</span> <span class='ocrx_word' id='word_1_374' title='bbox 1011 2553 1225 2620; x_wconf 51' lang='lat' dir='ltr'>¹versariorum</span> <span class='ocrx_word' id='word_1_375' title='bbox 1259 2557 1370 2609; x_wconf 88' lang='lat' dir='ltr'>armata</span> <span class='ocrx_word' id='word_1_376' title='bbox 1404 2569 1555 2625; x_wconf 88' lang='lat' dir='ltr'>apparens,</span> <span class='ocrx_word' id='word_1_377' title='bbox 1593 2553 1726 2610; x_wconf 90' lang='lat' dir='ltr'>videlicet</span> <span class='ocrx_word' id='word_1_378' title='bbox 1756 2551 1862 2610; x_wconf 87' lang='lat' dir='ltr'>virtute</span> 
     </span>
     <span class='ocr_line' id='line_1_28' title="bbox 113 2637 1861 2714; baseline 0.002 -20"><span class='ocrx_word' id='word_1_379' title='bbox 113 2640 226 2709; x_wconf 89' lang='lat' dir='ltr'>imbuti,</span> <span class='ocrx_word' id='word_1_380' title='bbox 243 2639 371 2712; x_wconf 82' lang='lat' dir='ltr'>requiem</span> <span class='ocrx_word' id='word_1_381' title='bbox 391 2637 510 2710; x_wconf 91' lang='lat' dir='ltr'>capiunt</span> <span class='ocrx_word' id='word_1_382' title='bbox 534 2637 627 2709; x_wconf 85' lang='lat' dir='ltr'>ipsine</span> <span class='ocrx_word' id='word_1_383' title='bbox 651 2637 874 2707; x_wconf 73' lang='lat' dir='ltr'>fortitudin03et</span> <span class='ocrx_word' id='word_1_384' title='bbox 889 2637 960 2693; x_wconf 85' lang='lat' dir='ltr'>reli·</span> <span class='ocrx_word' id='word_1_385' title='bbox 1014 2642 1221 2714; x_wconf 84' lang='lat' dir='ltr'>oninipotentis</span> <span class='ocrx_word' id='word_1_386' title='bbox 1243 2642 1294 2697; x_wconf 87' lang='lat' dir='ltr'>llei</span> <span class='ocrx_word' id='word_1_387' title='bbox 1318 2640 1455 2713; x_wconf 90' lang='lat' dir='ltr'>quoniam</span> <span class='ocrx_word' id='word_1_388' title='bbox 1482 2642 1544 2713; x_wconf 85' lang='lat' dir='ltr'>ipsa</span> <span class='ocrx_word' id='word_1_389' title='bbox 1567 2641 1649 2697; x_wconf 89' lang='lat' dir='ltr'>fortis</span> <span class='ocrx_word' id='word_1_390' title='bbox 1669 2643 1699 2698; x_wconf 90' lang='lat' dir='ltr'>lo</span> <span class='ocrx_word' id='word_1_391' title='bbox 1722 2643 1779 2699; x_wconf 88' lang='lat' dir='ltr'>fids</span> <span class='ocrx_word' id='word_1_392' title='bbox 1803 2643 1861 2700; x_wconf 88' lang='lat' dir='ltr'>for·</span> 
     </span>
     <span class='ocr_line' id='line_1_29' title="bbox 112 2726 1862 2802; baseline 0.002 -20"><span class='ocrx_word' id='word_1_393' title='bbox 112 2745 179 2801; x_wconf 83' lang='lat' dir='ltr'>quse</span> <span class='ocrx_word' id='word_1_394' title='bbox 199 2728 265 2784; x_wconf 82' lang='lat' dir='ltr'>duas</span> <span class='ocrx_word' id='word_1_395' title='bbox 285 2733 352 2783; x_wconf 90' lang='lat' dir='ltr'>eote</span> <span class='ocrx_word' id='word_1_396' title='bbox 373 2728 465 2800; x_wconf 86' lang='lat' dir='ltr'>ipsam</span> <span class='ocrx_word' id='word_1_397' title='bbox 489 2726 543 2782; x_wconf 93' lang='lat' dir='ltr'>sihi</span> <span class='ocrx_word' id='word_1_398' title='bbox 564 2726 742 2782; x_wconf 89' lang='lat' dir='ltr'>collaterales</span> <span class='ocrx_word' id='word_1_399' title='bbox 773 2731 858 2793; x_wconf 88' lang='lat' dir='ltr'>stant,</span> <span class='ocrx_word' id='word_1_400' title='bbox 885 2743 960 2799; x_wconf 85' lang='lat' dir='ltr'>quo·</span> <span class='ocrx_word' id='word_1_401' title='bbox 1013 2731 1082 2786; x_wconf 84' lang='lat' dir='ltr'>liter</span> <span class='ocrx_word' id='word_1_402' title='bbox 1110 2730 1218 2786; x_wconf 87' lang='lat' dir='ltr'>resistit</span> <span class='ocrx_word' id='word_1_403' title='bbox 1242 2729 1390 2785; x_wconf 78' lang='lat' dir='ltr'>diabolicas</span> <span class='ocrx_word' id='word_1_404' title='bbox 1419 2728 1601 2801; x_wconf 85' lang='lat' dir='ltr'>subjectioni.</span> <span class='ocrx_word' id='word_1_405' title='bbox 1632 2731 1811 2802; x_wconf 83' lang='lat' dir='ltr'>Quapropter</span> <span class='ocrx_word' id='word_1_406' title='bbox 1833 2734 1862 2785; x_wconf 93' lang='lat' dir='ltr'>et</span> 
     </span>
     <span class='ocr_line' id='line_1_30' title="bbox 112 2814 1860 2892; baseline 0.001 -20"><span class='ocrx_word' id='word_1_407' title='bbox 112 2818 193 2873; x_wconf 86' lang='lat' dir='ltr'>niam</span> <span class='ocrx_word' id='word_1_408' title='bbox 222 2816 337 2873; x_wconf 87' lang='lat' dir='ltr'>dilectio</span> <span class='ocrx_word' id='word_1_409' title='bbox 361 2816 412 2872; x_wconf 87' lang='lat' dir='ltr'>llei</span> <span class='ocrx_word' id='word_1_410' title='bbox 439 2820 469 2871; x_wconf 90' lang='lat' dir='ltr'>et</span> <span class='ocrx_word' id='word_1_411' title='bbox 494 2815 620 2888; x_wconf 88' lang='lat' dir='ltr'>proximi</span> <span class='ocrx_word' id='word_1_412' title='bbox 643 2817 705 2888; x_wconf 84' lang='lat' dir='ltr'>ejus</span> <span class='ocrx_word' id='word_1_413' title='bbox 714 2815 911 2872; x_wconf 82' lang='lat' dir='ltr'>exhortatione</span> <span class='ocrx_word' id='word_1_414' title='bbox 929 2814 960 2870; x_wconf 92' lang='lat' dir='ltr'>in</span> <span class='ocrx_word' id='word_1_415' title='bbox 1014 2819 1105 2892; x_wconf 90' lang='lat' dir='ltr'>galea,</span> <span class='ocrx_word' id='word_1_416' title='bbox 1122 2818 1153 2873; x_wconf 93' lang='lat' dir='ltr'>id</span> <span class='ocrx_word' id='word_1_417' title='bbox 1167 2820 1211 2873; x_wconf 90' lang='lat' dir='ltr'>ast</span> <span class='ocrx_word' id='word_1_418' title='bbox 1225 2832 1350 2888; x_wconf 87' lang='lat' dir='ltr'>superno</span> <span class='ocrx_word' id='word_1_419' title='bbox 1372 2816 1471 2889; x_wconf 90' lang='lat' dir='ltr'>vigore</span> <span class='ocrx_word' id='word_1_420' title='bbox 1485 2818 1522 2873; x_wconf 88' lang='lat' dir='ltr'>ad</span> <span class='ocrx_word' id='word_1_421' title='bbox 1541 2818 1665 2873; x_wconf 89' lang='lat' dir='ltr'>salutem</span> <span class='ocrx_word' id='word_1_422' title='bbox 1679 2817 1860 2874; x_wconf 91' lang='lat' dir='ltr'>credentium</span> 
     </span>
     <span class='ocr_line' id='line_1_31' title="bbox 112 2903 1860 2989; baseline 0 -27"><span class='ocrx_word' id='word_1_423' title='bbox 112 2907 232 2962; x_wconf 87' lang='lat' dir='ltr'>istarum</span> <span class='ocrx_word' id='word_1_424' title='bbox 247 2907 401 2979; x_wconf 85' lang='lat' dir='ltr'>conjuneta</span> <span class='ocrx_word' id='word_1_425' title='bbox 424 2909 454 2961; x_wconf 95' lang='lat' dir='ltr'>et</span> <span class='ocrx_word' id='word_1_426' title='bbox 475 2905 605 2961; x_wconf 90' lang='lat' dir='ltr'>sociabili</span> <span class='ocrx_word' id='word_1_427' title='bbox 626 2904 790 2960; x_wconf 87' lang='lat' dir='ltr'>continetur</span> <span class='ocrx_word' id='word_1_428' title='bbox 817 2903 960 2976; x_wconf 86' lang='lat' dir='ltr'>operatio·</span> <span class='ocrx_word' id='word_1_429' title='bbox 979 2907 1156 2989; x_wconf 70' lang='lat' dir='ltr'>cinduitur,</span> <span class='ocrx_word' id='word_1_430' title='bbox 1179 2909 1207 2960; x_wconf 91' lang='lat' dir='ltr'>et</span> <span class='ocrx_word' id='word_1_431' title='bbox 1230 2905 1335 2961; x_wconf 90' lang='lat' dir='ltr'>lorica:</span> <span class='ocrx_word' id='word_1_432' title='bbox 1363 2906 1440 2976; x_wconf 89' lang='lat' dir='ltr'>quod</span> <span class='ocrx_word' id='word_1_433' title='bbox 1469 2909 1512 2960; x_wconf 90' lang='lat' dir='ltr'>est</span> <span class='ocrx_word' id='word_1_434' title='bbox 1536 2905 1765 2962; x_wconf 87' lang='lat' dir='ltr'>Christianorum</span> <span class='ocrx_word' id='word_1_435' title='bbox 1787 2907 1860 2978; x_wconf 89' lang='lat' dir='ltr'>lege,</span> 
     </span>
     <span class='ocr_line' id='line_1_32' title="bbox 112 2991 1862 3068; baseline -0.001 -16"><span class='ocrx_word' id='word_1_436' title='bbox 112 3011 158 3052; x_wconf 88' lang='lat' dir='ltr'>ne.</span> <span class='ocrx_word' id='word_1_437' title='bbox 174 2996 255 3052; x_wconf 90' lang='lat' dir='ltr'>llodc</span> <span class='ocrx_word' id='word_1_438' title='bbox 281 3000 310 3051; x_wconf 89' lang='lat' dir='ltr'>et</span> <span class='ocrx_word' id='word_1_439' title='bbox 337 3011 368 3050; x_wconf 91' lang='lat' dir='ltr'>se</span> <span class='ocrx_word' id='word_1_440' title='bbox 392 3010 493 3050; x_wconf 89' lang='lat' dir='ltr'>omnes</span> <span class='ocrx_word' id='word_1_441' title='bbox 515 2995 552 3050; x_wconf 88' lang='lat' dir='ltr'>ad</span> <span class='ocrx_word' id='word_1_442' title='bbox 581 2995 743 3049; x_wconf 89' lang='lat' dir='ltr'>columnam</span> <span class='ocrx_word' id='word_1_443' title='bbox 772 2991 960 3049; x_wconf 90' lang='lat' dir='ltr'>humanitatis</span> <span class='ocrx_word' id='word_1_444' title='bbox 1014 3010 1079 3068; x_wconf 76' lang='lat' dir='ltr'>quea</span> <span class='ocrx_word' id='word_1_445' title='bbox 1095 3011 1148 3066; x_wconf 94' lang='lat' dir='ltr'>per</span> <span class='ocrx_word' id='word_1_446' title='bbox 1163 2993 1306 3065; x_wconf 85' lang='lat' dir='ltr'>justitiam</span> <span class='ocrx_word' id='word_1_447' title='bbox 1320 3007 1407 3065; x_wconf 88' lang='lat' dir='ltr'>quam</span> <span class='ocrx_word' id='word_1_448' title='bbox 1422 2993 1552 3049; x_wconf 75' lang='lat' dir='ltr'>molinet</span> <span class='ocrx_word' id='word_1_449' title='bbox 1566 2994 1598 3049; x_wconf 87' lang='lat' dir='ltr'>in</span> <span class='ocrx_word' id='word_1_450' title='bbox 1618 3008 1648 3048; x_wconf 89' lang='lat' dir='ltr'>se</span> <span class='ocrx_word' id='word_1_451' title='bbox 1662 2993 1862 3067; x_wconf 87' lang='lat' dir='ltr'>nullasagitts</span> 
     </span>
     <span class='ocr_line' id='line_1_33' title="bbox 112 3081 1861 3155; baseline -0.003 -14"><span class='ocrx_word' id='word_1_452' title='bbox 112 3085 266 3141; x_wconf 85' lang='lat' dir='ltr'>Salvatoris</span> <span class='ocrx_word' id='word_1_453' title='bbox 285 3087 313 3139; x_wconf 89' lang='lat' dir='ltr'>st</span> <span class='ocrx_word' id='word_1_454' title='bbox 330 3083 366 3139; x_wconf 85' lang='lat' dir='ltr'>ad</span> <span class='ocrx_word' id='word_1_455' title='bbox 389 3083 540 3155; x_wconf 75' lang='lat' dir='ltr'>prefatam</span> <span class='ocrx_word' id='word_1_456' title='bbox 574 3082 677 3138; x_wconf 89' lang='lat' dir='ltr'>turrim</span> <span class='ocrx_word' id='word_1_457' title='bbox 714 3081 867 3154; x_wconf 88' lang='lat' dir='ltr'>diriguot;</span> <span class='ocrx_word' id='word_1_458' title='bbox 890 3082 960 3153; x_wconf 82' lang='lat' dir='ltr'>quia</span> <span class='ocrx_word' id='word_1_459' title='bbox 1013 3083 1160 3140; x_wconf 78' lang='lat' dir='ltr'>diabolicas</span> <span class='ocrx_word' id='word_1_460' title='bbox 1183 3082 1251 3137; x_wconf 89' lang='lat' dir='ltr'>artis</span> <span class='ocrx_word' id='word_1_461' title='bbox 1276 3083 1423 3149; x_wconf 87' lang='lat' dir='ltr'>aboletur;</span> <span class='ocrx_word' id='word_1_462' title='bbox 1440 3097 1472 3136; x_wconf 90' lang='lat' dir='ltr'>ao</span> <span class='ocrx_word' id='word_1_463' title='bbox 1503 3081 1603 3150; x_wconf 86' lang='lat' dir='ltr'>ocreis,</span> <span class='ocrx_word' id='word_1_464' title='bbox 1637 3081 1745 3138; x_wconf 82' lang='lat' dir='ltr'>sedicet</span> <span class='ocrx_word' id='word_1_465' title='bbox 1776 3081 1861 3138; x_wconf 90' lang='lat' dir='ltr'>rectis</span> 
     </span>
     <span class='ocr_line' id='line_1_34' title="bbox 112 3169 1862 3243; baseline -0.002 -15"><span class='ocrx_word' id='word_1_466' title='bbox 112 3171 175 3228; x_wconf 90' lang='lat' dir='ltr'>dari</span> <span class='ocrx_word' id='word_1_467' title='bbox 198 3170 387 3228; x_wconf 85' lang='lat' dir='ltr'>unanimitate</span> <span class='ocrx_word' id='word_1_468' title='bbox 409 3171 512 3227; x_wconf 74' lang='lat' dir='ltr'>Filium</span> <span class='ocrx_word' id='word_1_469' title='bbox 528 3172 578 3228; x_wconf 87' lang='lat' dir='ltr'>llsi</span> <span class='ocrx_word' id='word_1_470' title='bbox 593 3187 692 3229; x_wconf 85' lang='lat' dir='ltr'>rernm</span> <span class='ocrx_word' id='word_1_471' title='bbox 711 3174 801 3227; x_wconf 87' lang='lat' dir='ltr'>Deum</span> <span class='ocrx_word' id='word_1_472' title='bbox 816 3176 845 3226; x_wconf 91' lang='lat' dir='ltr'>et</span> <span class='ocrx_word' id='word_1_473' title='bbox 859 3184 959 3226; x_wconf 87' lang='lat' dir='ltr'>verum</span> <span class='ocrx_word' id='word_1_474' title='bbox 1014 3171 1164 3228; x_wconf 84' lang='lat' dir='ltr'>itineribus</span> <span class='ocrx_word' id='word_1_475' title='bbox 1194 3171 1224 3226; x_wconf 89' lang='lat' dir='ltr'>in</span> <span class='ocrx_word' id='word_1_476' title='bbox 1254 3169 1383 3225; x_wconf 88' lang='lat' dir='ltr'>doctrina</span> <span class='ocrx_word' id='word_1_477' title='bbox 1416 3169 1620 3242; x_wconf 90' lang='lat' dir='ltr'>principalium</span> <span class='ocrx_word' id='word_1_478' title='bbox 1657 3169 1862 3243; x_wconf 90' lang='lat' dir='ltr'>magistrorum</span> 
     </span>
     <span class='ocr_line' id='line_1_35' title="bbox 112 3257 1862 3333; baseline -0.002 -16"><span class='ocrx_word' id='word_1_479' title='bbox 112 3259 260 3317; x_wconf 88' lang='lat' dir='ltr'>hominem</span> <span class='ocrx_word' id='word_1_480' title='bbox 273 3261 305 3315; x_wconf 93' lang='lat' dir='ltr'>in</span> <span class='ocrx_word' id='word_1_481' title='bbox 320 3259 443 3316; x_wconf 81' lang='lat' dir='ltr'>Ecclesia</span> <span class='ocrx_word' id='word_1_482' title='bbox 459 3259 639 3317; x_wconf 73' lang='lat' dir='ltr'>devotissime</span> <span class='ocrx_word' id='word_1_483' title='bbox 653 3261 709 3316; x_wconf 90' lang='lat' dir='ltr'>coli</span> <span class='ocrx_word' id='word_1_484' title='bbox 733 3266 761 3314; x_wconf 90' lang='lat' dir='ltr'>et</span> <span class='ocrx_word' id='word_1_485' title='bbox 780 3258 896 3315; x_wconf 86' lang='lat' dir='ltr'>adorari</span> <span class='ocrx_word' id='word_1_486' title='bbox 914 3273 959 3313; x_wconf 89' lang='lat' dir='ltr'>os·</span> <span class='ocrx_word' id='word_1_487' title='bbox 1013 3259 1216 3333; x_wconf 83' lang='lat' dir='ltr'>frequentatis:</span> <span class='ocrx_word' id='word_1_488' title='bbox 1250 3263 1337 3330; x_wconf 84' lang='lat' dir='ltr'>atque</span> <span class='ocrx_word' id='word_1_489' title='bbox 1362 3258 1461 3316; x_wconf 85' lang='lat' dir='ltr'>ferreis</span> <span class='ocrx_word' id='word_1_490' title='bbox 1493 3257 1676 3327; x_wconf 89' lang='lat' dir='ltr'>chirothecis,</span> <span class='ocrx_word' id='word_1_491' title='bbox 1702 3273 1767 3331; x_wconf 85' lang='lat' dir='ltr'>quae</span> <span class='ocrx_word' id='word_1_492' title='bbox 1794 3263 1862 3314; x_wconf 89' lang='lat' dir='ltr'>sunt</span> 
     </span>
     <span class='ocr_line' id='line_1_36' title="bbox 112 3345 1863 3420; baseline -0.001 -15"><span class='ocrx_word' id='word_1_493' title='bbox 112 3349 247 3419; x_wconf 88' lang='lat' dir='ltr'>tendunt,</span> <span class='ocrx_word' id='word_1_494' title='bbox 260 3347 400 3420; x_wconf 87' lang='lat' dir='ltr'>justitiam</span> <span class='ocrx_word' id='word_1_495' title='bbox 416 3348 616 3420; x_wconf 87' lang='lat' dir='ltr'>perjustitiam</span> <span class='ocrx_word' id='word_1_496' title='bbox 627 3349 781 3416; x_wconf 79' lang='lat' dir='ltr'>elevantes,</span> <span class='ocrx_word' id='word_1_497' title='bbox 802 3346 959 3418; x_wconf 91' lang='lat' dir='ltr'>designao-</span> <span class='ocrx_word' id='word_1_498' title='bbox 1013 3349 1168 3406; x_wconf 86' lang='lat' dir='ltr'>fortissima</span> <span class='ocrx_word' id='word_1_499' title='bbox 1183 3351 1212 3403; x_wconf 93' lang='lat' dir='ltr'>et</span> <span class='ocrx_word' id='word_1_500' title='bbox 1225 3347 1388 3403; x_wconf 89' lang='lat' dir='ltr'>acutissima</span> <span class='ocrx_word' id='word_1_501' title='bbox 1408 3363 1496 3419; x_wconf 87' lang='lat' dir='ltr'>opera</span> <span class='ocrx_word' id='word_1_502' title='bbox 1511 3363 1575 3419; x_wconf 81' lang='lat' dir='ltr'>quae</span> <span class='ocrx_word' id='word_1_503' title='bbox 1597 3346 1696 3403; x_wconf 88' lang='lat' dir='ltr'>fideles</span> <span class='ocrx_word' id='word_1_504' title='bbox 1708 3345 1863 3418; x_wconf 86' lang='lat' dir='ltr'>perficiunt</span> 
     </span>
     <span class='ocr_line' id='line_1_37' title="bbox 111 3434 1859 3509; baseline -0.001 -17"><span class='ocrx_word' id='word_1_505' title='bbox 111 3437 149 3492; x_wconf 89' lang='lat' dir='ltr'>do</span> <span class='ocrx_word' id='word_1_506' title='bbox 163 3437 293 3492; x_wconf 88' lang='lat' dir='ltr'>videlicet</span> <span class='ocrx_word' id='word_1_507' title='bbox 306 3436 337 3491; x_wconf 90' lang='lat' dir='ltr'>in</span> <span class='ocrx_word' id='word_1_508' title='bbox 362 3436 490 3509; x_wconf 87' lang='lat' dir='ltr'>antiquis</span> <span class='ocrx_word' id='word_1_509' title='bbox 506 3435 613 3491; x_wconf 88' lang='lat' dir='ltr'>sanclis</span> <span class='ocrx_word' id='word_1_510' title='bbox 628 3435 798 3490; x_wconf 87' lang='lat' dir='ltr'>altissimum</span> <span class='ocrx_word' id='word_1_511' title='bbox 814 3437 904 3491; x_wconf 82' lang='lat' dir='ltr'>Derim</span> <span class='ocrx_word' id='word_1_512' title='bbox 928 3435 959 3490; x_wconf 94' lang='lat' dir='ltr'>in</span> <span class='ocrx_word' id='word_1_513' title='bbox 1015 3437 1044 3494; x_wconf 89' lang='lat' dir='ltr'>in</span> <span class='ocrx_word' id='word_1_514' title='bbox 1059 3438 1181 3494; x_wconf 87' lang='lat' dir='ltr'>Christo.</span> <span class='ocrx_word' id='word_1_515' title='bbox 1203 3438 1293 3492; x_wconf 86' lang='lat' dir='ltr'>Tenet</span> <span class='ocrx_word' id='word_1_516' title='bbox 1308 3435 1394 3492; x_wconf 92' lang='lat' dir='ltr'>etiam</span> <span class='ocrx_word' id='word_1_517' title='bbox 1409 3435 1592 3507; x_wconf 83' lang='lat' dir='ltr'>evaginatum</span> <span class='ocrx_word' id='word_1_518' title='bbox 1607 3434 1735 3508; x_wconf 88' lang='lat' dir='ltr'>gladium</span> <span class='ocrx_word' id='word_1_519' title='bbox 1750 3435 1859 3505; x_wconf 87' lang='lat' dir='ltr'>dextra,</span> 
     </span>
     <span class='ocr_line' id='line_1_38' title="bbox 110 3522 1862 3598; baseline 0 -18"><span class='ocrx_word' id='word_1_520' title='bbox 110 3525 309 3581; x_wconf 88' lang='lat' dir='ltr'>incarnatione</span> <span class='ocrx_word' id='word_1_521' title='bbox 323 3523 386 3581; x_wconf 80' lang='lat' dir='ltr'>Filii</span> <span class='ocrx_word' id='word_1_522' title='bbox 413 3526 476 3598; x_wconf 75' lang='lat' dir='ltr'>ejus</span> <span class='ocrx_word' id='word_1_523' title='bbox 504 3525 691 3581; x_wconf 87' lang='lat' dir='ltr'>salvationem</span> <span class='ocrx_word' id='word_1_524' title='bbox 717 3527 869 3596; x_wconf 84' lang='lat' dir='ltr'>operatum</span> <span class='ocrx_word' id='word_1_525' title='bbox 896 3522 959 3579; x_wconf 89' lang='lat' dir='ltr'>ani·</span> <span class='ocrx_word' id='word_1_526' title='bbox 1014 3525 1101 3582; x_wconf 88' lang='lat' dir='ltr'>idest</span> <span class='ocrx_word' id='word_1_527' title='bbox 1123 3525 1250 3580; x_wconf 90' lang='lat' dir='ltr'>inbono</span> <span class='ocrx_word' id='word_1_528' title='bbox 1277 3539 1365 3595; x_wconf 92' lang='lat' dir='ltr'>opere</span> <span class='ocrx_word' id='word_1_529' title='bbox 1387 3523 1494 3579; x_wconf 88' lang='lat' dir='ltr'>nodam</span> <span class='ocrx_word' id='word_1_530' title='bbox 1514 3529 1544 3580; x_wconf 90' lang='lat' dir='ltr'>et</span> <span class='ocrx_word' id='word_1_531' title='bbox 1566 3527 1695 3596; x_wconf 90' lang='lat' dir='ltr'>sportam</span> <span class='ocrx_word' id='word_1_532' title='bbox 1721 3523 1751 3579; x_wconf 89' lang='lat' dir='ltr'>in</span> <span class='ocrx_word' id='word_1_533' title='bbox 1766 3523 1862 3580; x_wconf 88' lang='lat' dir='ltr'>divina</span> 
     </span>
     <span class='ocr_line' id='line_1_39' title="bbox 110 3609 1862 3685; baseline -0.002 -15"><span class='ocrx_word' id='word_1_534' title='bbox 110 3629 234 3670; x_wconf 89' lang='lat' dir='ltr'>marom.</span> <span class='ocrx_word' id='word_1_535' title='bbox 1015 3614 1162 3685; x_wconf 87' lang='lat' dir='ltr'>Scriptura</span> <span class='ocrx_word' id='word_1_536' title='bbox 1176 3613 1228 3669; x_wconf 82' lang='lat' dir='ltr'>Dei</span> <span class='ocrx_word' id='word_1_537' title='bbox 1241 3611 1482 3680; x_wconf 88' lang='lat' dir='ltr'>admonitionem,</span> <span class='ocrx_word' id='word_1_538' title='bbox 1499 3627 1587 3684; x_wconf 89' lang='lat' dir='ltr'>quarn</span> <span class='ocrx_word' id='word_1_539' title='bbox 1602 3625 1686 3668; x_wconf 82' lang='lat' dir='ltr'>vome</span> <span class='ocrx_word' id='word_1_540' title='bbox 1709 3609 1758 3666; x_wconf 88' lang='lat' dir='ltr'>llsi</span> <span class='ocrx_word' id='word_1_541' title='bbox 1775 3611 1862 3667; x_wconf 75' lang='lat' dir='ltr'>iilius</span> 
     </span>
     <span class='ocr_line' id='line_1_40' title="bbox 147 3698 1861 3774; baseline -0.002 -15"><span class='ocrx_word' id='word_1_542' title='bbox 147 3703 205 3759; x_wconf 88' lang='lat' dir='ltr'>Sed</span> <span class='ocrx_word' id='word_1_543' title='bbox 218 3703 280 3758; x_wconf 79' lang='lat' dir='ltr'>haec</span> <span class='ocrx_word' id='word_1_544' title='bbox 295 3702 391 3774; x_wconf 85' lang='lat' dir='ltr'>imago</span> <span class='ocrx_word' id='word_1_545' title='bbox 412 3717 477 3774; x_wconf 79' lang='lat' dir='ltr'>quas</span> <span class='ocrx_word' id='word_1_546' title='bbox 499 3701 569 3774; x_wconf 90' lang='lat' dir='ltr'>ipsis</span> <span class='ocrx_word' id='word_1_547' title='bbox 594 3701 738 3757; x_wconf 86' lang='lat' dir='ltr'>columnis</span> <span class='ocrx_word' id='word_1_548' title='bbox 766 3699 879 3756; x_wconf 89' lang='lat' dir='ltr'>acclivis</span> <span class='ocrx_word' id='word_1_549' title='bbox 905 3703 958 3769; x_wconf 90' lang='lat' dir='ltr'>est,</span> <span class='ocrx_word' id='word_1_550' title='bbox 1013 3701 1045 3759; x_wconf 91' lang='lat' dir='ltr'>in</span> <span class='ocrx_word' id='word_1_551' title='bbox 1062 3699 1180 3773; x_wconf 86' lang='lat' dir='ltr'>mystica</span> <span class='ocrx_word' id='word_1_552' title='bbox 1195 3698 1404 3770; x_wconf 86' lang='lat' dir='ltr'>significatione</span> <span class='ocrx_word' id='word_1_553' title='bbox 1426 3699 1591 3767; x_wconf 86' lang='lat' dir='ltr'>denudavit,</span> <span class='ocrx_word' id='word_1_554' title='bbox 1613 3715 1679 3755; x_wconf 90' lang='lat' dir='ltr'>cum</span> <span class='ocrx_word' id='word_1_555' title='bbox 1695 3698 1861 3756; x_wconf 88' lang='lat' dir='ltr'>interiorem</span> 
     </span>
     <span class='ocr_line' id='line_1_41' title="bbox 113 3786 1862 3864; baseline -0.003 -16"><span class='ocrx_word' id='word_1_556' title='bbox 113 3791 280 3864; x_wconf 75' lang='lat' dir='ltr'>praefigurat</span> <span class='ocrx_word' id='word_1_557' title='bbox 289 3791 432 3863; x_wconf 86' lang='lat' dir='ltr'>justitiam</span> <span class='ocrx_word' id='word_1_558' title='bbox 449 3791 517 3858; x_wconf 85' lang='lat' dir='ltr'>Dei;</span> <span class='ocrx_word' id='word_1_559' title='bbox 533 3790 672 3864; x_wconf 86' lang='lat' dir='ltr'>quoniam</span> <span class='ocrx_word' id='word_1_560' title='bbox 686 3789 748 3862; x_wconf 88' lang='lat' dir='ltr'>ipsa</span> <span class='ocrx_word' id='word_1_561' title='bbox 761 3794 827 3861; x_wconf 93' lang='lat' dir='ltr'>post</span> <span class='ocrx_word' id='word_1_562' title='bbox 844 3788 955 3861; x_wconf 88' lang='lat' dir='ltr'>sapien·</span> <span class='ocrx_word' id='word_1_563' title='bbox 1015 3788 1195 3847; x_wconf 89' lang='lat' dir='ltr'>dnlcedinem</span> <span class='ocrx_word' id='word_1_564' title='bbox 1210 3787 1306 3843; x_wconf 89' lang='lat' dir='ltr'>nuclei</span> <span class='ocrx_word' id='word_1_565' title='bbox 1320 3787 1351 3842; x_wconf 92' lang='lat' dir='ltr'>in</span> <span class='ocrx_word' id='word_1_566' title='bbox 1366 3786 1526 3843; x_wconf 89' lang='lat' dir='ltr'>detectione</span> <span class='ocrx_word' id='word_1_567' title='bbox 1553 3787 1623 3858; x_wconf 90' lang='lat' dir='ltr'>legis</span> <span class='ocrx_word' id='word_1_568' title='bbox 1645 3787 1778 3842; x_wconf 89' lang='lat' dir='ltr'>ostendit.</span> <span class='ocrx_word' id='word_1_569' title='bbox 1792 3787 1862 3844; x_wconf 86' lang='lat' dir='ltr'>llas·</span> 
     </span>
     <span class='ocr_line' id='line_1_42' title="bbox 114 3873 1860 3952; baseline -0.005 -14"><span class='ocrx_word' id='word_1_570' title='bbox 114 3880 185 3938; x_wconf 90' lang='lat' dir='ltr'>tiam</span> <span class='ocrx_word' id='word_1_571' title='bbox 200 3878 405 3952; x_wconf 83' lang='lat' dir='ltr'>perspiritum</span> <span class='ocrx_word' id='word_1_572' title='bbox 429 3885 559 3935; x_wconf 90' lang='lat' dir='ltr'>sanctum</span> <span class='ocrx_word' id='word_1_573' title='bbox 574 3879 605 3934; x_wconf 92' lang='lat' dir='ltr'>in</span> <span class='ocrx_word' id='word_1_574' title='bbox 620 3877 786 3935; x_wconf 89' lang='lat' dir='ltr'>homiuibus</span> <span class='ocrx_word' id='word_1_575' title='bbox 814 3893 882 3933; x_wconf 89' lang='lat' dir='ltr'>cum</span> <span class='ocrx_word' id='word_1_576' title='bbox 897 3893 960 3934; x_wconf 89' lang='lat' dir='ltr'>om·</span> <span class='ocrx_word' id='word_1_577' title='bbox 1015 3883 1074 3935; x_wconf 90' lang='lat' dir='ltr'>tam</span> <span class='ocrx_word' id='word_1_578' title='bbox 1095 3881 1192 3933; x_wconf 88' lang='lat' dir='ltr'>autem</span> <span class='ocrx_word' id='word_1_579' title='bbox 1213 3875 1323 3933; x_wconf 85' lang='lat' dir='ltr'>habens</span> <span class='ocrx_word' id='word_1_580' title='bbox 1345 3873 1472 3945; x_wconf 88' lang='lat' dir='ltr'>sinislra,</span> <span class='ocrx_word' id='word_1_581' title='bbox 1497 3889 1555 3947; x_wconf 83' lang='lat' dir='ltr'>qun</span> <span class='ocrx_word' id='word_1_582' title='bbox 1581 3874 1714 3930; x_wconf 88' lang='lat' dir='ltr'>fiduciam</span> <span class='ocrx_word' id='word_1_583' title='bbox 1737 3879 1860 3931; x_wconf 82' lang='lat' dir='ltr'>aslarno·</span> 
     </span>
     <span class='ocr_line' id='line_1_43' title="bbox 115 3962 1861 4040; baseline -0.004 -15"><span class='ocrx_word' id='word_1_584' title='bbox 115 3968 202 4026; x_wconf 89' lang='lat' dir='ltr'>nibus</span> <span class='ocrx_word' id='word_1_585' title='bbox 212 3967 333 4040; x_wconf 87' lang='lat' dir='ltr'>justitiis</span> <span class='ocrx_word' id='word_1_586' title='bbox 341 3969 402 4023; x_wconf 89' lang='lat' dir='ltr'>suis</span> <span class='ocrx_word' id='word_1_587' title='bbox 415 3972 561 4039; x_wconf 84' lang='lat' dir='ltr'>operatur,</span> <span class='ocrx_word' id='word_1_588' title='bbox 581 3970 667 4023; x_wconf 80' lang='lat' dir='ltr'>tanta</span> <span class='ocrx_word' id='word_1_589' title='bbox 685 3965 846 4022; x_wconf 84' lang='lat' dir='ltr'>latitudinis</span> <span class='ocrx_word' id='word_1_590' title='bbox 872 3981 961 4037; x_wconf 87' lang='lat' dir='ltr'>appa·</span> <span class='ocrx_word' id='word_1_591' title='bbox 1016 3982 1081 4022; x_wconf 88' lang='lat' dir='ltr'>rom</span> <span class='ocrx_word' id='word_1_592' title='bbox 1095 3965 1127 4021; x_wconf 90' lang='lat' dir='ltr'>in</span> <span class='ocrx_word' id='word_1_593' title='bbox 1141 3965 1195 4020; x_wconf 89' lang='lat' dir='ltr'>hac</span> <span class='ocrx_word' id='word_1_594' title='bbox 1214 3962 1301 4021; x_wconf 92' lang='lat' dir='ltr'>etiam</span> <span class='ocrx_word' id='word_1_595' title='bbox 1329 3962 1442 4020; x_wconf 74' lang='lat' dir='ltr'>achone</span> <span class='ocrx_word' id='word_1_596' title='bbox 1461 3963 1592 4035; x_wconf 78' lang='lat' dir='ltr'>designat</span> <span class='ocrx_word' id='word_1_597' title='bbox 1617 3962 1782 4019; x_wconf 76' lang='lat' dir='ltr'>infidelibus</span> <span class='ocrx_word' id='word_1_598' title='bbox 1806 3964 1861 4018; x_wconf 92' lang='lat' dir='ltr'>ho·</span> 
     </span>
     <span class='ocr_line' id='line_1_44' title="bbox 114 4051 1862 4128; baseline -0.002 -17"><span class='ocrx_word' id='word_1_599' title='bbox 114 4062 235 4112; x_wconf 82' lang='lat' dir='ltr'>renent</span> <span class='ocrx_word' id='word_1_600' title='bbox 256 4055 375 4111; x_wconf 86' lang='lat' dir='ltr'>latitudo</span> <span class='ocrx_word' id='word_1_601' title='bbox 397 4055 525 4128; x_wconf 82' lang='lat' dir='ltr'>quinque</span> <span class='ocrx_word' id='word_1_602' title='bbox 551 4055 703 4111; x_wconf 88' lang='lat' dir='ltr'>hominnm</span> <span class='ocrx_word' id='word_1_603' title='bbox 725 4054 779 4110; x_wconf 89' lang='lat' dir='ltr'>sibi</span> <span class='ocrx_word' id='word_1_604' title='bbox 807 4053 962 4109; x_wconf 88' lang='lat' dir='ltr'>astantium</span> <span class='ocrx_word' id='word_1_605' title='bbox 1016 4053 1143 4110; x_wconf 90' lang='lat' dir='ltr'>minibus</span> <span class='ocrx_word' id='word_1_606' title='bbox 1170 4069 1200 4109; x_wconf 90' lang='lat' dir='ltr'>se</span> <span class='ocrx_word' id='word_1_607' title='bbox 1218 4052 1335 4120; x_wconf 86' lang='lat' dir='ltr'>babere,</span> <span class='ocrx_word' id='word_1_608' title='bbox 1358 4051 1408 4109; x_wconf 92' lang='lat' dir='ltr'>ubi</span> <span class='ocrx_word' id='word_1_609' title='bbox 1434 4052 1598 4108; x_wconf 87' lang='lat' dir='ltr'>carnalibus</span> <span class='ocrx_word' id='word_1_610' title='bbox 1625 4051 1862 4124; x_wconf 89' lang='lat' dir='ltr'>concupiscentiis</span> 
     </span>
     <span class='ocr_line' id='line_1_45' title="bbox 114 4140 1862 4217; baseline -0.003 -16"><span class='ocrx_word' id='word_1_611' title='bbox 114 4143 259 4201; x_wconf 90' lang='lat' dir='ltr'>nominari</span> <span class='ocrx_word' id='word_1_612' title='bbox 282 4149 388 4216; x_wconf 89' lang='lat' dir='ltr'>potest;</span> <span class='ocrx_word' id='word_1_613' title='bbox 415 4145 492 4216; x_wconf 91' lang='lat' dir='ltr'>qood</span> <span class='ocrx_word' id='word_1_614' title='bbox 515 4148 558 4199; x_wconf 90' lang='lat' dir='ltr'>est</span> <span class='ocrx_word' id='word_1_615' title='bbox 589 4143 726 4214; x_wconf 90' lang='lat' dir='ltr'>expansio</span> <span class='ocrx_word' id='word_1_616' title='bbox 750 4143 877 4216; x_wconf 86' lang='lat' dir='ltr'>quinque</span> <span class='ocrx_word' id='word_1_617' title='bbox 896 4159 961 4198; x_wconf 91' lang='lat' dir='ltr'>sen·</span> <span class='ocrx_word' id='word_1_618' title='bbox 1018 4159 1070 4217; x_wconf 91' lang='lat' dir='ltr'>per</span> <span class='ocrx_word' id='word_1_619' title='bbox 1086 4142 1262 4214; x_wconf 87' lang='lat' dir='ltr'>voluptatem</span> <span class='ocrx_word' id='word_1_620' title='bbox 1288 4141 1382 4197; x_wconf 90' lang='lat' dir='ltr'>carnis</span> <span class='ocrx_word' id='word_1_621' title='bbox 1410 4140 1629 4213; x_wconf 89' lang='lat' dir='ltr'>impugnantur.</span> <span class='ocrx_word' id='word_1_622' title='bbox 1659 4140 1742 4206; x_wconf 86' lang='lat' dir='ltr'>Quod</span> <span class='ocrx_word' id='word_1_623' title='bbox 1765 4145 1862 4197; x_wconf 86' lang='lat' dir='ltr'>autem</span> 
     </span>
     <span class='ocr_line' id='line_1_46' title="bbox 113 4217 1862 4305; baseline -0.003 -16"><span class='ocrx_word' id='word_1_624' title='bbox 113 4234 345 4290; x_wconf 79' lang='lat' dir='ltr'>snumhumana</span> <span class='ocrx_word' id='word_1_625' title='bbox 360 4233 534 4305; x_wconf 86' lang='lat' dir='ltr'>capacitatis,</span> <span class='ocrx_word' id='word_1_626' title='bbox 556 4248 622 4288; x_wconf 91' lang='lat' dir='ltr'>cnm</span> <span class='ocrx_word' id='word_1_627' title='bbox 636 4231 813 4304; x_wconf 89' lang='lat' dir='ltr'>quibosipsa</span> <span class='ocrx_word' id='word_1_628' title='bbox 838 4233 869 4288; x_wconf 93' lang='lat' dir='ltr'>io</span> <span class='ocrx_word' id='word_1_629' title='bbox 895 4231 960 4287; x_wconf 87' lang='lat' dir='ltr'>lali·</span> <span class='ocrx_word' id='word_1_630' title='bbox 982 4217 1072 4288; x_wconf 67' lang='lat' dir='ltr'>¹anb</span> <span class='ocrx_word' id='word_1_631' title='bbox 1094 4230 1216 4303; x_wconf 90' lang='lat' dir='ltr'>pedibus</span> <span class='ocrx_word' id='word_1_632' title='bbox 1245 4229 1304 4284; x_wconf 89' lang='lat' dir='ltr'>suis</span> <span class='ocrx_word' id='word_1_633' title='bbox 1323 4229 1489 4286; x_wconf 89' lang='lat' dir='ltr'>horribilem</span> <span class='ocrx_word' id='word_1_634' title='bbox 1512 4230 1667 4285; x_wconf 87' lang='lat' dir='ltr'>draconem</span> <span class='ocrx_word' id='word_1_635' title='bbox 1698 4229 1862 4285; x_wconf 87' lang='lat' dir='ltr'>conculcat:</span> 
     </span>
     <span class='ocr_line' id='line_1_47' title="bbox 112 4315 1865 4394; baseline -0.002 -17"><span class='ocrx_word' id='word_1_636' title='bbox 112 4323 214 4379; x_wconf 87' lang='lat' dir='ltr'>tudine</span> <span class='ocrx_word' id='word_1_637' title='bbox 237 4322 309 4394; x_wconf 88' lang='lat' dir='ltr'>legis</span> <span class='ocrx_word' id='word_1_638' title='bbox 342 4322 393 4377; x_wconf 84' lang='lat' dir='ltr'>llci</span> <span class='ocrx_word' id='word_1_639' title='bbox 413 4327 611 4391; x_wconf 88' lang='lat' dir='ltr'>conversatur,</span> <span class='ocrx_word' id='word_1_640' title='bbox 638 4319 789 4377; x_wconf 85' lang='lat' dir='ltr'>continens</span> <span class='ocrx_word' id='word_1_641' title='bbox 804 4325 833 4378; x_wconf 89' lang='lat' dir='ltr'>et</span> <span class='ocrx_word' id='word_1_642' title='bbox 846 4336 959 4376; x_wconf 88' lang='lat' dir='ltr'>conser-</span> <span class='ocrx_word' id='word_1_643' title='bbox 1015 4322 1070 4378; x_wconf 90' lang='lat' dir='ltr'>hoc</span> <span class='ocrx_word' id='word_1_644' title='bbox 1092 4318 1235 4391; x_wconf 88' lang='lat' dir='ltr'>estquod</span> <span class='ocrx_word' id='word_1_645' title='bbox 1265 4332 1318 4388; x_wconf 91' lang='lat' dir='ltr'>per</span> <span class='ocrx_word' id='word_1_646' title='bbox 1339 4317 1415 4373; x_wconf 91' lang='lat' dir='ltr'>viam</span> <span class='ocrx_word' id='word_1_647' title='bbox 1446 4315 1628 4373; x_wconf 88' lang='lat' dir='ltr'>rectitudinis</span> <span class='ocrx_word' id='word_1_648' title='bbox 1654 4316 1806 4388; x_wconf 72' lang='lat' dir='ltr'>anhquom</span> <span class='ocrx_word' id='word_1_649' title='bbox 1835 4322 1865 4375; x_wconf 90' lang='lat' dir='ltr'>et</span> 
     </span>
     <span class='ocr_line' id='line_1_48' title="bbox 111 4403 1864 4484; baseline -0.002 -19"><span class='ocrx_word' id='word_1_650' title='bbox 111 4429 182 4467; x_wconf 90' lang='lat' dir='ltr'>vans</span> <span class='ocrx_word' id='word_1_651' title='bbox 197 4428 213 4465; x_wconf 91' lang='lat' dir='ltr'>a</span> <span class='ocrx_word' id='word_1_652' title='bbox 227 4413 286 4467; x_wconf 87' lang='lat' dir='ltr'>llao</span> <span class='ocrx_word' id='word_1_653' title='bbox 300 4411 433 4466; x_wconf 84' lang='lat' dir='ltr'>instituta</span> <span class='ocrx_word' id='word_1_654' title='bbox 447 4414 591 4484; x_wconf 78' lang='lat' dir='ltr'>precepta</span> <span class='ocrx_word' id='word_1_655' title='bbox 614 4410 694 4478; x_wconf 80' lang='lat' dir='ltr'>vita,</span> <span class='ocrx_word' id='word_1_656' title='bbox 717 4409 809 4481; x_wconf 86' lang='lat' dir='ltr'>ipsam</span> <span class='ocrx_word' id='word_1_657' title='bbox 837 4409 960 4482; x_wconf 91' lang='lat' dir='ltr'>diligen·</span> <span class='ocrx_word' id='word_1_658' title='bbox 1015 4406 1166 4465; x_wconf 90' lang='lat' dir='ltr'>horridum</span> <span class='ocrx_word' id='word_1_659' title='bbox 1181 4409 1343 4476; x_wconf 85' lang='lat' dir='ltr'>serpentem</span> <span class='ocrx_word' id='word_1_660' title='bbox 1360 4405 1494 4476; x_wconf 89' lang='lat' dir='ltr'>potestati</span> <span class='ocrx_word' id='word_1_661' title='bbox 1508 4420 1568 4460; x_wconf 78' lang='lat' dir='ltr'>sna</span> <span class='ocrx_word' id='word_1_662' title='bbox 1586 4403 1713 4477; x_wconf 83' lang='lat' dir='ltr'>sobigil3</span> <span class='ocrx_word' id='word_1_663' title='bbox 1730 4421 1761 4460; x_wconf 90' lang='lat' dir='ltr'>os</span> <span class='ocrx_word' id='word_1_664' title='bbox 1775 4405 1864 4461; x_wconf 89' lang='lat' dir='ltr'>eliam</span> 
     </span>
     <span class='ocr_line' id='line_1_49' title="bbox 111 4490 1863 4571; baseline -0.006 -14"><span class='ocrx_word' id='word_1_665' title='bbox 111 4501 199 4557; x_wconf 90' lang='lat' dir='ltr'>tibus.</span> <span class='ocrx_word' id='word_1_666' title='bbox 219 4500 289 4565; x_wconf 84' lang='lat' dir='ltr'>Quae</span> <span class='ocrx_word' id='word_1_667' title='bbox 312 4504 341 4555; x_wconf 91' lang='lat' dir='ltr'>et</span> <span class='ocrx_word' id='word_1_668' title='bbox 354 4502 443 4554; x_wconf 81' lang='lat' dir='ltr'>tantas</span> <span class='ocrx_word' id='word_1_669' title='bbox 470 4498 649 4571; x_wconf 85' lang='lat' dir='ltr'>proceritatis</span> <span class='ocrx_word' id='word_1_670' title='bbox 672 4502 724 4566; x_wconf 91' lang='lat' dir='ltr'>est,</span> <span class='ocrx_word' id='word_1_671' title='bbox 749 4502 782 4552; x_wconf 91' lang='lat' dir='ltr'>nt</span> <span class='ocrx_word' id='word_1_672' title='bbox 805 4497 961 4570; x_wconf 92' lang='lat' dir='ltr'>longitudi-</span> <span class='ocrx_word' id='word_1_673' title='bbox 1015 4495 1092 4551; x_wconf 89' lang='lat' dir='ltr'>illios</span> <span class='ocrx_word' id='word_1_674' title='bbox 1106 4495 1182 4550; x_wconf 88' lang='lat' dir='ltr'>ferro</span> <span class='ocrx_word' id='word_1_675' title='bbox 1199 4495 1278 4548; x_wconf 85' lang='lat' dir='ltr'>haste</span> <span class='ocrx_word' id='word_1_676' title='bbox 1292 4491 1525 4548; x_wconf 86' lang='lat' dir='ltr'>transverberans</span> <span class='ocrx_word' id='word_1_677' title='bbox 1550 4491 1591 4546; x_wconf 91' lang='lat' dir='ltr'>ita</span> <span class='ocrx_word' id='word_1_678' title='bbox 1611 4495 1643 4546; x_wconf 90' lang='lat' dir='ltr'>ul</span> <span class='ocrx_word' id='word_1_679' title='bbox 1659 4491 1721 4563; x_wconf 90' lang='lat' dir='ltr'>ipse</span> <span class='ocrx_word' id='word_1_680' title='bbox 1736 4490 1863 4547; x_wconf 86' lang='lat' dir='ltr'>immun·</span> 
     </span>
     <span class='ocr_line' id='line_1_50' title="bbox 111 4578 1864 4660; baseline -0.005 -15"><span class='ocrx_word' id='word_1_681' title='bbox 111 4604 180 4645; x_wconf 88' lang='lat' dir='ltr'>nam</span> <span class='ocrx_word' id='word_1_682' title='bbox 200 4588 263 4660; x_wconf 86' lang='lat' dir='ltr'>ejus</span> <span class='ocrx_word' id='word_1_683' title='bbox 289 4588 414 4659; x_wconf 85' lang='lat' dir='ltr'>perfecte</span> <span class='ocrx_word' id='word_1_684' title='bbox 436 4587 597 4643; x_wconf 87' lang='lat' dir='ltr'>discernere</span> <span class='ocrx_word' id='word_1_685' title='bbox 612 4602 671 4641; x_wconf 90' lang='lat' dir='ltr'>non</span> <span class='ocrx_word' id='word_1_686' title='bbox 689 4587 794 4655; x_wconf 85' lang='lat' dir='ltr'>valeas,</span> <span class='ocrx_word' id='word_1_687' title='bbox 811 4585 852 4640; x_wconf 89' lang='lat' dir='ltr'>ita</span> <span class='ocrx_word' id='word_1_688' title='bbox 873 4584 962 4640; x_wconf 89' lang='lat' dir='ltr'>stiam</span> <span class='ocrx_word' id='word_1_689' title='bbox 1015 4582 1147 4638; x_wconf 88' lang='lat' dir='ltr'>dissimas</span> <span class='ocrx_word' id='word_1_690' title='bbox 1169 4596 1285 4652; x_wconf 88' lang='lat' dir='ltr'>spumas</span> <span class='ocrx_word' id='word_1_691' title='bbox 1306 4584 1440 4647; x_wconf 89' lang='lat' dir='ltr'>evomat;</span> <span class='ocrx_word' id='word_1_692' title='bbox 1466 4578 1607 4651; x_wconf 82' lang='lat' dir='ltr'>quoniam</span> <span class='ocrx_word' id='word_1_693' title='bbox 1626 4578 1714 4633; x_wconf 90' lang='lat' dir='ltr'>rictus</span> <span class='ocrx_word' id='word_1_694' title='bbox 1728 4578 1864 4636; x_wconf 82' lang='lat' dir='ltr'>sordidis·</span> 
     </span>
     <span class='ocr_line' id='line_1_51' title="bbox 112 4665 1866 4749; baseline -0.006 -17"><span class='ocrx_word' id='word_1_695' title='bbox 112 4677 193 4749; x_wconf 85' lang='lat' dir='ltr'>quod</span> <span class='ocrx_word' id='word_1_696' title='bbox 207 4692 259 4749; x_wconf 90' lang='lat' dir='ltr'>per</span> <span class='ocrx_word' id='word_1_697' title='bbox 277 4691 364 4732; x_wconf 90' lang='lat' dir='ltr'>omne</span> <span class='ocrx_word' id='word_1_698' title='bbox 380 4677 434 4732; x_wconf 92' lang='lat' dir='ltr'>hoc</span> <span class='ocrx_word' id='word_1_699' title='bbox 448 4675 602 4732; x_wconf 75' lang='lat' dir='ltr'>edificium</span> <span class='ocrx_word' id='word_1_700' title='bbox 622 4674 797 4746; x_wconf 69' lang='lat' dir='ltr'>prospiciat,</span> <span class='ocrx_word' id='word_1_701' title='bbox 814 4674 884 4748; x_wconf 84' lang='lat' dir='ltr'>qrria</span> <span class='ocrx_word' id='word_1_702' title='bbox 899 4675 964 4746; x_wconf 90' lang='lat' dir='ltr'>ipsa</span> <span class='ocrx_word' id='word_1_703' title='bbox 1016 4672 1097 4728; x_wconf 72' lang='lat' dir='ltr'>simle</span> <span class='ocrx_word' id='word_1_704' title='bbox 1119 4673 1147 4725; x_wconf 89' lang='lat' dir='ltr'>el</span> <span class='ocrx_word' id='word_1_705' title='bbox 1170 4667 1316 4726; x_wconf 80' lang='lat' dir='ltr'>diabolica</span> <span class='ocrx_word' id='word_1_706' title='bbox 1345 4667 1485 4736; x_wconf 90' lang='lat' dir='ltr'>libidinis,</span> <span class='ocrx_word' id='word_1_707' title='bbox 1509 4668 1541 4723; x_wconf 93' lang='lat' dir='ltr'>in</span> <span class='ocrx_word' id='word_1_708' title='bbox 1562 4665 1727 4724; x_wconf 87' lang='lat' dir='ltr'>acutissima</span> <span class='ocrx_word' id='word_1_709' title='bbox 1747 4667 1866 4723; x_wconf 88' lang='lat' dir='ltr'>audacia</span> 
     </span>
     <span class='ocr_line' id='line_1_52' title="bbox 111 4754 1864 4828; baseline -0.003 -10"><span class='ocrx_word' id='word_1_710' title='bbox 111 4764 142 4818; x_wconf 89' lang='lat' dir='ltr'>in</span> <span class='ocrx_word' id='word_1_711' title='bbox 173 4763 325 4819; x_wconf 86' lang='lat' dir='ltr'>latitudine</span> <span class='ocrx_word' id='word_1_712' title='bbox 346 4778 399 4818; x_wconf 88' lang='lat' dir='ltr'>sua</span> <span class='ocrx_word' id='word_1_713' title='bbox 423 4763 585 4817; x_wconf 86' lang='lat' dir='ltr'>humanum</span> <span class='ocrx_word' id='word_1_714' title='bbox 610 4761 789 4817; x_wconf 88' lang='lat' dir='ltr'>intellectum</span> <span class='ocrx_word' id='word_1_715' title='bbox 811 4761 962 4828; x_wconf 84' lang='lat' dir='ltr'>excellens,</span> <span class='ocrx_word' id='word_1_716' title='bbox 1017 4757 1153 4814; x_wconf 87' lang='lat' dir='ltr'>castitatis</span> <span class='ocrx_word' id='word_1_717' title='bbox 1175 4757 1365 4813; x_wconf 74' lang='lat' dir='ltr'>transfodiens</span> <span class='ocrx_word' id='word_1_718' title='bbox 1386 4756 1657 4828; x_wconf 87' lang='lat' dir='ltr'>conspumationem</span> <span class='ocrx_word' id='word_1_719' title='bbox 1682 4754 1809 4811; x_wconf 89' lang='lat' dir='ltr'>ardentis</span> <span class='ocrx_word' id='word_1_720' title='bbox 1828 4755 1864 4812; x_wconf 93' lang='lat' dir='ltr'>li·</span> 
     </span>
     <span class='ocr_line' id='line_1_53' title="bbox 113 4844 1864 4922; baseline -0.005 -15"><span class='ocrx_word' id='word_1_721' title='bbox 113 4867 229 4908; x_wconf 91' lang='lat' dir='ltr'>sursom</span> <span class='ocrx_word' id='word_1_722' title='bbox 243 4851 336 4907; x_wconf 89' lang='lat' dir='ltr'>tendit</span> <span class='ocrx_word' id='word_1_723' title='bbox 348 4851 384 4906; x_wconf 89' lang='lat' dir='ltr'>ad</span> <span class='ocrx_word' id='word_1_724' title='bbox 399 4848 540 4906; x_wconf 87' lang='lat' dir='ltr'>ooelestia:</span> <span class='ocrx_word' id='word_1_725' title='bbox 562 4849 603 4906; x_wconf 93' lang='lat' dir='ltr'>sic</span> <span class='ocrx_word' id='word_1_726' title='bbox 625 4849 804 4922; x_wconf 88' lang='lat' dir='ltr'>quodetiam</span> <span class='ocrx_word' id='word_1_727' title='bbox 823 4849 856 4904; x_wconf 91' lang='lat' dir='ltr'>in</span> <span class='ocrx_word' id='word_1_728' title='bbox 873 4850 964 4904; x_wconf 89' lang='lat' dir='ltr'>incar·</span> <span class='ocrx_word' id='word_1_729' title='bbox 1017 4845 1133 4913; x_wconf 91' lang='lat' dir='ltr'>hidinis,</span> <span class='ocrx_word' id='word_1_730' title='bbox 1158 4859 1215 4916; x_wconf 83' lang='lat' dir='ltr'>qua</span> <span class='ocrx_word' id='word_1_731' title='bbox 1236 4844 1284 4900; x_wconf 90' lang='lat' dir='ltr'>illa</span> <span class='ocrx_word' id='word_1_732' title='bbox 1302 4845 1436 4901; x_wconf 90' lang='lat' dir='ltr'>homines</span> <span class='ocrx_word' id='word_1_733' title='bbox 1460 4844 1564 4917; x_wconf 92' lang='lat' dir='ltr'>polluit</span> <span class='ocrx_word' id='word_1_734' title='bbox 1586 4845 1622 4900; x_wconf 92' lang='lat' dir='ltr'>ab</span> <span class='ocrx_word' id='word_1_735' title='bbox 1645 4859 1679 4899; x_wconf 92' lang='lat' dir='ltr'>eo</span> <span class='ocrx_word' id='word_1_736' title='bbox 1704 4846 1864 4916; x_wconf 83' lang='lat' dir='ltr'>extorquet.</span> 
     </span>
     <span class='ocr_line' id='line_1_54' title="bbox 116 4929 1865 5010; baseline -0.005 -14"><span class='ocrx_word' id='word_1_737' title='bbox 116 4939 235 4996; x_wconf 91' lang='lat' dir='ltr'>natione</span> <span class='ocrx_word' id='word_1_738' title='bbox 260 4939 416 4997; x_wconf 78' lang='lat' dir='ltr'>salvatoris</span> <span class='ocrx_word' id='word_1_739' title='bbox 443 4939 478 4994; x_wconf 92' lang='lat' dir='ltr'>de</span> <span class='ocrx_word' id='word_1_740' title='bbox 506 4939 578 4995; x_wconf 83' lang='lat' dir='ltr'>coslo</span> <span class='ocrx_word' id='word_1_741' title='bbox 605 4936 766 5010; x_wconf 88' lang='lat' dir='ltr'>prospexit:</span> <span class='ocrx_word' id='word_1_742' title='bbox 790 4953 856 4994; x_wconf 90' lang='lat' dir='ltr'>cum</span> <span class='ocrx_word' id='word_1_743' title='bbox 886 4937 963 4994; x_wconf 90' lang='lat' dir='ltr'>idem</span> <span class='ocrx_word' id='word_1_744' title='bbox 1017 4936 1099 4992; x_wconf 88' lang='lat' dir='ltr'>Unde</span> <span class='ocrx_word' id='word_1_745' title='bbox 1114 4938 1143 4990; x_wconf 89' lang='lat' dir='ltr'>et</span> <span class='ocrx_word' id='word_1_746' title='bbox 1163 4934 1292 5006; x_wconf 88' lang='lat' dir='ltr'>gladium</span> <span class='ocrx_word' id='word_1_747' title='bbox 1315 4950 1402 5007; x_wconf 87' lang='lat' dir='ltr'>quem</span> <span class='ocrx_word' id='word_1_748' title='bbox 1429 4936 1508 4989; x_wconf 90' lang='lat' dir='ltr'>tenet</span> <span class='ocrx_word' id='word_1_749' title='bbox 1534 4930 1617 5006; x_wconf 85' lang='lat' dir='ltr'>quasi</span> <span class='ocrx_word' id='word_1_750' title='bbox 1645 4931 1681 4986; x_wconf 88' lang='lat' dir='ltr'>ad</span> <span class='ocrx_word' id='word_1_751' title='bbox 1702 4929 1865 4987; x_wconf 88' lang='lat' dir='ltr'>feriendum</span> 
     </span>
     <span class='ocr_line' id='line_1_55' title="bbox 118 5018 1866 5097; baseline -0.006 -11"><span class='ocrx_word' id='word_1_752' title='bbox 118 5028 250 5086; x_wconf 67' lang='lat' dir='ltr'>wantos</span> <span class='ocrx_word' id='word_1_753' title='bbox 271 5028 377 5084; x_wconf 88' lang='lat' dir='ltr'>scilicet</span> <span class='ocrx_word' id='word_1_754' title='bbox 397 5028 485 5084; x_wconf 78' lang='lat' dir='ltr'>Filios</span> <span class='ocrx_word' id='word_1_755' title='bbox 507 5027 558 5085; x_wconf 86' lang='lat' dir='ltr'>Dei</span> <span class='ocrx_word' id='word_1_756' title='bbox 572 5043 589 5083; x_wconf 91' lang='lat' dir='ltr'>a</span> <span class='ocrx_word' id='word_1_757' title='bbox 603 5028 687 5083; x_wconf 87' lang='lat' dir='ltr'>Patre</span> <span class='ocrx_word' id='word_1_758' title='bbox 700 5025 797 5090; x_wconf 87' lang='lat' dir='ltr'>exivit,</span> <span class='ocrx_word' id='word_1_759' title='bbox 824 5025 875 5097; x_wconf 86' lang='lat' dir='ltr'>qui</span> <span class='ocrx_word' id='word_1_760' title='bbox 897 5042 965 5082; x_wconf 86' lang='lat' dir='ltr'>vera</span> <span class='ocrx_word' id='word_1_761' title='bbox 1017 5023 1128 5082; x_wconf 87' lang='lat' dir='ltr'>fortiter</span> <span class='ocrx_word' id='word_1_762' title='bbox 1151 5022 1336 5094; x_wconf 77' lang='lat' dir='ltr'>vibral3quia</span> <span class='ocrx_word' id='word_1_763' title='bbox 1352 5023 1427 5078; x_wconf 85' lang='lat' dir='ltr'>Deus</span> <span class='ocrx_word' id='word_1_764' title='bbox 1445 5019 1622 5094; x_wconf 88' lang='lat' dir='ltr'>penetrabile</span> <span class='ocrx_word' id='word_1_765' title='bbox 1647 5018 1767 5076; x_wconf 88' lang='lat' dir='ltr'>verbum</span> <span class='ocrx_word' id='word_1_766' title='bbox 1781 5032 1866 5076; x_wconf 88' lang='lat' dir='ltr'>suum</span> 
     </span>
     <span class='ocr_line' id='line_1_56' title="bbox 118 5107 1867 5190; baseline -0.006 -16"><span class='ocrx_word' id='word_1_767' title='bbox 118 5117 230 5190; x_wconf 84' lang='lat' dir='ltr'>justitia</span> <span class='ocrx_word' id='word_1_768' title='bbox 250 5117 355 5173; x_wconf 84' lang='lat' dir='ltr'>existit.</span> <span class='ocrx_word' id='word_1_769' title='bbox 379 5117 459 5173; x_wconf 83' lang='lat' dir='ltr'>Unde</span> <span class='ocrx_word' id='word_1_770' title='bbox 478 5121 509 5172; x_wconf 92' lang='lat' dir='ltr'>et</span> <span class='ocrx_word' id='word_1_771' title='bbox 535 5117 565 5171; x_wconf 90' lang='lat' dir='ltr'>in</span> <span class='ocrx_word' id='word_1_772' title='bbox 587 5116 686 5172; x_wconf 89' lang='lat' dir='ltr'>omnia</span> <span class='ocrx_word' id='word_1_773' title='bbox 712 5113 905 5170; x_wconf 84' lang='lat' dir='ltr'>ecclesiastica</span> <span class='ocrx_word' id='word_1_774' title='bbox 918 5113 964 5171; x_wconf 91' lang='lat' dir='ltr'>io·</span> <span class='ocrx_word' id='word_1_775' title='bbox 1018 5112 1054 5167; x_wconf 88' lang='lat' dir='ltr'>ad</span> <span class='ocrx_word' id='word_1_776' title='bbox 1068 5111 1300 5178; x_wconf 80' lang='lat' dir='ltr'>interficiendum</span> <span class='ocrx_word' id='word_1_777' title='bbox 1313 5127 1431 5168; x_wconf 90' lang='lat' dir='ltr'>omnem</span> <span class='ocrx_word' id='word_1_778' title='bbox 1450 5109 1651 5167; x_wconf 82' lang='lat' dir='ltr'>infidelitatem</span> <span class='ocrx_word' id='word_1_779' title='bbox 1670 5107 1814 5164; x_wconf 88' lang='lat' dir='ltr'>idolorum</span> <span class='ocrx_word' id='word_1_780' title='bbox 1837 5113 1867 5164; x_wconf 90' lang='lat' dir='ltr'>ct</span> 
     </span>
     <span class='ocr_line' id='line_1_57' title="bbox 122 5195 1866 5277; baseline -0.006 -15"><span class='ocrx_word' id='word_1_781' title='bbox 122 5211 284 5262; x_wconf 88' lang='lat' dir='ltr'>strumenta</span> <span class='ocrx_word' id='word_1_782' title='bbox 319 5209 465 5277; x_wconf 87' lang='lat' dir='ltr'>aspectum</span> <span class='ocrx_word' id='word_1_783' title='bbox 493 5221 578 5262; x_wconf 90' lang='lat' dir='ltr'>soum</span> <span class='ocrx_word' id='word_1_784' title='bbox 606 5204 728 5277; x_wconf 89' lang='lat' dir='ltr'>dirigit;</span> <span class='ocrx_word' id='word_1_785' title='bbox 753 5201 893 5276; x_wconf 88' lang='lat' dir='ltr'>quoniam</span> <span class='ocrx_word' id='word_1_786' title='bbox 915 5201 966 5260; x_wconf 88' lang='lat' dir='ltr'>illa</span> <span class='ocrx_word' id='word_1_787' title='bbox 1019 5201 1143 5257; x_wconf 89' lang='lat' dir='ltr'>aliorum</span> <span class='ocrx_word' id='word_1_788' title='bbox 1158 5200 1344 5256; x_wconf 88' lang='lat' dir='ltr'>schismatum</span> <span class='ocrx_word' id='word_1_789' title='bbox 1359 5215 1422 5272; x_wconf 79' lang='lat' dir='ltr'>qua</span> <span class='ocrx_word' id='word_1_790' title='bbox 1448 5195 1655 5255; x_wconf 88' lang='lat' dir='ltr'>incredulitatis</span> <span class='ocrx_word' id='word_1_791' title='bbox 1681 5197 1759 5261; x_wconf 89' lang='lat' dir='ltr'>eunt,</span> <span class='ocrx_word' id='word_1_792' title='bbox 1775 5195 1806 5251; x_wconf 90' lang='lat' dir='ltr'>in</span> <span class='ocrx_word' id='word_1_793' title='bbox 1819 5213 1866 5252; x_wconf 90' lang='lat' dir='ltr'>ex-</span> 
     </span>
     <span class='ocr_line' id='line_1_58' title="bbox 121 5282 1866 5368; baseline -0.005 -17"><span class='ocrx_word' id='word_1_794' title='bbox 121 5310 175 5368; x_wconf 88' lang='lat' dir='ltr'>pcr</span> <span class='ocrx_word' id='word_1_795' title='bbox 193 5311 256 5350; x_wconf 91' lang='lat' dir='ltr'>eam</span> <span class='ocrx_word' id='word_1_796' title='bbox 270 5293 447 5349; x_wconf 80' lang='lat' dir='ltr'>fabricantur</span> <span class='ocrx_word' id='word_1_797' title='bbox 466 5298 496 5349; x_wconf 91' lang='lat' dir='ltr'>et</span> <span class='ocrx_word' id='word_1_798' title='bbox 519 5292 712 5360; x_wconf 90' lang='lat' dir='ltr'>continentur,</span> <span class='ocrx_word' id='word_1_799' title='bbox 732 5297 766 5347; x_wconf 89' lang='lat' dir='ltr'>nt</span> <span class='ocrx_word' id='word_1_800' title='bbox 789 5290 891 5346; x_wconf 87' lang='lat' dir='ltr'>altiora</span> <span class='ocrx_word' id='word_1_801' title='bbox 903 5306 966 5362; x_wconf 83' lang='lat' dir='ltr'>pro</span> <span class='ocrx_word' id='word_1_802' title='bbox 1020 5294 1101 5346; x_wconf 86' lang='lat' dir='ltr'>tensa</span> <span class='ocrx_word' id='word_1_803' title='bbox 1125 5288 1292 5345; x_wconf 89' lang='lat' dir='ltr'>fortitudine</span> <span class='ocrx_word' id='word_1_804' title='bbox 1318 5287 1519 5356; x_wconf 88' lang='lat' dir='ltr'>manifestavit,</span> <span class='ocrx_word' id='word_1_805' title='bbox 1545 5285 1620 5341; x_wconf 90' lang='lat' dir='ltr'>sicut</span> <span class='ocrx_word' id='word_1_806' title='bbox 1640 5288 1669 5340; x_wconf 89' lang='lat' dir='ltr'>et</span> <span class='ocrx_word' id='word_1_807' title='bbox 1692 5282 1783 5340; x_wconf 90' lang='lat' dir='ltr'>virtus</span> <span class='ocrx_word' id='word_1_808' title='bbox 1805 5285 1866 5343; x_wconf 79' lang='lat' dir='ltr'>haec</span> 
     </span>
     <span class='ocr_line' id='line_1_59' title="bbox 121 5375 1790 5457; baseline -0.005 -19"><span class='ocrx_word' id='word_1_809' title='bbox 121 5384 285 5457; x_wconf 87' lang='lat' dir='ltr'>pugnacula</span> <span class='ocrx_word' id='word_1_810' title='bbox 298 5383 335 5438; x_wconf 88' lang='lat' dir='ltr'>ad</span> <span class='ocrx_word' id='word_1_811' title='bbox 347 5381 531 5438; x_wconf 87' lang='lat' dir='ltr'>fortissimam</span> <span class='ocrx_word' id='word_1_812' title='bbox 545 5380 649 5436; x_wconf 88' lang='lat' dir='ltr'>turrim</span> <span class='ocrx_word' id='word_1_813' title='bbox 662 5395 715 5454; x_wconf 90' lang='lat' dir='ltr'>per</span> <span class='ocrx_word' id='word_1_814' title='bbox 733 5394 819 5452; x_wconf 60' lang='lat' dir='ltr'>wem</span> <span class='ocrx_word' id='word_1_815' title='bbox 837 5383 967 5434; x_wconf 87' lang='lat' dir='ltr'>constare</span> <span class='ocrx_word' id='word_1_816' title='bbox 1021 5379 1053 5434; x_wconf 92' lang='lat' dir='ltr'>in</span> <span class='ocrx_word' id='word_1_817' title='bbox 1067 5375 1262 5434; x_wconf 90' lang='lat' dir='ltr'>admonitione</span> <span class='ocrx_word' id='word_1_818' title='bbox 1276 5391 1328 5432; x_wconf 89' lang='lat' dir='ltr'>sua</span> <span class='ocrx_word' id='word_1_819' title='bbox 1346 5376 1520 5432; x_wconf 84' lang='lat' dir='ltr'>manifestat.</span> <span class='ocrx_word' id='word_1_820' title='bbox 1788 5383 1790 5388; x_wconf 86' lang='grc'><strong>’</strong></span> 
     </span>
     <span class='ocr_line' id='line_1_60' title="bbox 121 5461 1869 5544; baseline -0.005 -15"><span class='ocrx_word' id='word_1_821' title='bbox 121 5471 233 5544; x_wconf 82' lang='lat' dir='ltr'>possint</span> <span class='ocrx_word' id='word_1_822' title='bbox 245 5474 470 5544; x_wconf 87' lang='lat' dir='ltr'>conjunguntur.</span> <span class='ocrx_word' id='word_1_823' title='bbox 486 5471 666 5542; x_wconf 80' lang='lat' dir='ltr'>Quapropter</span> <span class='ocrx_word' id='word_1_824' title='bbox 688 5473 716 5524; x_wconf 90' lang='lat' dir='ltr'>et</span> <span class='ocrx_word' id='word_1_825' title='bbox 729 5481 868 5540; x_wconf 87' lang='lat' dir='ltr'>magnum</span> <span class='ocrx_word' id='word_1_826' title='bbox 881 5472 968 5541; x_wconf 89' lang='lat' dir='ltr'>capot</span> <span class='ocrx_word' id='word_1_827' title='bbox 1057 5467 1153 5524; x_wconf 77' lang='lat' dir='ltr'>Altera</span> <span class='ocrx_word' id='word_1_828' title='bbox 1175 5481 1243 5522; x_wconf 89' lang='lat' dir='ltr'>vero</span> <span class='ocrx_word' id='word_1_829' title='bbox 1265 5465 1362 5538; x_wconf 88' lang='lat' dir='ltr'>imago</span> <span class='ocrx_word' id='word_1_830' title='bbox 1398 5463 1580 5522; x_wconf 88' lang='lat' dir='ltr'>sanctitatem</span> <span class='ocrx_word' id='word_1_831' title='bbox 1609 5461 1768 5536; x_wconf 62' lang='lat' dir='ltr'>significan</span> <span class='ocrx_word' id='word_1_832' title='bbox 1799 5479 1869 5537; x_wconf 87' lang='lat' dir='ltr'>quo-</span> 
     </span>
    </p>
   </div>
   <div class='ocr_carea' id='block_1_3' title="bbox 0 0 2000 6034">
    <p class='ocr_par' dir='ltr' id='par_1_3' title="bbox 0 0 2000 6034">
     <span class='ocr_line' id='line_1_61' title="bbox 0 0 2000 6034; baseline 0 0"><span class='ocrx_word' id='word_1_833' title='bbox 0 0 2000 6034; x_wconf 95' lang='lat' dir='ltr'> </span> 
     </span>
    </p>
   </div>
  </div>
 </body>
</html>
