3984 6034
94 203 144 260 idi
719 199 861 258 SClVlAS.
876 201 985 256 -LlB.
1007 199 1041 270 11,
1063 199 1154 257 VISIO
1176 199 1223 256 111.
1792 204 1844 260 ledi

93 351 200 408 magna
229 333 338 408 pietate
368 331 531 406 complevit,
555 331 703 404 cumipse
733 331 882 388 bominem
904 332 939 387 ad
959 337 1031 391 Aeo
1047 331 1219 387 aboleretur.
1241 330 1314 395 Quid
1335 331 1411 387 troc?
1434 331 1655 389 Amarissimam
1669 335 1844 406 praeputium

92 423 252 498 imaginem
272 428 300 478 et
314 420 533 476 similitudinem
555 435 636 476 suam
652 419 728 476 iecit.
750 421 780 476 ln
809 421 944 476 volunta-
996 425 1039 474 est
1061 419 1171 475 crimen
1188 420 1427 491 transgressionis
1455 421 1524 477 Adae
1550 423 1628 493 qrrod
1653 423 1740 478 Filius
1763 439 1844 480 meus

93 516 235 568 teeutem
258 509 318 578 Dei,
342 515 409 564 nota
433 506 821 578 viriconcapiscentiam3et
845 506 875 561 in
891 523 944 580 po·
997 507 1132 577 abstulit;
1156 508 1304 580 cumipse
1329 508 1440 564 tentem
1461 511 1560 564 salutis
1590 511 1736 581 ingressus
1761 513 1842 569 Chri-

93 602 198 657 testate
221 597 282 662 Dei,
311 597 366 652 viri
384 595 593 663 tortitudinem,
610 600 695 667 ntqrre
715 595 745 649 in
766 594 874 665 pietate
895 610 944 648 vo·
996 597 1119 653 stianam
1143 598 1289 657 cohortem
1307 596 1486 652 nobilissime
1508 597 1655 667 dedicavit,
1678 605 1708 654 ut
1726 615 1845 672 serpeus

93 688 214 744 irretetis
234 704 268 742 ac
293 685 444 759 potcstatis
468 684 530 754 bei,
552 683 678 739 studium
704 681 944 755 concupiscentie
998 685 1143 758 antiquus,
1172 685 1221 758 qui
1247 685 1397 742 hominem
1423 687 1582 758 deceperat,
1608 686 1639 742 in
1663 687 1712 744 illo
1733 688 1844 745 lavaero

94 783 125 834 et
146 775 322 832 fortitudinis
343 775 398 830 viri
418 775 477 830 ttae
497 773 646 845 modoper
667 771 760 827 virum
777 777 945 843 procreatur
998 779 1187 846 mergeretur.
1213 773 1380 840 Quomodo?
1396 775 1484 830 Filius
1505 775 1664 831 conditioni
1688 779 1777 849 patris
1801 779 1847 835 sui

95 883 188 939 genas
219 866 380 921 humanum
409 880 442 919 cx
471 862 610 930 muliere;
639 861 707 934 quie
727 867 756 916 et
780 861 856 916 Deus
879 861 945 917 iecit
998 863 1170 934 respondet3
1211 879 1322 918 necnon
1351 869 1381 918 ct
1406 862 1601 918 haereditatem
1635 865 1697 934 ejus
1731 867 1846 922 retinet.

96 955 245 1010 bominem
270 953 306 1008 de
329 952 400 1008 limo
423 955 518 1020 terres,
541 950 679 1023 quoniam
695 955 728 1005 ut
750 949 871 1005 terrain
886 949 946 1004 vir·
999 952 1070 1017 Quid
1089 951 1166 1008 boc?
1182 953 1276 1008 Genus
1298 949 1367 1008 Adae
1388 951 1614 1024 transgressione
1637 952 1715 1009 illius
1731 955 1767 1010 de
1785 957 1848 1011 loro

95 1047 158 1099 tute
179 1041 319 1114 germinis
341 1041 487 1096 fructuum
509 1055 645 1112 agrorum
662 1042 715 1110 est,
736 1039 778 1094 ita
800 1043 828 1094 et
841 1037 947 1094 mulier
1000 1039 1173 1095 amoenitatis
1188 1041 1339 1112 expulsum
1354 1043 1405 1108 est,
1422 1045 1450 1094 et
1467 1040 1499 1094 in
1521 1040 1663 1112 baptismo
1683 1043 1848 1098 salvationis

95 1130 126 1185 in
150 1131 273 1186 humore
297 1134 398 1202 partus
423 1129 458 1184 ad
486 1127 659 1199 pariendum
680 1126 754 1183 tilios
776 1128 871 1199 posita
892 1138 944 1183 est.
1001 1145 1051 1202 per
1075 1128 1178 1184 Filium
1202 1145 1300 1184 meum
1330 1129 1365 1184 ed
1394 1127 1483 1184 vitam
1513 1135 1674 1186 revocatum
1695 1134 1747 1186 est.
1769 1132 1847 1197 Quo-

95 1219 171 1285 Quid
201 1217 274 1275 hec?
304 1217 405 1275 hlulier
429 1217 517 1273 babet
541 1223 657 1288 tempus
685 1216 867 1272 revelationis
894 1216 947 1271 hu·
1001 1215 1107 1273 modo‘l
1135 1216 1198 1289 lpse
1223 1232 1310 1289 super
1337 1216 1501 1273 incredulos
1530 1219 1581 1290 qai
1603 1219 1752 1290 preceptis
1777 1223 1850 1276 meis

96 1307 189 1362 meris
203 1306 253 1380 qui
275 1307 305 1361 in
326 1305 387 1378 ipsa
401 1310 454 1373 est,
470 1305 560 1379 etqui
578 1321 609 1360 se
624 1305 742 1361 humida
761 1303 866 1360 virtute
880 1317 947 1359 oum
1001 1308 1234 1376 repugnaverunt
1262 1319 1359 1360 vocem
1383 1305 1591 1360 benedictionis
1607 1306 1703 1373 dedit3
1717 1307 1756 1362 ite
1772 1310 1850 1380 qnod

97 1397 194 1452 calore
221 1396 252 1450 in
271 1412 306 1450 ea
329 1395 481 1450 diffundit:
519 1393 629 1466 alioqui
661 1393 824 1449 voluntarie
854 1391 945 1447 virum
1002 1391 1129 1448 exterriti
1154 1391 1266 1448 veniam
1286 1393 1317 1448 in
1339 1392 1442 1465 spiritu
1457 1393 1637 1450 contritionis
1652 1401 1794 1467 peterent,
1819 1403 1851 1453 ut

95 1502 153 1542 uon
191 1484 358 1558 susciperet,
400 1483 449 1538 scd
478 1482 662 1555 dedignando
698 1497 766 1537 eum
805 1479 946 1536 voluntati
1000 1481 1086 1536 isaias
1108 1495 1206 1535 servus
1229 1497 1308 1536 meus
1332 1481 1490 1536 seeundum
1513 1481 1566 1536 boe
1588 1485 1665 1554 quod
1694 1500 1779 1540 erne
1798 1503 1845 1542 ac·

95 1575 173 1630 illius
195 1590 253 1629 non
282 1573 466 1639 consentiret,
490 1588 543 1626 ucc
567 1572 643 1626 titios
674 1575 846 1642 procrearet.
875 1570 946 1626 Nam
1001 1567 1076 1640 cepit
1091 1573 1277 1640 protestatur,
1304 1569 1416 1624 dicens:
1447 1573 1482 1625 nl
1506 1569 1619 1626 venient
1646 1572 1685 1628 nd
1713 1579 1741 1630 tc
1765 1576 1846 1630 carui

94 1663 118 1717 si
137 1663 273 1717 virtutem
296 1659 429 1716 humoris
450 1660 482 1715 in
506 1661 598 1715 calore
620 1675 679 1715 non
702 1657 829 1727 baberet,
852 1658 947 1713 intru—
965 1629 1059 1728 Blilii
1085 1673 1184 1714 eorum
1214 1657 1265 1729 qui
1295 1657 1521 1714 humiliaverant
1553 1661 1590 1729 tc,
1630 1663 1659 1715 et
1688 1661 1852 1718 odorabunt

95 1757 196 1807 ctuose
224 1757 370 1806 maneret:
403 1750 476 1804 sicot
505 1749 586 1804 arida
617 1754 695 1804 terra
730 1764 795 1821 quae
824 1762 855 1802 se
887 1763 947 1801 non
1001 1745 1119 1820 acatipr'o
1144 1746 1251 1819 pedum
1279 1749 1392 1802 tuorum
1420 1747 1780 1819 omnesquirlelralrebcnt
1800 1751 1853 1806 tibi

96 1840 187 1894 ssectit
218 1839 254 1894 ad
284 1839 377 1893 rrllnm
407 1853 492 1894 usum
524 1834 740 1892 fructuositatis.
765 1835 820 1890 Sed
845 1839 874 1889 et
898 1833 948 1888 itta
1004 1835 1076 1908 (lea.
1100 1839 1154 1904 nx).
1186 1835 1396 1901 eridbec‘lO
1419 1835 1521 1908 tuqui
1547 1852 1576 1890 es
1601 1853 1724 1909 superna
1750 1855 1802 1910 pax
1823 1846 1852 1896 et

96 1930 188 1984 virtus
216 1927 348 1984 humoris
380 1943 439 1982 non
471 1942 585 1997 semper
604 1925 634 1980 in
659 1926 752 1980 calore
782 1923 948 1979 incendium
1002 1923 1174 1995 purissimus
1211 1925 1262 1992 sol,
1286 1939 1340 1998 per
1360 1928 1388 1979 te
1412 1923 1531 1980 ebulliet
1552 1925 1650 1980 vivens
1677 1926 1757 1982 radix
1785 1943 1851 1999 qaae

96 2017 208 2075 ardoris
229 2017 469 2091 concupiscentie
493 2017 524 2072 in
544 2014 665 2071 muliere
688 2015 785 2082 habct,
802 2011 859 2070 nisi
885 2013 948 2086 ipsa
1004 2014 1047 2066 est
1068 2011 1248 2084 regeneratio
1271 2011 1389 2082 spiritns
1414 2017 1443 2066 et
1465 2027 1558 2083 aquae,
1584 2027 1649 2069 curn
1670 2013 1711 2068 illi
1733 2015 1853 2071 solerter

96 2105 179 2178 prius
216 2110 292 2161 tacta
327 2122 343 2160 a
374 2104 448 2173 viro,
483 2107 619 2175 agnoscet
659 2102 809 2158 ardentem
847 2115 951 2156 concu-
1003 2099 1118 2156 venient
1138 2099 1172 2155 ed
1190 2101 1368 2173 agnitionem
1381 2105 1461 2157 tuam
1484 2102 1535 2173 qni
1551 2101 1581 2156 in
1596 2103 1734 2174 spurcitia
1752 2104 1852 2160 noien-

96 2193 243 2268 pisceetire
267 2193 423 2262 fervorem;
446 2193 515 2266 quia
535 2192 565 2247 in
594 2193 644 2248 illa
664 2195 779 2246 nonest
795 2189 949 2247 temtortis
1003 2189 1129 2244 dissime
1163 2189 1356 2245 immunditiae
1384 2190 1438 2245 sab
1462 2189 1629 2261 gravissima
1651 2192 1852 2249 maledictione

97 2289 126 2340 et
151 2289 210 2340 tarn
243 2283 354 2339 fervens
384 2280 613 2354 concupiscentia
642 2279 716 2337 sicut
744 2281 775 2336 iu
799 2280 869 2349 viro,
899 2278 948 2352 qai
1004 2279 1140 2350 prostrati
1156 2283 1248 2346 erant,
1264 2278 1401 2350 quoniam
1416 2277 1471 2349 ipsi
1495 2278 1549 2334 boc
1566 2280 1652 2335 rnodo
1674 2281 1756 2352 qussi
1771 2282 1852 2338 curvi

96 2373 181 2430 fortis
200 2378 246 2427 est
269 2379 406 2444 tanquam
437 2373 483 2428 leo
507 2371 541 2426 ad
567 2369 827 2442 concupiscentiam
852 2368 948 2440 operis
1004 2367 1050 2423 vix
1073 2367 1189 2423 tandem
1212 2367 1246 2424 ad
1275 2367 1425 2422 veritatem
1454 2371 1482 2422 et
1505 2367 1697 2440 adjustitiam
1723 2378 1851 2442 surgent.

98 2463 246 2530 tiliorum
281 2461 322 2516 ita
347 2461 424 2534 quod
445 2460 506 2534 ipse
539 2459 644 2516 habeat
665 2459 863 2514 fertiludinem
882 2473 949 2512 con·
1004 2455 1174 2522 Quomodo?
1201 2456 1259 2529 lpsi
1286 2459 1447 2512 maternam
1477 2455 1657 2514 dulcedinem
1687 2475 1761 2514 verm
1785 2461 1854 2516 fidei

96 2549 284 2624 cupiscentiae
315 2566 348 2606 ac
371 2548 479 2622 operis,
501 2548 623 2604 muliere
644 2551 757 2603 tanturn
783 2546 836 2602 boc
861 2561 949 2618 nego·
1004 2549 1120 2617 sugent,
1155 2559 1220 2599 eam
1251 2543 1403 2600 visibiliter·
1430 2543 1564 2612 videndo,
1593 2546 1772 2612 nescientes;
1802 2549 1851 2604 scd

99 2642 177 2696 tium
207 2639 331 2696 habente
367 2637 443 2712 quod
479 2637 609 2708 subjacet
639 2635 763 2708 imperio
796 2635 950 2691 voluntatis
1003 2636 1117 2689 tantum
1148 2631 1227 2688 illam
1248 2631 1373 2688 fideliter
1403 2631 1545 2688 credendo
1570 2634 1723 2705 rapientes.
1747 2636 1780 2690 Et
1802 2635 1854 2708 qui

98 2730 190 2797 illius,
219 2727 359 2801 quoniam
385 2727 448 2798 ipsa
477 2732 614 2797 occrrpata
637 2731 680 2779 cst
702 2724 732 2778 in
753 2723 950 2796 procreatione
1005 2725 1073 2776 sunt
1092 2719 1157 2776 init
1182 2719 1317 2776 Videlicet
1341 2719 1391 2793 qui
1418 2719 1449 2776 in
1474 2721 1595 2776 materie
1617 2722 1727 2794 peccati
1749 2723 1785 2778 de
1808 2723 1854 2779 bis

98 2823 246 2883 natorum,
288 2815 449 2892 usquedum
481 2831 530 2870 eos
560 2813 700 2886 producat
731 2813 763 2868 in
796 2812 948 2868 mundum.
1005 2810 1071 2878 orti,
1091 2809 1164 2865 tein
1183 2807 1294 2865 ardenti
1317 2809 1619 2881 charitatenunquam
1638 2811 1853 2880 viderunt3sed

100 2908 169 2973 oure
192 2907 260 2962 dum
282 2905 427 2961 desiderat
454 2903 559 2960 Filium
580 2918 688 2970 meum,
714 2900 744 2956 io
767 2917 865 2956 amore
887 2902 949 2973 ejus
968 2911 989 2968 c
1005 2898 1055 2972 qni
1088 2901 1116 2952 te
1145 2897 1299 2954 credeliter
1321 2898 1512 2972 opprimendo
1536 2899 1720 2970 pertinaciter
1742 2900 1853 2958 afflixe-

100 2997 221 3069 cnpicns
260 2994 411 3050 observare
436 2991 633 3064 virginitatem
662 3005 759 3046 suane:
789 2989 872 3045 valde
903 3005 950 3045 er·
1004 2991 1083 3058 runt,
1103 2985 1186 3059 quasi
1203 2987 1366 3043 tuillorom
1388 3003 1447 3042 non
1463 2987 1670 3043 dominareris:
1690 2989 1762 3044 tain
1777 2990 1853 3046 bono

100 3092 187 3142 nator
203 3083 235 3139 in
255 3082 383 3138 thalamo
401 3081 502 3154 ipsius,
536 3078 672 3152 quoniam
691 3077 850 3133 contemnit
870 3077 952 3134 ardo-
1005 3093 1092 3132 sensu
1110 3075 1276 3132 dulcissime
1293 3080 1471 3131 amaverunt.
1498 3077 1530 3130 Et
1543 3074 1615 3131 adeo
1627 3091 1693 3132 cum
1707 3091 1802 3134 veram
1819 3077 1854 3134 ii-

99 3190 162 3229 rem
195 3188 282 3245 quem
317 3187 371 3243 pro
403 3168 542 3225 charitate
574 3168 652 3223 illius
687 3167 825 3224 sustinet:
851 3168 953 3223 nolens
1007 3164 1312 3232 demseeutifucriut,
1334 3164 1855 3236 velrrtregomapprebendeuttc‚et

100 3349 253 3424 pudicitia,
286 3349 355 3421 qnia
381 3348 525 3403 carnalem
558 3344 652 3401 virum
681 3343 874 3416 inspirituali
902 3342 952 3397 de·
1006 3351 1122 3399 current
1147 3347 1299 3415 sequentes
1324 3343 1504 3398 sanctissima
1526 3343 1630 3398 itinera
1653 3349 1703 3400 trra
1727 3361 1791 3416 quae
1813 3345 1855 3401 eis

100 3439 289 3512 sponsatione
318 3436 457 3509 despicit;
484 3439 544 3490 toto
567 3431 710 3489 desiderio
729 3433 866 3488 anhelans
889 3435 954 3502 post
1005 3430 1167 3505 precepisti
1191 3432 1231 3486 ita
1255 3435 1287 3486 nt
1307 3446 1420 3502 semper
1436 3429 1553 3486 elevetis
1572 3431 1704 3488 menibus
1719 3430 1748 3488 in
1764 3439 1791 3488 te
1810 3449 1855 3489 as·

101 3529 208 3584 Filium
227 3542 337 3594 rneum,
353 3525 583 3580 recordationem
600 3521 654 3577 viri
668 3521 790 3577 carnalis
804 3520 951 3592 abjiciens.
1006 3519 1258 3592 piciantatquein
1277 3518 1361 3574 benis
1391 3519 1528 3590 operibus
1550 3519 1759 3591 adtescmper
1780 3521 1856 3593 rigi·

101 3615 307 3674 Ocharissima
329 3613 471 3686 germina,
502 3617 530 3666 et
554 3627 571 3667 o
592 3610 733 3666 dulciores
756 3613 786 3664 et
811 3608 953 3664 suaviores
1006 3608 1076 3676 lent,
1096 3607 1126 3662 in
1148 3607 1215 3674 tide,
1238 3607 1345 3662 scilicet
1367 3611 1394 3662 te
1410 3607 1508 3663 videre
1533 3609 1650 3664 taedium
1665 3626 1725 3666 uon
1739 3611 1854 3682 eapien-

100 3706 188 3762 tlores
205 3720 293 3776 snper
311 3701 407 3759 omnia
429 3705 575 3759 aromate:
593 3699 643 3754 ubi
671 3697 766 3754 mollis
794 3703 823 3753 et
843 3696 953 3768 fragilis
1006 3699 1058 3764 tes,
1076 3699 1104 3750 et
1126 3695 1179 3750 hoc
1205 3711 1304 3750 ornnes
1329 3694 1370 3748 illi
1392 3693 1517 3763 iacient;
1534 3697 1584 3768 qui
1605 3697 1687 3768 prius
1708 3697 1855 3770 impudice

101 3801 208 3850 natura
227 3792 311 3866 quasi
338 3807 443 3847 aurore
475 3789 510 3845 ad
535 3787 786 3860 desponsalionem
809 3783 872 3842 Filii
896 3784 952 3842 mei
1007 3788 1036 3838 et
1058 3783 1249 3838 irreverenter·
1268 3785 1296 3837 te
1312 3781 1535 3853 dilaniaverunt,
1560 3789 1589 3840 et
1605 3785 1654 3857 qni
1677 3787 1707 3842 in
1731 3788 1799 3844 odio
1820 3804 1853 3843 ee

101 3882 261 3955 consurgit,
284 3885 363 3936 casta
387 3880 540 3936 dilectione
567 3877 649 3932 valde
672 3891 739 3932 eum
763 3891 873 3944 amans,
903 3874 954 3930 illa
1007 3873 1037 3928 in
1061 3871 1166 3926 invidia
1182 3885 1212 3925 se
1235 3885 1252 3924 e
1273 3875 1302 3926 te
1327 3871 1497 3940 diviserunt,
1522 3887 1587 3928 cum
1612 3879 1679 3928 tunc
1693 3874 1724 3931 in
1738 3877 1856 3947 speculo

102 3973 131 4028 ei
146 3988 262 4044 sponsa,
273 3975 300 4026 et
315 3969 377 4042 ipse
389 3968 433 4023 illi
448 3983 579 4040 sponsus,
600 3980 665 4020 cum
685 3963 740 4019 hec
752 3979 845 4035 genos
861 3961 953 4033 virgi·
1007 3959 1075 4017 ildei
1089 3959 1223 4015 ardenter
1237 3963 1264 4014 te
1283 3960 1493 4032 amplexerunt.
1510 3961 1584 4026 Quid
1600 3961 1673 4018 boel

101 4079 174 4118 num
189 4061 271 4117 valde
292 4058 386 4132 diligit
401 4073 467 4114 eum
484 4057 513 4113 in
535 4070 660 4127 superno
681 4068 770 4124 regno
791 4049 954 4123 insignibus
1043 4051 1113 4106 Nam
1138 4065 1219 4104 casus
1250 4047 1320 4104 Adae
1343 4049 1446 4106 clausit
1469 4051 1572 4107 caelum
1601 4051 1631 4107 in
1659 4052 1857 4124 indignatione

101 4150 281 4207 ornamentis
294 4149 504 4206 adornandum.
521 4144 577 4202 Sed
599 4142 668 4216 qaid
682 4139 782 4197 nanc?
1007 4153 1081 4206 mea,
1099 4153 1164 4193 cum
1184 4137 1271 4193 homo
1293 4153 1340 4194 me
1363 4139 1480 4208 sprevit,
1504 4144 1532 4195 et
1543 4139 1679 4196 callidum
1693 4148 1856 4214 serpentem

140 4239 211 4296 Cum
243 4237 330 4294 etiarn
360 4235 499 4292 tortitudo
532 4233 586 4288 viri
614 4234 727 4288 recusat
751 4229 854 4285 ducere
885 4242 952 4283 con·
972 4211 1128 4285 ¹'audivit
1148 4227 1228 4284 Unde
1244 4232 1274 4283 et
1288 4227 1343 4299 ipsi
1366 4229 1460 4284 clausa
1492 4233 1534 4285 cst
1553 4231 1647 4286 omnis
1668 4231 1859 4305 gloriepara·

101 4328 225 4384 sardum
247 4324 433 4391 matrimonii,
453 4323 493 4378 ita
514 4322 592 4396 quod
614 4319 657 4374 vir
681 4322 800 4392 prepter
824 4331 952 4372 amorem
1007 4316 1074 4373 disi.
1095 4316 1164 4381 orrea
1197 4316 1329 4371 clausura
1362 4315 1476 4372 duravit
1496 4332 1590 4390 usque
1620 4319 1656 4374 ad
1677 4320 1858 4378 claritudinis

103 4416 168 4474 Filii
183 4413 286 4470 moise
305 4418 416 4469 coercet
435 4411 467 4466 in
481 4409 575 4466 vivide
591 4414 693 4465 natura
708 4423 770 4473 sua,
785 4421 851 4461 curn
871 4403 955 4459 floret
1010 4421 1081 4460 mere
1100 4403 1213 4473 lilium,
1230 4403 1281 4475 qui
1306 4403 1336 4459 in
1350 4403 1496 4461 voluntate
1513 4420 1576 4461 mee
1598 4406 1737 4463 fluentem
1753 4409 1855 4465 lorda-

101 4507 133 4562 in
148 4504 280 4578 gernnm
291 4501 513 4572 filiorum:ipse
528 4503 626 4554 tamen
641 4492 843 4566 constringens
859 4508 951 4547 mem·
1009 4509 1075 4548 nem
1096 4491 1223 4560 intravit;
1244 4491 1294 4547 nbi
1317 4496 1346 4547 et
1368 4508 1419 4548 vex
1450 4509 1513 4548 mea
1547 4493 1622 4549 clare
1655 4495 1861 4553 intonuitcum

100 4596 157 4652 bre
179 4609 233 4650 sua
254 4609 290 4648 ne
314 4594 465 4648 exerceant
492 4583 756 4658 concupiscentiam
774 4580 869 4637 carnis
883 4597 953 4650 eun,
1010 4581 1145 4649 dicerem,
1161 4579 1229 4652 qrria
1241 4579 1303 4652 ipse
1318 4586 1393 4636 esset
1407 4579 1494 4636 Filius
1511 4596 1594 4636 meus
1612 4582 1742 4653 dilectus,
1758 4584 1789 4638 in
1800 4601 1858 4656 quo

101 4682 160 4738 boc
183 4679 255 4736 mibi
281 4678 364 4734 valde
388 4675 511 4733 amabile
534 4677 578 4730 est
597 4671 667 4746 qnia
695 4669 802 4725 scilicet
828 4667 871 4723 vir
900 4668 956 4724 hoc
1010 4667 1437 4740 mihibeneeomplecuisscm3
1455 4669 1763 4742 quoniamhocvolui‚
1780 4674 1858 4728 utin

102 4769 192 4826 modo
217 4768 303 4824 vincit
324 4783 355 4824 se
384 4767 491 4838 ipsum.
521 4762 601 4819 Unde
632 4765 661 4817 et
685 4775 740 4832 ego
763 4756 865 4814 taciem
888 4772 955 4811 eum
1010 4757 1069 4814 fine
1079 4759 1241 4828 temporum
1251 4755 1422 4812 redimerem
1434 4757 1643 4829 bominemper
1654 4757 1860 4816 Filiunrmeum

101 4863 266 4916 consortem
292 4855 356 4913 Filii
377 4853 452 4924 mci;
472 4858 501 4908 et
520 4866 629 4924 ponam
653 4863 720 4905 eum
742 4844 956 4902 serenissimum
1011 4845 1083 4901 mi'ai
1114 4843 1304 4900 indissolubili
1329 4845 1433 4900 amoris
1452 4845 1567 4902 vinculo
1588 4846 1628 4901 ita
1650 4845 1856 4916 adhaerentem,

103 4947 256 5021 speculum
285 4949 352 5002 aute
385 4943 488 5000 faciem
516 4941 589 5013 ejus,
614 4938 684 5012 quia
715 4935 827 4992 sortiter
853 4932 957 4990 restitit
1011 4938 1044 4989 ut
1062 4933 1143 4989 iavrrs
1161 4931 1240 4987 melli
1255 4930 1391 5000 adheret,
1408 4949 1494 5005 quern
1518 4933 1603 4990 etiarn
1620 4933 1726 4990 idcirco
1741 4934 1814 4990 mihi
1829 4935 1861 4990 in

103 5037 240 5104 diabolo;
255 5035 306 5107 qui
320 5033 375 5089 sibi
397 5033 559 5088 hamanum
573 5043 666 5100 genus
687 5042 740 5100 per
754 5023 952 5080 infidelitatem
1011 5024 1137 5090 iontem;
1153 5037 1199 5077 me
1220 5020 1330 5076 iontem
1355 5036 1438 5092 equae
1460 5021 1531 5076 vivae
1547 5022 1760 5094 designantem,
1776 5027 1807 5078 ut
1833 5027 1862 5078 et

104 5124 293 5200 aequissima
314 5121 407 5178 sordis
437 5121 603 5176 attraxerat.
630 5116 668 5172 lle
695 5114 777 5186 cujus
798 5113 901 5184 laqueo
925 5114 956 5166 ut
1013 5113 1073 5186 ipse
1097 5111 1162 5167 iens
1196 5107 1306 5178 salutis,
1339 5107 1449 5164 animas
1476 5110 1539 5164 illas
1563 5111 1598 5166 de
1626 5115 1733 5167 aeterna
1769 5115 1862 5167 morte

103 5216 281 5288 eriperetur,
303 5212 406 5269 Filium
431 5224 529 5265 meum
556 5205 620 5262 misi
637 5203 668 5260 in
684 5202 958 5268 mandamentum
1013 5199 1206 5265 resuscitaret,
1229 5196 1335 5268 quibus
1358 5196 1387 5252 in
1403 5211 1479 5268 aqua
1499 5212 1551 5268 per
1579 5193 1717 5269 Spiritum
1732 5204 1863 5255 sanctmn

104 5323 140 5362 ex
163 5303 331 5361 dulcissima
367 5299 476 5372 virgine
503 5297 565 5352 sine
591 5293 671 5351 omni
703 5291 817 5348 macula
838 5288 958 5361 peccati,
1014 5288 1144 5344 remissio
1177 5289 1360 5360 peccatorum
1392 5286 1519 5343 daretur.
1557 5285 1739 5359 Quapropter
1764 5293 1794 5344 et
1822 5287 1863 5343 ibi

102 5393 276 5451 afferentem
298 5391 407 5446 tentem
437 5383 613 5451 salvationis,
636 5397 723 5455 quem
739 5378 801 5452 ipse
823 5378 960 5460 iupoeens
1015 5377 1138 5450 Spiritus
1166 5379 1280 5432 sauctus
1306 5373 1449 5448 apparuit,
1476 5373 1544 5446 quia
1568 5373 1701 5429 fidelibus
1723 5392 1776 5448 per
1795 5391 1862 5432 eum

104 5499 201 5556 egum
224 5479 354 5550 sacravit,
388 5480 420 5534 ut
438 5475 613 5550 preputium
645 5469 750 5527 veteris
775 5466 904 5524 criminis
929 5465 959 5520 in
1015 5463 1144 5520 remissie
1160 5461 1398 5535 peecatorumfit,
1420 5461 1468 5517 ubi
1491 5461 1696 5534 obmysticam
1721 5469 1861 5519 secretum
