3984 6034
130 163 177 214 :idi
869 159 894 211 S.
916 156 1151 216 ttttblttiattttts
1825 161 1876 207 lise

128 303 261 370 grossius
276 295 418 369 corporali
442 295 592 368 putredine
615 300 657 351 ust
678 295 758 352 tortis
782 300 810 352 ct
833 296 973 368 gloriosus
993 299 1015 352 ‚l
1029 295 1177 372 utriusque
1194 296 1301 359 lateris,
1318 294 1448 368 prosperi
1462 295 1568 352 scilicet
1589 301 1617 352 et
1643 296 1765 367 adversi,
1779 297 1876 354 bami-

128 392 303 457 sanctnsqne
318 384 411 452 miles,
427 398 493 438 crim
515 387 675 438 restaurato
699 399 796 456 opere,
811 384 862 456 gui
877 399 977 454 opera·
1031 399 1096 440 nem
1112 384 1341 440 constantissime
1365 387 1480 456 oportet
1498 384 1636 440 laborare.
1651 385 1826 450 Quomodo?
1842 387 1879 439 rt

128 481 176 528 tur
190 483 308 546 proptor
325 473 413 527 licum
424 471 455 526 iu
469 470 565 526 euime
578 476 607 525 et
620 487 751 542 corpore,
765 472 804 526 ito
819 487 871 543 per
885 475 977 526 ceute·
1030 471 1135 528 devitet
1149 473 1257 528 malum
1274 477 1302 526 at
1316 478 1452 543 operetur
1474 473 1593 534 bouum.
1609 473 1782 538 Quomodo?
1804 473 1878 538 Quia

128 562 243 617 narium
265 575 418 616 nnmerum
447 558 597 633 praesentis
628 559 732 616 laboris
752 560 921 632 pertingens
939 560 975 615 ad
1031 559 1173 632 protunda
1194 565 1222 614 ot.
1247 559 1545 632 incomprehensibilis
1569 561 1665 616 diuina
1685 565 1812 632 potestas
1834 561 1878 616 in·

127 649 322 706 millenarium
349 648 454 704 lutura
474 646 684 715 retributionis,
705 647 836 704 videlicet
855 663 920 703 cnm
946 647 976 704 in
1030 645 1123 701 stituit
1137 645 1294 714 homiuem,
1315 650 1347 700 nt
1369 644 1437 701 totis
1451 645 1561 701 viribus
1575 646 1634 702 suis
1656 651 1686 702 ot
1708 651 1769 701 totu
1791 661 1875 701 sensu

127 736 345 794 norissimodie
370 735 487 806 plenam
510 735 672 791 mercedem
687 735 828 808 accipiens
843 736 904 791 siue
919 736 976 790 tine
1029 751 1081 790 suo
1095 733 1171 790 colat
1186 736 1275 790 Deam
1290 734 1395 806 aequati
1420 735 1570 790 devotione
1586 733 1615 788 iu
1637 733 1816 805 longitudine
1831 733 1877 788 in·

126 828 157 883 iu
171 827 270 882 anime
285 830 314 880 at
335 840 454 896 corpore
469 822 607 895 gaudebit
621 824 651 880 in
666 824 772 880 coelesli
786 825 974 880 habitatione.
1028 823 1186 894 telligibilis
1208 822 1427 890 rationalitatis;
1450 821 1587 893 quonium
1620 822 1740 894 dignum
1774 827 1817 878 est
1847 827 1878 876 ut

126 915 172 970 Sic
186 929 256 984 crgo
273 912 409 968 denarius
433 915 597 967 attenuatus
617 928 766 980 numerus,
792 917 976 985 recuperatus
1030 912 1148 966 Creator
1168 910 1309 977 omniurn,
1333 915 1399 966 ante
1426 910 1534 978 omnia,
1561 914 1590 966 et
1612 926 1698 982 snper
1721 910 1818 965 omnia
1837 910 1878 964 di-

126 1007 170 1056 est
189 1018 242 1073 per
264 1001 368 1056 Filium
391 1017 499 1068 meum,
515 1001 566 1072 qui
579 1005 662 1056 uatus
686 1017 721 1056 ex
741 1001 853 1074 virgine
868 1007 896 1056 et
909 1018 976 1074 pas-
1029 997 1166 1071 guissime
1180 999 1291 1055 colatur
1306 999 1390 1054 lieris.
1414 999 1594 1070 Quapropter
1615 1004 1644 1054 et
1663 998 1713 1054 elii
1732 999 1794 1070 ojus
1819 999 1878 1054 duo

126 1107 175 1144 sus
196 1090 226 1144 in
250 1103 333 1144 cruce
356 1089 503 1144 homiuem
518 1088 632 1145 reduxit
649 1090 686 1146 ad
707 1090 845 1158 coelestia,
865 1095 897 1146 nt
914 1091 976 1161 ipso
1029 1088 1153 1160 parietes
1167 1088 1197 1143 in
1212 1087 1306 1142 fronte
1321 1094 1350 1143 et
1370 1087 1401 1142 in
1414 1088 1473 1142 tine
1488 1087 1562 1158 ejus,
1586 1087 1673 1142 nnius
1687 1093 1756 1143 sunt
1776 1087 1876 1142 latitu-

125 1179 157 1232 iu
180 1177 335 1250 Evangelio
361 1177 447 1234 dicit:
468 1178 534 1244 Quae
559 1177 663 1233 mulier
688 1178 796 1234 babeas
820 1178 977 1235 drachmas
1030 1175 1116 1245 diuis,
1130 1175 1267 1250 qnoniam
1288 1175 1319 1231 iu
1343 1191 1430 1246 opere
1453 1175 1504 1231 liei
1528 1176 1669 1248 sapientia
1691 1181 1720 1231 et
1744 1175 1878 1232 discretio

124 1267 232 1335 demea,
256 1266 284 1322 si
303 1267 461 1340 perdiderit
472 1267 638 1323 drachmam
651 1284 751 1338 mum,
766 1285 860 1324 nonne
877 1284 976 1324 accen·
1030 1271 1097 1322 suut
1119 1266 1198 1320 relut
1217 1265 1274 1320 duo
1299 1265 1431 1337 parietes,
1447 1263 1578 1320 uidelicet
1592 1264 1734 1337 sapientie
1749 1263 1830 1335 qnasi
1847 1263 1878 1320 iu

124 1354 168 1410 dit
180 1355 328 1412 lucanum
348 1365 376 1410 et
394 1354 498 1412 eoerrdt
515 1355 641 1425 domum,
658 1359 686 1412 ct
705 1357 807 1430 guerit
823 1355 977 1430 diligenter
1030 1353 1171 1426 superiori
1192 1358 1222 1409 ct
1236 1353 1368 1410 discretio
1389 1353 1471 1426 qnasi
1493 1353 1525 1408 iu
1546 1353 1678 1409 interiori
1695 1357 1788 1424 parte,
1805 1369 1877 1424 quas

123 1443 214 1498 donec
233 1442 381 1500 inueniat?
395 1445 436 1498 Et
458 1459 524 1499 cum
541 1444 691 1512 inuenerit,
707 1449 840 1501 wnoocut
864 1446 977 1502 unricus
1032 1443 1105 1498 deus
1122 1442 1228 1516 aspiret
1248 1459 1332 1515 aequo
1351 1447 1378 1498 et
1396 1443 1475 1512 justo
1489 1441 1565 1497 dono
1581 1458 1633 1497 suo
1647 1441 1677 1497 in
1699 1441 1877 1514 magnitudi-

125 1537 153 1587 ct
172 1531 292 1602 υἱάιιαι,
317 1531 417 1588 dicens
438 1549 445 1586 ι
465 1532 719 1604 Gmgratrlumini
738 1532 820 1601 mibi,
837 1532 909 1606 quin
928 1531 974 1588 ia-
1029 1547 1096 1586 nem
1119 1531 1291 1599 latitudinis,
1324 1531 1458 1586 bumauae
1491 1531 1610 1596 meutis;
1644 1529 1678 1585 ed
1708 1545 1877 1602 cognosceu-

126 1619 368 1676 ncnidracdmcrn
383 1637 471 1692 guam
485 1621 667 1693 perdideram
681 1621 759 1694 (Luc.
774 1622 829 1693 rr).
848 1624 904 1678 lloc
918 1622 974 1678 tels
994 1592 1016 1648 B
1032 1619 1101 1676 dum
1114 1636 1153 1674 se.

125 1714 185 1763 est:
211 1707 313 1765 Sancte
337 1708 472 1764 diviuitas
501 1709 607 1766 habuit
634 1710 785 1766 drachmas
813 1712 922 1779 decem,
945 1709 976 1766 id
1067 1709 1120 1766 Sed
1136 1708 1211 1780 quod
1228 1713 1352 1779 quatuor
1366 1707 1408 1764 illi
1433 1707 1558 1779 parietas
1573 1707 1679 1779 ubique
1701 1706 1731 1762 iu
1755 1706 1877 1762 circuitu

126 1800 170 1850 est
189 1796 221 1852 in
244 1796 341 1852 electis
364 1797 476 1868 augelis
496 1802 525 1852 et
543 1799 573 1852 iu
599 1798 717 1854 homine
740 1799 838 1854 decem
862 1800 977 1855 ordines
1031 1797 1122 1868 ipsius
1137 1797 1250 1853 aedilicii
1266 1796 1384 1869 aqualis
1408 1801 1475 1852 sunt
1489 1795 1660 1866 altitudinis,
1676 1795 1801 1868 exceptis
1813 1809 1879 1867 pro-

125 1901 317 1956 superuernm
352 1884 579 1954 distinctionum,
612 1886 662 1941 sed
690 1885 856 1942 drachmam
887 1903 976 1942 riuum
1031 1886 1278 1958 pugnaculisejns
1301 1901 1367 1956 qum
1391 1883 1604 1956 aliquantulum
1629 1884 1760 1940 eminent
1780 1885 1877 1938 eltitrr·

124 1972 261 2044 perdidit,
278 1989 343 2028 cum
359 1974 447 2029 bomo
464 1974 556 2045 magis
577 1974 749 2030 diabolicam
768 1975 975 2044 seductionem,
1032 1973 1130 2030 diuam
1152 1975 1257 2046 ipsius;
1272 1974 1325 2029 boe
1344 1975 1419 2045 quod
1434 1973 1522 2028 humo
1537 1971 1568 2028 in
1583 1977 1708 2044 quatuor
1722 1971 1874 2027 elementis

40 2107 44 2113 .
125 2077 213 2134 quam
238 2061 368 2118 divinum
389 2069 568 2134 praereptum
589 2065 886 2120 secutusinmorteui
903 2065 975 2121 ceci·
1030 2063 1150 2135 positus,
1169 2063 1275 2135 ubique
1292 2063 1377 2118 iidem
1394 2061 1802 2134 catholicamperbouitetem
1824 2063 1878 2117 Pa·

126 2151 178 2206 dit.
214 2150 293 2205 Unda
334 2150 395 2224 ipse
427 2151 586 2207 accendens
629 2153 776 2208 lircernam
814 2152 974 2218 ardentem,
1032 2152 1202 2224 tristeqnali
1224 2152 1376 2207 deuotione
1397 2152 1551 2206 etcultura
1570 2150 1601 2206 iu
1620 2152 1676 2206 ulto
1700 2149 1875 2216 habebitil·

126 2239 233 2294 scilicet
248 2240 392 2296 Christum
408 2255 508 2296 rernm
531 2240 620 2296 Deum
642 2247 671 2296 et
692 2257 791 2296 rernm
816 2241 974 2311 homiuem,
1022 2240 1102 2318 ¹lium
1124 2256 1190 2318 curn
1207 2241 1289 2296 Patre
1311 2245 1339 2296 et
1361 2240 1470 2312 Spiritu
1493 2244 1600 2305 sancto,
1624 2239 1755 2294 videlicet
1777 2238 1876 2294 colens

126 2327 451 2400 splendidissimumque
465 2329 556 2384 solem
567 2329 700 2400 justitie,
717 2329 822 2385 everrit
836 2346 888 2402 per
909 2347 975 2388 erim
1030 2330 1078 2401 qni
1095 2329 1192 2384 omnia
1206 2345 1294 2400 opera
1317 2345 1369 2383 sue
1388 2333 1526 2400 operetur
1548 2327 1578 2383 in
1600 2327 1679 2399 ipsis.
1703 2325 1878 2392 Quomodo?

126 2418 255 2484 domum,
280 2416 308 2471 id
331 2420 375 2470 est
395 2416 545 2472 loduicum
564 2418 717 2489 populum,
733 2421 762 2472 et
783 2419 860 2475 iuter
880 2418 974 2488 legem
1031 2421 1121 2474 timue
1134 2435 1207 2490 opus
1222 2418 1299 2491 quud
1325 2417 1412 2473 Filius
1434 2416 1484 2472 liei
1500 2421 1635 2488 operatus
1658 2420 1702 2471 est
1724 2420 1752 2470 et
1774 2431 1874 2486 opera·

127 2503 261 2575 quesivit
283 2504 439 2576 diligenter
471 2520 587 2561 omnem
618 2507 874 2562 sanctificationem
909 2522 974 2579 quae
1031 2512 1087 2575 tur,
1113 2507 1168 2562 huc
1187 2506 1301 2580 perlicit
1325 2521 1377 2576 per
1404 2505 1563 2561 bonitatem
1595 2504 1688 2561 Patris
1716 2504 1746 2558 in
1767 2503 1875 2574 Spiritu

125 2592 181 2648 luit
201 2593 233 2648 iu
248 2593 415 2661 salvatione,
437 2593 468 2649 in
491 2610 548 2667 qua
572 2595 698 2652 instituit
719 2610 823 2651 noram
847 2596 974 2651 senctili·
1031 2600 1138 2652 eaucto.
1160 2595 1236 2662 Quid
1256 2595 1330 2651 lroci
1351 2593 1493 2660 Quoniam
1515 2593 1674 2648 secundum
1699 2591 1877 2648 voluntatens

124 2680 278 2750 cntionem,
293 2688 323 2739 et
340 2682 380 2737 sic
400 2682 508 2739 insanit
530 2683 695 2740 dracbmem
711 2700 803 2754 suam,
825 2683 974 2740 hominem
1031 2685 1120 2742 Patris
1143 2689 1205 2741 eret
1229 2685 1317 2740 Filius
1340 2683 1485 2740 redimens
1505 2681 1652 2738 bominem
1675 2696 1727 2754 per
1747 2681 1876 2736 incerna-

125 2771 233 2828 scilicet
255 2787 343 2844 quem
366 2771 542 2843 perdiderat.
565 2774 644 2829 Tunc
666 2773 833 2828 corroserit
856 2773 973 2840 emices,
1029 2775 1139 2830 tionem
1154 2789 1247 2841 snam,
1264 2789 1328 2846 qrrro
1353 2778 1396 2828 est
1420 2787 1524 2844 magne
1547 2769 1679 2838 bonitss;
1702 2770 1770 2841 quia
1791 2771 1877 2824 Pater

125 2858 154 2914 id
168 2866 210 2915 est
224 2859 375 2916 seaculares
394 2858 520 2930 justitias
535 2865 563 2914 ot
577 2859 695 2926 ricinus,
711 2857 739 2912 id
754 2863 798 2914 est
812 2857 974 2929 spirituales
993 2885 1014 2939 Γ.
1031 2863 1225 2919 ¹deordinarit
1237 2867 1270 2917 nt
1287 2860 1374 2917 Filius
1389 2861 1451 2930 ejus
1476 2863 1639 2914 nasceretur
1663 2874 1696 2913 ex
1713 2857 1827 2928 virgine
1841 2858 1877 2912 do

125 2948 254 3016 virtutes,
278 2947 394 3003 dicens:
424 2947 672 3019 congratulemini
703 2946 774 3001 milii
793 2945 973 3002 laudabiliter
1029 2950 1139 3022 Spiritu
1173 2956 1270 3005 sancto
1300 2953 1464 3020 conceptus,
1494 2948 1703 3004 humanitatem
1729 2963 1879 3002 assumens

125 3042 155 3092 et
177 3036 358 3108 congaudete
380 3039 410 3091 et
430 3035 569 3092 aedificate
592 3034 736 3091 coelestem
759 3035 915 3090 ierusalem
939 3051 972 3090 ex
1028 3043 1146 3110 propter
1166 3052 1294 3092 amorem
1317 3035 1452 3102 bominis,
1477 3041 1508 3092 ut
1530 3051 1595 3090 enm
1622 3033 1772 3091 reduceret
1786 3034 1815 3090 in
1836 3051 1878 3089 re-

127 3123 196 3178 visis
216 3122 369 3195 lapidibus,
392 3121 462 3195 quie
483 3121 632 3178 homiuem
654 3121 761 3189 inveni,
776 3120 827 3193 qni
849 3121 974 3194 perierat
1029 3125 1234 3182 staurationem
1248 3127 1321 3194 vitre,
1345 3130 1487 3198 quatenus
1502 3126 1589 3180 humo
1609 3139 1675 3180 cum
1693 3125 1750 3181 lieo
1766 3129 1877 3198 partem

126 3211 295 3284 deceptione
309 3209 428 3266 diaboli.
1030 3215 1158 3282 liaberet,
1175 3229 1241 3270 cum
1256 3230 1313 3286 qna
1327 3213 1448 3270 intraret
1466 3213 1495 3268 in
1511 3213 1699 3270 salvationem
1716 3229 1768 3285 per
1780 3213 1876 3286 ipsum

160 3299 216 3356 Sed
233 3303 264 3355 ut
278 3298 358 3355 rides
371 3299 450 3372 quod
465 3297 586 3355 latitudo
600 3298 687 3370 hujus
706 3297 821 3354 edificii
836 3302 879 3354 est
891 3297 974 3372 quin·
1028 3304 1059 3360 in
1073 3308 1151 3359 recta
1171 3307 1200 3358 et
1222 3303 1361 3360 catholice
1383 3301 1450 3367 fide,
1466 3303 1496 3358 in
1511 3319 1569 3374 qua
1592 3305 1677 3358 Pater
1699 3305 1728 3358 ei
1742 3301 1831 3358 Filius
1850 3309 1879 3358 et

120 3386 264 3459 gnagmte
284 3385 462 3455 cubitorum,
482 3385 539 3442 boe
558 3389 602 3442 est
631 3386 709 3459 quod
733 3387 829 3441 omnis
853 3386 974 3442 latitudo
1028 3391 1150 3464 Spiritus
1179 3397 1294 3448 sauctus
1328 3391 1463 3464 cognosci
1501 3391 1597 3458 debet,
1629 3407 1704 3447 unns
1733 3395 1763 3446 et
1793 3407 1878 3447 serus

126 3475 262 3531 tiii⁰rttm
277 3474 441 3542 hminum,
456 3475 507 3549 (lui
532 3475 563 3531 in
586 3475 906 3547 0i010⁰01oedifi02r0
928 3475 975 3530 der
1029 3483 1113 3537 lleus.
1139 3482 1192 3538 Sed
1216 3485 1244 3536 et
1263 3480 1303 3536 ibi
1333 3488 1401 3537 suut
1423 3480 1643 3553 propugnandis
1670 3479 1878 3553 prestantioris

124 3566 260 3634 buerunt,
277 3564 369 3637 magis
384 3569 481 3621 tamen
504 3564 748 3637 concupiscentias
769 3581 835 3620 suas
850 3580 973 3636 sequen·
1029 3569 1199 3626 altitudinis,
1216 3568 1390 3635 Quomodo?
1414 3567 1496 3638 Quia,
1518 3583 1583 3624 cnm
1605 3568 1694 3624 bomo
1714 3568 1833 3640 respicit
1846 3569 1878 3624 iu

125 3654 199 3711 tium
211 3670 298 3727 quem
311 3670 384 3726 opus
400 3654 450 3709 liei
472 3654 639 3723 colentium,
654 3653 687 3710 in
708 3651 822 3730 ditiusis
844 3651 974 3725 quinque
1028 3658 1142 3715 eulmen
1161 3657 1245 3714 bone
1260 3658 1374 3726 mentis,
1391 3663 1458 3713 tnnc
1474 3656 1597 3713 aedificat
1611 3655 1796 3713 altitudinem
1811 3671 1877 3712 mn·

124 3742 293 3800 volueribus
308 3741 372 3798 Filii
387 3742 444 3798 mei
468 3758 534 3815 gnte
549 3741 579 3798 iu
594 3757 678 3797 cruce
700 3757 801 3813 passus
815 3744 868 3809 esi,
885 3739 973 3796 mise·
1028 3762 1127 3803 rorum
1142 3747 1282 3814 lidelium,
1307 3746 1338 3801 iu
1358 3746 1513 3802 virtutibus
1529 3745 1624 3818 operis
1648 3745 1699 3800 liei
1721 3745 1879 3801 ascendens

123 3830 274 3888 duosditer
285 3830 462 3903 abstergitur
473 3836 502 3887 et
516 3830 685 3899 remittitur,
704 3831 744 3886 ita
758 3830 836 3902 quod
855 3829 974 3885 rnlnara
1029 3850 1118 3908 super
1143 3833 1357 3906 intelligibilem
1388 3835 1487 3902 tidem,
1515 3836 1590 3891 neus
1621 3833 1753 3890 uidelicet
1784 3833 1878 3890 sciens

124 3935 264 3976 insanum
288 3920 351 3990 eins
373 3935 461 3992 opera
474 3934 615 3976 manuum
637 3917 840 3975 inobedientia,
862 3918 930 3974 Adae
945 3922 974 3975 et
1030 3939 1091 3980 esse
1106 3922 1136 3978 iu
1157 3922 1287 3996 potentia
1307 3921 1465 3979 divinitatis
1479 3938 1550 3991 sum,
1572 3938 1766 3995 superquam
1789 3922 1877 3978 iidem

125 4008 189 4064 Erae
211 4007 387 4077 deleverunt,
415 4013 444 4063 et
466 4009 585 4065 uulnere
616 4009 724 4082 pedum
753 4007 816 4080 ejus
838 4006 975 4062 liberare·
1029 4012 1131 4068 deiude
1154 4011 1294 4068 construit
1315 4011 1444 4068 altiorem
1477 4015 1616 4067 staturam
1642 4012 1782 4067 uirtutum
1802 4027 1877 4082 prte-

124 4101 194 4152 runt
207 4097 313 4153 itinera
329 4097 449 4154 hnmani
466 4097 569 4167 exsilii,
585 4103 614 4154 et
629 4099 731 4154 uulnus
745 4096 843 4153 leteris
859 4097 972 4169 ejusde
1031 4099 1272 4156 amatissimorum
1287 4099 1580 4172 propugnaculorum.
1606 4098 1778 4166 Quomodo?
1803 4099 1875 4156 Nam

123 4201 183 4258 quo
197 4189 260 4242 orte
281 4190 325 4242 est
347 4185 478 4254 Ecclesia,
505 4187 738 4260 delevitculpam
756 4186 826 4243 Adra
847 4190 876 4242 et
898 4186 972 4255 Ere,
992 4188 1154 4256 pasdillcai
1175 4189 1294 4246 altiores
1316 4189 1448 4260 uirtutes,
1462 4189 1518 4246 sibi
1540 4204 1598 4245 non
1621 4188 1766 4246 srrfllciens
1782 4194 1813 4244 nt
1828 4205 1876 4244 so·

124 4274 260 4346 qnoniam
275 4275 311 4330 de
326 4273 417 4332 lutere
431 4276 499 4332 Adae
521 4276 577 4332 Era
601 4281 695 4333 creata
716 4280 767 4332 est.
794 4275 873 4331 Unde
887 4279 915 4331 et
930 4275 974 4332 Fi·
1028 4277 1176 4334 lummodo
1202 4276 1290 4334 tidem
1310 4275 1414 4333 hebeat
1437 4276 1469 4332 iu
1491 4277 1602 4332 Deum:
1626 4274 1675 4333 sed
1697 4275 1824 4332 ascendit
1844 4275 1875 4331 in

122 4363 178 4420 lius
200 4380 282 4420 ruerus
307 4365 339 4420 iu
359 4365 440 4437 liguo
467 4365 538 4422 tirus
557 4372 610 4434 est,
634 4371 667 4421 ut
691 4381 725 4419 ea
747 4364 876 4420 aboleret
906 4379 973 4436 qnae
1027 4367 1169 4422 virentem
1183 4365 1321 4440 palmam,
1336 4365 1413 4438 quod
1436 4369 1479 4422 est
1501 4365 1536 4420 de
1558 4363 1662 4420 virtuts
1686 4363 1717 4420 iu
1738 4362 1875 4420 virtutem

123 4469 176 4525 per
200 4453 313 4525 lignum
342 4455 539 4526 praevaricatio
561 4454 635 4511 facte
657 4459 709 4521 est,
733 4457 819 4526 utque
842 4457 921 4510 aceto
944 4458 973 4510 et
1028 4454 1132 4528 quibus
1146 4457 1268 4511 exultate
1282 4458 1310 4510 ei
1324 4454 1460 4511 decorata
1473 4458 1517 4509 est
1530 4453 1690 4510 rectissima
1705 4453 1777 4510 tides
1791 4453 1876 4525 qtiasi
1965 4495 1966 4500 ι

122 4543 190 4598 telle
206 4548 323 4615 potatus
337 4547 390 4614 est,
405 4547 437 4598 ut
449 4548 550 4615 gustus
568 4541 649 4614 pomi
663 4541 786 4597 noxialis
801 4541 970 4597 dilueretur.
1027 4544 1124 4600 civitas
1139 4543 1372 4618 propugnaculis.

122 4630 157 4686 lit
171 4630 292 4687 altitudo
307 4631 369 4703 ejus
382 4635 425 4687 est
439 4631 569 4705 quinque
590 4630 768 4698 cubitorum;
783 4629 834 4703 qui
856 4635 899 4687 est
920 4646 970 4686 ex·
1062 4632 1144 4698 Quod
1174 4648 1241 4688 roro
1269 4631 1400 4698 latitudo,
1432 4630 1509 4688 iuter
1537 4631 1633 4704 ipsum
1661 4629 1814 4686 editicium
1848 4637 1878 4687 et
1963 4657 1964 4679 ι

121 4719 256 4776 callentis
278 4719 440 4776 divinarum
468 4718 651 4776 scientiarum
677 4718 707 4774 in
730 4717 884 4786 scripturis
907 4734 971 4791 qua
1026 4720 1210 4794 splendorem
1233 4735 1266 4778 ex
1289 4719 1425 4792 predicto
1457 4719 1563 4775 circulo
1591 4735 1620 4774 se
1645 4718 1677 4774 iu
1699 4717 1876 4790 protundum

121 4813 243 4879 propter
255 4823 329 4880 opus
342 4809 394 4866 Dei
408 4813 476 4866 sunt
490 4809 519 4864 iu
541 4808 670 4880 quinque
685 4807 816 4864 sensibus
831 4807 882 4880 qni
905 4811 973 4862 sunt
1026 4809 1121 4882 abyssi
1143 4808 1356 4874 extendentem,
1380 4812 1424 4864 est
1438 4808 1467 4863 iu
1483 4808 1588 4864 vertice
1604 4805 1753 4864 orientalis
1774 4807 1876 4876 anguli

121 4896 301 4954 inhomine:
317 4913 391 4971 quos
415 4895 568 4969 inspirarit
581 4895 704 4968 Spiritus
725 4902 839 4953 sauctus
857 4895 892 4951 ad
914 4895 971 4950 uti·
1026 4898 1112 4955 tinius
1133 4897 1239 4970 palmi:
1255 4897 1309 4954 hoc
1332 4903 1376 4954 est
1397 4899 1473 4969 quod
1498 4896 1658 4970 amplitudo
1681 4911 1875 4968 supernorum

122 4984 235 5040 litatem
250 4985 413 5054 hominnm,
428 4984 497 5057 gnie
512 4985 599 5039 bomo
613 4999 677 5040 cunr
694 4983 823 5057 quinque
838 4983 969 5039 sensibus
1027 4992 1204 5044 secretorum
1224 4990 1267 5043 est
1282 4986 1358 5042 inter
1372 5002 1445 5058 opus
1460 4985 1522 5042 Filii
1537 4985 1588 5043 liei
1604 4985 1683 5059 quod
1695 4985 1878 5042 demonstre-
1959 5023 1960 5032 ,

122 5072 183 5128 sais
204 5073 320 5147 respicit
340 5073 376 5129 ed
399 5071 583 5128 altitudinem
615 5072 784 5140 diuinitatis,
806 5072 972 5127 discernens
1026 5075 1068 5129 rit
1090 5073 1172 5146 qnesi
1193 5073 1356 5142 edificium,
1380 5079 1565 5129 conversatus
1587 5073 1649 5130 siue
1678 5078 1793 5145 peccato
1812 5068 1874 5126 e'or.

121 5162 361 5234 unumquodque,
384 5161 493 5216 bourrrn
517 5161 626 5217 scilicet
648 5167 677 5217 et
699 5161 818 5217 melum.
840 5161 920 5216 Unde
943 5163 972 5215 ot
1027 5162 1164 5234 puraliter
1187 5161 1217 5218 in
1238 5163 1353 5232 stecnlu,
1376 5162 1483 5218 scilicet
1504 5161 1611 5218 iaciens
1634 5161 1754 5218 virtutes
1770 5161 1876 5216 multas
1957 5203 1958 5206 ,

122 5252 184 5319 ejus
205 5252 264 5308 duo
284 5249 410 5322 parietes
442 5249 474 5306 iu
503 5255 628 5324 atroam
659 5249 747 5306 latere
779 5250 871 5321 ipsius
904 5253 972 5306 suut
1005 5252 1057 5307 ·in
1072 5249 1199 5307 bonitate
1219 5249 1310 5306 Patris
1333 5255 1362 5304 et
1385 5250 1460 5307 inter
1482 5253 1653 5322 potestatem
1676 5247 1769 5304 Petris
1793 5247 1875 5319 qrresi

121 5337 210 5394 naias
235 5336 439 5410 longitudinisr
464 5337 603 5412 qnoniam
628 5339 660 5394 in
683 5336 804 5395 edificio
834 5337 971 5395 bonitatis
1026 5335 1209 5410 splendorem
1232 5337 1263 5393 iu
1284 5337 1409 5394 maxima
1430 5337 1535 5394 virtute
1558 5353 1611 5394 sus
1631 5351 1662 5394 se
1682 5337 1714 5392 in
1737 5335 1875 5392 interiora
1955 5373 1956 5386 t

124 5427 173 5485 liei
198 5426 282 5501 quasi
302 5425 333 5484 in
355 5426 469 5485 dnobus
486 5427 643 5504 perietibus
668 5428 772 5486 aniane
795 5432 824 5487 et
843 5428 971 5502 corporis
1026 5432 1054 5482 st
1077 5425 1107 5483 in
1131 5425 1280 5500 superiore
1309 5423 1522 5497 extendentem,
1547 5439 1612 5482 cunr
1648 5423 1752 5482 Filium
1788 5437 1873 5482 sutrin
