3984 6034
85 236 153 286 ,uc
662 201 836 290 'nursica
851 235 962 292 -ua
982 238 1004 304 1,
1025 237 1070 292 ηη
1089 237 1243 294 ηηηηηη.
1766 251 1834 304 vioe

190 364 263 421 Gar.
283 364 416 421 Cblllllll.
440 391 474 408 -
497 364 540 420 lla
563 365 693 421 firaaaa
713 364 773 436 (ΙΙΙ,
788 365 826 436 7).
950 367 1058 423 ddum
1079 368 1112 424 ad
1131 369 1223 424 ullum
1249 385 1332 426 usum
1355 372 1481 430 hominis
1502 375 1608 432 factum
1630 380 1689 445 est;
1715 381 1784 434 ωηο
1805 379 1835 434 iu

116 451 226 508 Μίνωα
250 453 341 508 calida
364 457 407 508 est
437 458 466 508 et
495 452 584 508 arida.
609 451 639 508 Si
670 458 766 510 eutem
791 453 930 510 mirrham
984 461 1083 513 astate
1111 455 1140 512 iu
1160 459 1230 526 sole,
1258 464 1306 513 aut
1330 459 1359 515 iu
1383 461 1479 518 hieme
1504 480 1591 535 super
1613 464 1739 536 ignitum
1762 467 1833 540 lapi·
1923 513 1925 518 .

79 539 159 612 apud
182 545 210 596 te
229 546 344 612 portare
363 541 497 608 volueris,
514 555 578 596 eam
601 540 728 613 primum
751 540 784 596 in
800 541 860 596 soie
882 555 929 595 ca·
984 545 1052 601 dem
1076 544 1206 614 exsiccet,
1231 554 1259 603 et
1280 547 1377 604 aridus
1393 554 1446 618 est,
1472 550 1496 604 si
1519 558 1619 622 postea
1638 554 1764 610 eomedit
1782 561 1833 611 aut
1904 577 1907 586 ·

80 629 164 698 lefac,
187 633 239 684 aut
260 629 485 702 superlatercm
509 629 577 700 igne
605 629 783 697 calefactum,
804 629 844 684 ite
867 645 929 684 mo·
983 633 1056 689 bibit
1067 650 1145 700 cum,
1168 635 1318 691 refocillat.
1347 638 1379 691 Et
1400 639 1451 709 qui
1475 639 1505 694 iu
1524 641 1705 697 cerebroaut
1724 642 1754 698 in
1776 660 1830 716 pe-

80 717 145 773 dice
165 716 274 774 defluat
294 719 343 788 (ll,
366 717 395 773 id
415 721 458 772 est
477 716 608 787 acediosae,
625 721 655 772 et
677 722 746 772 ωηο
768 734 831 772 eam
845 716 928 788 Juxta
983 727 1060 777 ctore
1084 722 1170 790 dolet,
1192 728 1219 778 et
1240 722 1280 778 ita
1301 725 1453 780 conclusus
1472 732 1523 795 est,
1546 729 1622 800 quod
1650 746 1679 786 se
1703 748 1828 804 purgare

78 809 108 861 te
122 805 219 875 habet,
246 809 280 860 ut
304 806 339 862 de
362 821 447 861 carne
467 810 496 860 et
517 805 553 861 de
575 805 680 862 sudore
694 810 745 861 tuo
764 805 925 874 incalescat,
982 825 1041 865 non
1062 816 1167 882 potest,
1192 815 1222 866 et
1244 827 1378 867 excreare
1399 829 1456 868 uon
1477 818 1582 886 potest,
1597 817 1621 872 si
1640 819 1765 878 comedit
1778 825 1830 877 aut

79 899 109 949 et
126 893 309 965 fantasmata,
331 899 360 951 et
383 894 501 967 magice.
515 901 602 964 artes,
625 898 711 966 etque
733 893 928 950 invocationes
982 898 1064 968 bibit,
1089 900 1238 956 cerebrum
1265 901 1341 956 illius
1364 907 1477 974 purget,
1502 908 1531 958 et
1543 906 1651 976 pectori
1674 908 1736 980 ejus
1750 911 1828 966 solu·

80 982 289 1038 immaniorum
303 999 390 1056 super
413 984 489 1040 mela
503 983 591 1039 verba
604 988 634 1038 et
654 981 797 1039 maleficia
819 982 928 1038 berba-
981 986 1091 1043 tionem
1106 987 1285 1060 purgationis
1300 989 1376 1045 facit.

78 1087 144 1126 rum
161 1075 219 1125 ate
234 1071 324 1142 lugat,
348 1072 388 1126 ite
405 1071 481 1144 quod
496 1077 524 1126 te
543 1070 640 1126 minus
661 1071 767 1126 ludere
792 1072 925 1142 possunt,
1157 1078 1230 1134 cap,
1247 1077 1364 1135 clxxx.
1382 1108 1413 1120 -
1430 1081 1473 1135 nc
1491 1081 1583 1139 Lym
1598 1083 1648 1156 (γ),

78 1158 119 1214 ita
134 1159 158 1214 si
173 1160 284 1232 magica
299 1175 351 1217 nec
368 1158 518 1216 comedisti
532 1176 585 1215 nec
604 1159 710 1215 bibisti.
726 1159 821 1216 Sedet
834 1156 926 1231 quiin
1016 1165 1071 1222 Lac
1097 1180 1248 1221 vaccarum
1272 1169 1299 1220 et
1322 1182 1473 1238 caprarum
1496 1176 1525 1224 et
1550 1171 1657 1241 ovium,
1682 1189 1715 1230 ac
1738 1193 1825 1234 omna

79 1247 199 1303 libidine
211 1249 304 1315 ardet,
321 1254 421 1320 pectus
436 1254 466 1304 et
485 1253 615 1304 ventrem
638 1264 723 1304 suum
738 1262 803 1302 cum
818 1263 852 1303 ea
866 1247 924 1304 bes·
980 1253 1011 1309 iu
1033 1253 1128 1310 hieme
1150 1253 1305 1311 sanabilius
1333 1260 1376 1311 est
1394 1245 1480 1328 quem
1502 1259 1532 1313 in
1548 1265 1654 1326 melate.
1669 1264 1739 1334 quie
1757 1271 1826 1322 tuuc

79 1337 165 1392 friolae
181 1342 208 1392 et
227 1337 456 1408 superfluitatem
472 1336 597 1393 libidinis
612 1337 647 1391 eb
669 1353 702 1392 eo
717 1337 808 1409 fugat.
824 1336 880 1392 Sed
898 1342 927 1392 et
981 1341 1102 1397 venetas
1125 1359 1274 1398 succorum
1292 1342 1324 1398 in
1345 1342 1440 1400 hieme
1455 1345 1485 1400 in
1501 1362 1530 1402 se
1547 1364 1604 1404 non
1620 1351 1755 1421 extrahit,
1772 1355 1827 1410 sic-

78 1425 151 1480 odor
170 1425 287 1482 mirrhae
306 1426 457 1482 libidinem
480 1426 516 1482 ab
540 1425 657 1482 homine
676 1425 766 1497 fuget,
781 1424 831 1482 sed
846 1439 925 1480 man·
980 1433 1013 1482 ut
1027 1429 1056 1483 in
1078 1435 1177 1486 astate
1203 1431 1279 1486 facit.
1300 1429 1355 1497 Qui
1374 1437 1470 1488 autem
1494 1433 1523 1488 in
1545 1440 1643 1492 aestate
1667 1437 1710 1494 lac
1731 1457 1829 1498 come·

77 1518 135 1568 tem
160 1514 221 1585 ejus
244 1530 304 1570 uon
324 1515 461 1582 laetificat,
482 1515 531 1570 sed
558 1515 697 1586 opprimit
718 1519 747 1568 et
765 1521 925 1588 gravatae
980 1515 1064 1586 dunt,
1079 1515 1102 1572 si
1124 1517 1184 1572 sani
1203 1523 1280 1587 srrnt,
1305 1534 1352 1574 eos
1373 1519 1553 1591 aliquantum
1577 1521 1668 1592 ledit;
1691 1525 1715 1580 si
1728 1534 1824 1584 autem
1908 1554 1910 1562 v

77 1602 190 1658 tristem
213 1601 289 1658 facit.
305 1604 341 1659 Et
364 1603 428 1660 ideo
448 1603 499 1676 qui
518 1603 654 1659 lllrrhnm
675 1604 751 1676 apud
774 1602 923 1671 sehabet,
981 1603 1087 1660 infirmi
1105 1612 1134 1661 et
1155 1605 1263 1663 debiles
1290 1611 1366 1678 sunt,
1392 1609 1536 1666 modicum
1562 1610 1597 1667 de
1625 1613 1696 1670 lacte
1729 1632 1827 1674 come-

76 1691 194 1759 nebruut
214 1708 318 1747 eurrrm
339 1709 434 1748 assum
464 1694 549 1748 simul
575 1697 681 1766 portet,
708 1693 846 1766 quoniam
871 1693 925 1748 hoc
945 1671 1059 1750 Bdaut.
1081 1693 1108 1751 Si
1124 1699 1221 1751 tamen
1245 1697 1307 1752 sani
1330 1697 1463 1753 homines
1488 1698 1516 1754 in
1544 1699 1639 1758 hieme
1662 1703 1706 1759 lac
1727 1721 1825 1763 come·

78 1784 206 1834 mentem
234 1780 359 1836 hominis
383 1779 517 1837 laetificat.
544 1782 667 1838 Etcum
692 1797 806 1854 magnae
832 1781 926 1838 febres
978 1783 1045 1838 dcre
1073 1784 1184 1853 volunt,
1217 1785 1358 1856 accipiunt
1382 1785 1507 1843 radicem
1540 1795 1615 1858 eyter
1644 1794 1759 1862 ucszelu,
1797 1799 1826 1851 et

75 1868 225 1923 hominem
240 1867 392 1938 invadunt,
407 1870 430 1924 si
450 1871 477 1924 ei
492 1875 561 1925 tuuc
576 1869 683 1925 mirrha
702 1869 733 1925 in
748 1869 842 1925 calido
857 1869 923 1924 vino
978 1887 1041 1926 cam
1057 1871 1199 1928 exsiccent
1213 1879 1241 1930 et
1261 1873 1426 1944 arefaciant,
1449 1881 1477 1932 et
1492 1876 1522 1932 iu
1540 1878 1587 1933 iac
1602 1886 1711 1950 ponent
1733 1888 1761 1938 et
1779 1902 1825 1940 co-

76 1953 284 2012 adhibendum
306 1956 401 2024 datur,
425 1958 512 2014 febris
531 1958 567 2013 ab
586 1975 621 2014 ec
645 1963 745 2014 cessat.
770 1959 813 2013 lta
835 1957 922 2014 etiem
977 1959 1104 2028 madent,
1131 1961 1199 2034 quia
1228 1962 1297 2018 mali
1325 1963 1471 2033 humores,
1499 1965 1549 2038 qui
1577 1966 1608 2022 in
1644 1969 1718 2027 lacte
1746 1979 1823 2044 suut,

76 2060 165 2116 quem
179 2045 269 2101 libido
283 2044 402 2114 invadit,
418 2048 442 2102 si
459 2047 598 2103 mirrham
617 2046 754 2117 comedit,
773 2047 923 2103 libidinem
976 2063 1029 2117 per
1044 2047 1164 2104 urticam
1184 2056 1414 2122 compescuntur.
1431 2052 1459 2106 Si
1478 2058 1574 2110 autem
1598 2055 1705 2114 infirmi
1734 2066 1763 2116 et
1777 2063 1825 2118 de-

74 2133 106 2188 in
122 2149 156 2188 eo
171 2133 338 2205 exstinguit,
362 2135 413 2190 sed
434 2140 531 2192 tamen
545 2135 629 2192 illum
649 2135 732 2191 valde
752 2135 865 2192 aridum
879 2135 922 2190 fa·
976 2135 1049 2190 biles
1074 2135 1104 2191 in
1128 2137 1231 2208 hyeme
1262 2139 1305 2194 lac
1329 2138 1504 2208 desiderent,
1529 2143 1600 2200 illud
1630 2154 1764 2219 coquant,
1796 2158 1826 2208 et

75 2222 122 2288 cit,
143 2226 172 2277 et
190 2222 255 2278 ideo
278 2238 337 2278 non
352 2223 437 2291 valet,
459 2240 513 2280 nec
528 2224 605 2279 vitilia
627 2229 671 2280 ast
686 2229 717 2278 nt
737 2225 813 2280 ullus
836 2225 923 2280 homo
976 2225 1097 2280 urticam
1115 2224 1267 2283 arefactam
1283 2227 1444 2300 imponant.
1462 2230 1495 2285 In
1518 2237 1616 2288 aestate
1639 2242 1734 2293 autem
1766 2257 1825 2298 nou

74 2310 155 2366 illem
169 2311 225 2366 nisi
236 2327 290 2383 pro
306 2328 409 2384 magua
424 2313 592 2368 necessitate
611 2313 753 2368 comedat.
976 2314 1102 2394 valetut
1124 2313 1214 2371 urtice
1238 2315 1267 2370 in
1289 2316 1332 2371 lac
1353 2322 1487 2388 ponatur,
1511 2321 1648 2392 quoniam
1672 2325 1735 2396 ipsa
1756 2333 1825 2386 tuno

164 2400 237 2457 Cur.
257 2401 401 2457 CleVll.
421 2403 512 2457 -lla
528 2399 701 2457 Bursauone
718 2400 778 2471 [lll,
793 2399 831 2474 5).
975 2401 1113 2457 irrrmores
1129 2407 1158 2458 et
1178 2419 1276 2458 succos
1295 2420 1327 2460 ac
1343 2404 1515 2464 viriditatem
1531 2408 1561 2463 iu
1580 2427 1610 2465 se
1628 2413 1730 2484 hebet;
1754 2422 1783 2473 et
1798 2419 1823 2474 si

110 2488 261 2544 Balsamon
286 2490 391 2562 regalis
416 2499 525 2548 naturae
554 2494 607 2558 est,
632 2494 662 2545 et
684 2488 765 2544 valde
797 2488 922 2546 calidum
975 2494 1044 2546 tuno
1059 2491 1111 2546 hoc
1129 2491 1216 2547 modo
1235 2492 1266 2548 in
1284 2493 1326 2548 lec
1343 2499 1510 2566 poneretur,
1534 2497 1577 2553 lac
1592 2499 1626 2554 de
1650 2517 1723 2559 novo
1738 2521 1821 2562 srrcco

74 2584 104 2634 et
123 2578 276 2634 humidum
291 2584 345 2644 est,
361 2583 388 2633 et
410 2578 441 2634 in
464 2578 515 2634 tali
532 2582 772 2650 temperamento,
799 2593 832 2632 ac
856 2593 922 2633 cum
975 2579 1038 2651 ejus
1053 2578 1218 2636 laederetur.

75 2674 133 2723 tam
149 2683 253 2740 magna
271 2668 383 2723 cautela
403 2668 437 2722 ed
454 2667 664 2723 medicamenta
680 2667 844 2723 habendum
867 2674 920 2734 cst,
1154 2667 1226 2726 Cur.
1244 2669 1373 2726 clxxxi.
1396 2701 1428 2712 -·
1448 2673 1490 2728 Da
1512 2673 1640 2733 Burvao.

75 2773 111 2811 ue
126 2755 264 2812 fortitudo
277 2757 339 2829 ejus
354 2756 503 2814 homiaem
529 2756 614 2812 laedat
632 2757 684 2827 (ἢ),
709 2756 787 2811 velut
809 2755 922 2812 nobiles
1008 2757 1145 2827 butyrum
1161 2773 1310 2813 vaccarum
1331 2757 1433 2816 melius
1449 2765 1477 2816 et
1497 2763 1653 2820 sanabilius
1674 2772 1717 2822 est
1730 2785 1816 2842 quam

75 2844 208 2900 homines
231 2845 360 2900 venerari
390 2850 419 2900 et
439 2845 535 2901 timeri
556 2845 661 2900 debent
684 2860 721 2900 ue
749 2844 783 2899 ad
810 2843 923 2900 iracun·
975 2844 1109 2916 butyrum
1132 2845 1228 2901 ovium
1257 2852 1308 2902 eut
1334 2863 1496 2919 caprarum.
1515 2851 1550 2905 Et
1567 2852 1654 2909 bomo
1676 2857 1727 2928 qui
1751 2859 1822 2915 duu-

75 2933 151 2988 diem
167 2939 366 3005 provocentur.
393 2935 426 2989 Et
441 2933 492 3005 qui
516 2949 634 3004 magnes
653 2932 746 2988 febres
769 2933 799 2988 in
814 2937 919 2988 stoma·
939 2934 1053 3022 Cpbiq,
1068 2939 1118 2988 aut
1133 2933 1184 3006 qui
1198 2934 1296 3003 bustel,
1313 2941 1363 2992 aut
1382 2937 1432 3008 qui
1452 2937 1484 2992 in
1505 2954 1627 3011 corpore
1650 2945 1747 3002 aridus
1767 2954 1820 3016 est,

74 3022 129 3076 cho
156 3022 251 3091 habet,
275 3022 420 3078 modicum
447 3021 569 3077 balsami
592 3020 713 3092 accipiat
736 3027 763 3076 et
788 3021 855 3076 satis
884 3021 919 3076 de
974 3019 1111 3092 butyrum
1134 3020 1323 3090 constater
1350 3039 1417 3078 eum
1443 3023 1564 3082 interius
1587 3037 1669 3086 senat
1692 3037 1722 3088 et
1747 3035 1821 3092 refu-

74 3109 228 3165 beumoleo
257 3109 353 3175 addat,
377 3115 406 3164 et
423 3109 489 3182 plus
506 3109 542 3164 dc
575 3108 701 3164 medulla
724 3109 809 3177 cervi,
831 3124 919 3181 quam
974 3109 1061 3176 cilici,
1085 3109 1115 3165 id
1137 3115 1181 3165 est
1202 3111 1282 3179 lubet,
1306 3111 1357 3185 qui
1381 3111 1513 3170 infirmus
1534 3122 1562 3171 et
1587 3117 1685 3176 aridus
1706 3128 1757 3179 est.
1788 3119 1820 3180 Et

75 3195 131 3250 olei
147 3196 234 3261 illius,
255 3197 295 3252 sic
308 3201 338 3252 et
356 3212 389 3252 ex
411 3197 455 3252 his
477 3201 658 3268 unguentum
678 3195 770 3263 faciut,
793 3200 822 3251 et
844 3196 921 3250 circa
974 3215 1044 3253 sano
1066 3197 1177 3254 homiui
1200 3203 1249 3255 aut
1278 3201 1328 3272 qui
1352 3201 1512 3259 moderatas
1527 3221 1626 3262 carnes
1649 3209 1680 3264 iu
1699 3228 1819 3285 corpore

74 3283 253 3340 stomachum
267 3299 334 3338 cum
358 3300 392 3339 co
406 3300 436 3340 se
455 3292 555 3356 ungat,
575 3290 603 3339 et
619 3284 712 3340 febres
733 3285 768 3339 ab
792 3285 855 3356 ipso
873 3299 921 3339 eu·
974 3287 1070 3352 habet,
1094 3288 1230 3360 butyrum
1255 3289 1311 3344 illis
1338 3290 1446 3346 bonum
1471 3297 1500 3347 et
1520 3309 1622 3352 sanum
1642 3303 1686 3354 est
1711 3301 1746 3357 ad
1769 3318 1817 3359 co-

74 3373 156 3427 feret.
172 3371 228 3427 Sed
243 3376 272 3427 et
284 3371 307 3427 si
322 3371 387 3444 quis
406 3372 559 3428 freneticus
580 3377 633 3440 est,
648 3372 725 3427 idem
738 3376 921 3443 unguentum
975 3375 1157 3432 medendum.
1175 3376 1203 3432 Si
1225 3383 1322 3434 eutem
1344 3377 1466 3450 pingues
1488 3397 1588 3438 cernes
1611 3388 1740 3458 corporis
1765 3392 1817 3447 ba·

75 3461 184 3532 accipe,
198 3465 228 3516 et
244 3466 378 3533 tympora
392 3477 425 3516 ac
442 3461 510 3516 uncle
525 3461 649 3532 [occiput
666 3459 724 3533 cd]
740 3460 818 3516 illius
832 3476 919 3531 unge,
974 3463 1031 3532 bet,
1048 3465 1193 3520 moderate
1212 3465 1352 3537 comedat,
1371 3483 1408 3522 nc
1423 3469 1546 3526 infirma
1562 3489 1661 3531 carues
1680 3478 1742 3549 ejus
1755 3481 1821 3552 plus

74 3549 116 3605 ite
129 3550 207 3621 quod
223 3565 276 3604 uec
293 3549 431 3604 verticem
450 3565 503 3604 nec
521 3550 670 3604 cerebrum
686 3550 748 3621 ejus
762 3554 870 3620 ungat,
884 3564 920 3604 ne
974 3553 1183 3626 ingrossentur.

74 3639 110 3694 de
123 3637 292 3694 fortitudine
303 3639 364 3709 ejus
378 3638 521 3694 laedentur
535 3638 587 3708 (3),
602 3644 631 3693 et
645 3639 680 3692 ad
696 3643 822 3693 mentem
838 3643 868 3692 et
884 3638 920 3692 ad
1098 3637 1171 3695 Car.
1188 3639 1329 3697 ctxxxlt.
1349 3643 1440 3700 —Da
1464 3645 1536 3702 Saue
1549 3647 1590 3718 (8)
1610 3649 1643 3720 [1,
1657 3651 1695 3722 3).
1716 3647 1732 3664 ‘'

76 3728 227 3783 sanitatem
242 3727 326 3783 redii.
340 3727 374 3781 lit
388 3725 438 3798 qui
451 3726 624 3793 cirpicltfiyet
638 3732 690 3794 est,
702 3725 848 3782 modicum
863 3725 922 3782 bal·
1010 3727 1056 3782 Sal
1070 3727 1150 3782 valde
1171 3726 1296 3784 calidum
1311 3734 1363 3798 est,
1387 3736 1416 3787 et
1430 3731 1609 3804 aliquantum
1627 3737 1774 3812 humidus,
1791 3750 1820 3801 et

76 3816 148 3870 semi
162 3815 208 3872 rel
223 3815 258 3872 ad
273 3814 394 3887 paulum
414 3813 574 3888 [paulinum
589 3812 642 3887 ed]
662 3815 706 3868 vel
720 3813 755 3870 ad
770 3815 826 3869 alie
843 3813 921 3869 bona
974 3814 1129 3870 adinulfus
1146 3831 1214 3870 usus
1230 3817 1356 3873 hominis
1378 3819 1450 3875 utile
1469 3827 1522 3876 est.
1539 3822 1593 3878 Sed
1613 3824 1715 3899 siquis
1732 3831 1818 3889 bomo

49 3902 339 3969 ‘electuariaaddat
361 3900 544 3965 etcomedet,
562 3900 678 3969 etqicht
697 3900 777 3955 ineo
799 3901 922 3956 cessabit
974 3901 1053 3957 cibos
1067 3903 1174 3976 absque
1197 3905 1255 3960 sale
1281 3907 1416 3975 comedit,
1445 3925 1511 3964 euru
1542 3912 1670 3982 tepidum
1698 3917 1820 3977 interius

76 3993 125 4060 (l).
136 3991 191 4046 Sed
201 3990 388 4046 inbalsamon
399 3989 861 4070 morluacorporaeliquantolum
871 3989 920 4045 diu
974 3990 1060 4059 feoit;
1080 3991 1129 4047 sed
1154 3993 1179 4047 si
1196 4009 1263 4049 eum
1286 3995 1432 4052 moderate
1455 4000 1648 4070 temperatum
1671 4019 1737 4060 oum
1758 4011 1817 4064 sele

75 4085 221 4148 tenentur,
245 4095 281 4134 ne
301 4083 479 4150 putrescant.
500 4077 539 4132 ita
563 4078 650 4132 etiam
673 4076 822 4132 balsamon
847 4077 921 4134 forte
974 4080 1191 4150 comedit,eum
1217 4084 1359 4139 confortet
1378 4089 1407 4139 et
1425 4091 1516 4143 sanat.
1531 4087 1586 4154 Qui
1611 4096 1708 4148 autem
1732 4095 1819 4153 nimis

75 4175 105 4224 et
127 4169 287 4224 timendum
313 4167 461 4240 liquamen
490 4165 625 4221 omnibus
646 4165 767 4234 naturis,
790 4171 822 4221 ut
845 4171 921 4222 reete
974 4171 1082 4226 salsum
1106 4169 1202 4227 cibum
1224 4171 1357 4241 comedit,
1386 4187 1454 4230 eum
1474 4175 1595 4233 interius
1618 4181 1730 4238 aridum
1754 4185 1823 4242 facit

75 4272 141 4312 cnm
151 4271 185 4310 eo
195 4253 547 4328 temperentur3elioquin
558 4253 640 4318 facile
648 4251 723 4308 abeo
732 4252 917 4324 dissipentur.
937 4264 1003 4322 net
1022 4258 1108 4328 laedit,
1129 4263 1158 4314 et
1171 4263 1240 4315 tuuc
1261 4260 1310 4333 [sal
1333 4277 1419 4334 super
1441 4265 1609 4336 pulmonem
1625 4276 1658 4325 ut
1671 4287 1759 4330 arena
1772 4291 1820 4330 ce·

216 4346 289 4401 Gar.
310 4345 468 4400 ctxxvttt.
491 4373 526 4384 -
542 4345 584 4399 lle
608 4343 706 4399 uncus
729 4343 777 4414 (5).
975 4347 1017 4402 dit
1036 4351 1064 4404 et
1081 4349 1260 4422 pulmonem]
1280 4351 1376 4420 siccat,
1401 4353 1470 4424 quia
1494 4357 1595 4425 pulmo
1618 4358 1819 4420 humiditatem

109 4433 172 4489 ffel.
190 4433 224 4488 Et
247 4433 345 4499 homo,
365 4433 417 4505 qui
437 4432 555 4506 pinguis
572 4437 615 4487 est
636 4437 666 4487 et
689 4447 797 4486 crassas
822 4445 922 4488 cernes
974 4435 1088 4507 querit,
1120 4441 1150 4492 ct
1173 4439 1340 4510 pulmonem
1371 4440 1449 4496 tadu
1476 4447 1505 4497 et
1525 4442 1651 4516 demphet
1672 4446 1822 4522 [opprimit

74 4521 171 4591 habet,
182 4521 206 4576 si
221 4523 278 4577 mel
293 4537 369 4594 sepe
379 4521 546 4587 comederit,
562 4520 698 4576 tabemiu
712 4535 747 4575 eo
762 4524 852 4591 paret.
867 4518 920 4585 oui
974 4522 1048 4597 ed.];
1065 4531 1093 4580 et
1107 4526 1131 4579 si
1146 4530 1215 4582 tunc
1236 4527 1322 4583 etiam
1337 4544 1425 4600 super
1444 4530 1525 4601 jecor
1540 4534 1627 4602 cadit,
1644 4537 1717 4594 illud
1732 4540 1820 4597 etiem

76 4617 172 4667 autem
187 4626 282 4667 macer
292 4616 322 4667 et
336 4610 435 4666 aridus
449 4615 500 4679 est,
515 4608 540 4665 si
554 4615 678 4677 coctum,
694 4608 730 4664 ab
744 4624 779 4664 eo
796 4608 920 4666 leuiter.
975 4613 1156 4686 aliquantum
1175 4616 1262 4684 laedit,
1279 4617 1410 4689 quamvis
1429 4619 1509 4690 jecor
1525 4622 1597 4678 forte
1615 4624 1652 4680 sit
1674 4631 1703 4681 et
1717 4643 1820 4701 quam·

75 4699 194 4766 Quodsi
211 4699 276 4772 quis
294 4699 389 4755 fevum
405 4715 470 4754 cnm
492 4713 556 4754 cere
571 4696 796 4763 manducaverit,
812 4695 923 4751 melan·
976 4701 1017 4755 vis
1041 4703 1082 4757 sal
1106 4710 1266 4776 exsuperet.
1291 4707 1370 4762 Unde
1394 4709 1488 4764 omnis
1509 4711 1588 4767 cibus
1609 4713 1650 4768 ite
1673 4715 1749 4772 saliri
1772 4719 1821 4774 de-

76 4789 216 4845 coliemin
230 4788 397 4857 coexcitat„
409 4787 527 4843 etillum
538 4785 579 4842 ita
593 4785 683 4854 laedit,
695 4790 725 4841 et
737 4761 922 4864 gravedinem
976 4789 1035 4859 bet,
1053 4794 1086 4844 ut
1099 4790 1180 4846 cibus
1199 4809 1329 4864 saporem
1349 4797 1414 4866 plus
1432 4798 1546 4868 habeat,
1564 4815 1651 4872 quam
1677 4807 1718 4860 sal
1737 4805 1767 4862 in
1788 4823 1822 4864 eo

76 4878 105 4932 in
121 4893 155 4931 ec
177 4881 269 4947 parat,
287 4881 316 4931 et
330 4876 541 4936 ¹melancoliam
560 4875 590 4930 in
614 4875 678 4946 ipso
702 4889 829 4930 creseere
843 4873 921 4928 tecit.
976 4879 1126 4934 sentietur.
1146 4879 1192 4936 Sal
1216 4885 1312 4937 eutem
1335 4899 1421 4956 super
1443 4886 1541 4958 ignem
1566 4905 1646 4946 assus
1667 4893 1824 4952 sanabilior

217 4965 290 5020 Cve.
310 4963 445 5019 clxxix.
465 4994 499 5004 -
520 4965 562 5019 lle
585 4965 708 5020 lucrer
729 4963 778 5034 (6),
976 4972 1029 5036 est,
1055 4982 1142 5040 quam
1162 4967 1203 5024 sal
1232 4971 1348 5039 erardus,
1371 4973 1440 5044 quia
1462 4975 1619 5033 humiditas
1642 4995 1708 5052 ques
1731 4982 1761 5038 in
1790 5001 1824 5040 eo

111 5051 220 5120 zueio,
245 5068 311 5107 cum
334 5052 428 5107 adhuc
450 5053 573 5109 crudum
599 5058 652 5119 est,
682 5051 722 5107 ita
745 5051 822 5124 quod
847 5067 923 5107 non·
976 5055 1181 5111 fuitexsicceta
1197 5061 1253 5125 est;
1270 5059 1335 5114 etsi
1355 5060 1442 5117 bomo
1465 5080 1531 5120 eum
1551 5066 1582 5122 in
1604 5084 1679 5140 pane
1695 5076 1744 5127 eut
1758 5089 1824 5130 crim

112 5209 147 5278 (1(
162 5207 265 5262 Aut-
280 5207 382 5276 munet
395 5223 444 5262 om
463 5208 509 5265 ed.
1014 5211 1051 5284 (θ)
1068 5212 1154 5267 Deest
1167 5212 1198 5268 in
1212 5214 1256 5270 ed.

111 5279 152 5348 (t)
167 5279 253 5335 Na-
270 5279 352 5334 iudet
365 5294 422 5334 om.
438 5279 484 5334 ed.
1014 5287 1051 5352 (7)
1070 5283 1109 5337 lte
1135 5282 1206 5340 lecte
1228 5289 1259 5366 ct¹
1276 5283 1381 5368 butyro
1400 5287 1432 5344 in
1450 5289 1576 5349 editione
1591 5296 1686 5377 agitur
1705 5297 1734 5354 iu
1749 5301 1826 5373 capi·

112 5350 147 5422 (3)
163 5351 203 5405 Ne
218 5351 475 5406 -caduuturom
491 5350 537 5406 ed.
977 5355 1039 5410 tulo
1065 5354 1106 5409 De
1127 5355 1207 5412 dove.
1230 5354 1299 5411 Vide
1321 5355 1397 5413 infra
1419 5375 1482 5432 cap,
1507 5363 1539 5416 li
1561 5364 1624 5421 libri
1649 5385 1686 5423 vu
1708 5373 1743 5426 ite
1762 5375 1828 5428 uui·

112 5422 152 5490 (4)
166 5419 287 5493 Reliqua
300 5436 360 5477 om.
375 5420 429 5476 ed.'
976 5424 1108 5480 molibus.

114 5493 153 5562 (5)
169 5492 252 5547 Deest
263 5491 293 5547 in
308 5491 353 5548 ed.
960 5531 963 5535 »
1015 5493 1053 5568 (8)
1069 5494 1111 5552 Cf.
1127 5494 1212 5566 iufra,
1225 5513 1286 5569 cop.
1299 5500 1316 5553 2
1330 5497 1397 5554 libri
1413 5517 1442 5556 u.
