3984 6034
153 252 217 303 {tlt
876 248 904 303 S.
925 246 1172 303 atanncaunls.
1832 248 1904 302 ¹27¹}

149 381 211 433 esta
233 376 368 433 omnibus
395 375 490 448 pravis
514 381 542 433 et
570 377 712 433 debilibus
737 378 910 435 humoribus
943 394 991 433 re·
1009 381 1034 435 tt
1046 377 1126 450 jecor
1139 383 1201 450 ejus
1215 378 1319 450 aquali
1341 379 1470 449 pondere
1492 379 1661 451 pulverizet,
1682 385 1712 435 et
1735 384 1850 449 mum
1865 381 1905 436 de

149 465 264 522 sistunt.
281 465 354 521 Nam
369 466 444 521 Deus
462 464 495 520 in
522 465 654 521 omnium
674 471 807 523 creatura
824 466 994 523 animalium
1050 467 1159 524 nudvuu
1187 466 1347 540 [marrubio
1360 467 1416 539 cd]
1441 467 1527 524 addat
1543 473 1575 523 ut
1596 468 1723 539 pulveris
1741 468 1825 525 istius
1846 474 1902 536 est,

150 554 290 626 quasdam
302 554 410 610 formes
423 554 500 623 lecit,
524 555 555 609 in
570 554 676 627 quibus
699 555 899 611 fortitudinem
912 571 996 610 suam
1050 561 1137 627 atque
1152 556 1297 612 modicum
1312 556 1405 612 mellis
1419 555 1515 625 addet,
1531 561 1641 613 etcum
1668 572 1743 627 puro
1765 562 1795 613 et
1820 556 1900 611 bono

150 644 286 710 ostendit,
298 644 374 699 velut
389 643 477 699 etiam
491 643 521 698 in
538 644 594 699 boc
603 644 680 715 pisce
694 643 773 712 facit,
789 652 819 699 et
832 645 897 700 ideo
911 643 996 715 piscia
1050 644 1118 699 vinu
1133 650 1249 715 coquat,
1269 649 1299 699 et
1311 644 1352 699 sic
1365 644 1502 713 calidum,
1514 645 1544 701 id
1564 651 1607 701 eet
1620 646 1706 701 welcb
1720 644 1840 717 jejunus
1870 646 1902 700 in

149 731 205 787 iste
219 730 363 803 nequitias
381 730 498 803 dyabuli
514 731 660 788 interdum
674 732 771 798 sentit,
786 738 816 787 et
826 733 893 787 ideo
908 732 996 787 etiam
1051 748 1136 787 mane
1147 732 1204 788 diei
1221 736 1286 788 ente
1311 733 1387 787 div-nv
1413 733 1456 787 bie
1471 738 1521 788 aut
1536 738 1581 787 ter
1594 733 1685 802 bibat,
1698 737 1728 788 et
1755 748 1903 789 venenum

150 819 237 876 fletus
253 835 321 875 suos
342 824 443 875 contra
456 836 525 876 eum
552 820 668 876 emittit.
696 821 729 876 Et
755 837 821 903 carp
842 819 927 893 piscis
942 821 996 875 bu·
1051 821 1127 893 quod
1143 820 1264 891 sumpsit
1278 828 1328 875 aut
1342 837 1393 892 pei·
1414 836 1551 875 uatveeem
1576 827 1702 893 spumat,
1718 825 1768 875 snt
1781 836 1836 892 per
1863 836 1908 877 se·

147 906 338 977 jussanaest,
355 916 384 965 et
403 907 479 963 sanis
500 908 669 963 acinflrmis
691 908 856 963 bominibus
871 908 998 963 adcom·
1052 923 1163 965 cessnm
1179 924 1231 980 per
1258 924 1326 964 eum
1348 910 1482 965 transibit
1508 910 1556 981 li).
1588 910 1621 963 lit
1635 910 1686 981 qui
1700 908 1824 965 vesicam
1839 908 1904 981 ejus

150 996 294 1051 edendum
319 996 397 1051 bona
421 1001 475 1061 est,
499 1003 528 1051 et
554 996 632 1051 aerei
655 996 774 1067 spiritus
796 996 997 1051 fortitudinem
1052 1011 1226 1069 perannum
1241 1002 1344 1062 servat,
1361 995 1696 1065 etei...ulcusauteipcr
1708 996 1860 1067 frangetur
1874 1001 1905 1051 et

150 1082 214 1153 ey'us
228 1082 411 1155 dedignando
426 1083 552 1155 fugiunt,
564 1083 632 1155 quia
644 1085 694 1139 ubi
704 1086 817 1139 circaue
837 1084 997 1155 quidquam
1052 1084 1209 1151 curabitur,
1246 1085 1294 1139 sed
1326 1092 1390 1155 post
1424 1084 1597 1139 fractionem
1626 1085 1756 1155 ejusdem
1789 1084 1906 1146 ulceris,

150 1170 333 1243 dyabulicum
357 1172 478 1226 senserit
492 1181 587 1227 cutem
610 1188 693 1227 suam
707 1172 860 1241 contraivit,
880 1177 909 1227 et
928 1172 999 1227 bor·
1053 1172 1176 1228 vesicam
1190 1172 1311 1228 auferes.
1329 1173 1363 1227 Et
1376 1172 1401 1227 si
1414 1172 1508 1240 orfime
1528 1172 1558 1227 in
1586 1188 1707 1243 corpore
1723 1179 1773 1226 tuo
1787 1172 1904 1227 babue-

149 1258 266 1315 ribilem
296 1275 327 1314 se
356 1260 491 1327 ostendit,
522 1264 551 1313 et
576 1258 729 1315 adversum
757 1260 897 1316 fantasma
925 1260 999 1315 illud
1053 1260 1104 1328 ris,
1126 1276 1190 1316 eam
1216 1261 1322 1316 iterum
1351 1261 1381 1315 in
1406 1276 1482 1332 aqua
1501 1258 1619 1315 mollem
1643 1259 1730 1315 facias
1757 1264 1787 1315 et
1813 1259 1903 1315 desn-

151 1346 304 1402 borribvles
318 1349 403 1403 flatus
422 1348 527 1403 emittit
547 1349 594 1418 ll).
1054 1364 1219 1421 perpense,
1235 1352 1264 1402 et
1278 1354 1457 1403 evanescent.

188 1437 278 1492 Homo
294 1441 400 1503 autem,
422 1436 473 1508 qui
495 1436 649 1493 freneticus
678 1442 706 1492 et
728 1438 859 1505 uusiuuip
877 1443 930 1504 est,
964 1437 1000 1491 de
1092 1436 1174 1513 Quod
1198 1436 1221 1492 si
1244 1437 1331 1492 etiam
1358 1437 1443 1492 alicui
1471 1437 1636 1508 incorpore
1665 1435 1904 1491 suodsumeumc·

152 1524 284 1580 carnibus
297 1523 370 1594 ey'us,
385 1540 459 1595 pane
477 1528 590 1579 tantum
604 1526 713 1595 addito,
726 1541 801 1595 supe
816 1531 844 1580 et
858 1524 1001 1579 suflicieu·
1054 1530 1125 1593 aaut,
1144 1526 1276 1581 eamdem
1298 1526 1420 1581 vesicam
1449 1541 1515 1580 cum
1540 1524 1692 1580 salicetus
1715 1524 1832 1579 mollem
1846 1523 1904 1593 lac,

150 1619 196 1669 ter
208 1613 348 1680 comedat,
363 1620 393 1669 et
407 1630 506 1668 seusus
533 1629 600 1669 suos
618 1613 746 1685 recipiet.
766 1614 799 1668 lit
812 1612 862 1684 qui
877 1613 1000 1681 cirpicb-
1020 1652 1039 1705 Β
1057 1620 1086 1669 et
1108 1615 1231 1685 desuper
1260 1629 1343 1685 pune,
1370 1620 1399 1669 et
1419 1616 1599 1669 evanescent.
1627 1612 1659 1667 Et
1685 1612 1737 1684 qui
1763 1612 1904 1682 injecere

151 1703 218 1769 tinet
244 1705 287 1756 est
302 1702 337 1756 de
352 1701 463 1757 eisdem
475 1702 610 1758 carnibus
624 1701 855 1773 saepecomedat,
881 1705 910 1756 et
924 1704 999 1770 picit
1054 1703 1133 1758 dolet
1155 1706 1206 1758 ent
1229 1702 1259 1758 in
1281 1704 1420 1774 pulmone
1447 1702 1621 1772 infirmatur,
1654 1700 1767 1756 minora
1794 1702 1903 1755 viscera

151 1790 181 1845 in
196 1806 231 1845 eo
244 1789 379 1846 cessabit.
399 1790 556 1845 Gerebrum
572 1797 671 1847 autem
701 1791 764 1862 ejus
792 1792 828 1846 ad
847 1790 1000 1846 comeden·
1056 1791 1185 1863 ejusdem
1202 1790 1287 1864 piscis
1303 1806 1368 1847 cum
1388 1805 1479 1862 ysopo
1493 1791 1525 1847 in
1539 1806 1615 1863 aqua
1629 1794 1744 1861 coquat,
1760 1795 1790 1845 et
1802 1805 1837 1843 en
1857 1789 1900 1843 eis

152 1875 221 1932 dum
237 1892 296 1932 uon
319 1877 403 1945 valet,
434 1883 466 1933 ut
480 1877 571 1934 udum
597 1879 747 1935 cerebrum
762 1884 812 1933 aut
825 1878 921 1950 piscis,
937 1878 1000 1933 ani-
1054 1881 1164 1935 sutczeu
1178 1878 1274 1947 faciat,
1288 1886 1318 1935 et
1344 1895 1420 1951 serpe
1435 1878 1576 1942 comedat,
1606 1885 1636 1934 et
1663 1879 1745 1934 dulor
1761 1878 1902 1949 injecere

152 1964 296 2020 maiisaut
311 1966 381 2032 avis,
398 1965 627 2039 quiscerebrum
641 1967 775 2023 animatis
790 1966 1001 2038 hominemqui
1054 1967 1186 2035 cessabit,
1216 1970 1245 2022 et
1276 1968 1375 2038 pulmo
1408 1966 1561 2023 sanitatem
1590 1965 1719 2037 recipiet.
1744 1966 1779 2020 Et
1805 1965 1856 2038 qui
1886 1980 1903 2018 a

151 2053 309 2109 comederit
322 2054 445 2111 debilem
473 2055 549 2123 facit,
574 2056 664 2111 idest
682 2056 874 2123 mmectttoec,
896 2059 925 2109 et
941 2071 1000 2109 mu-
1053 2056 1127 2124 picbt
1142 2054 1288 2127 fatigetur,
1305 2055 1341 2111 de
1366 2056 1510 2126 palpebris
1531 2054 1662 2126 ejusdem
1675 2052 1763 2125 piscis
1781 2068 1834 2127 per
1850 2068 1902 2108 nn·

151 2142 245 2196 leetat.
277 2141 333 2197 Sed
346 2143 496 2197 cerebrum
511 2142 595 2213 piscis
618 2144 701 2199 istius
715 2144 746 2198 iu
769 2159 845 2199 noea
861 2143 1000 2199 allecum
1053 2149 1191 2201 ctcmaut
1206 2159 1256 2215 per
1279 2142 1401 2200 diemin
1428 2142 1526 2198 viuum
1546 2147 1645 2214 ponat,
1677 2146 1706 2197 et
1732 2147 1801 2196 tunc
1825 2140 1903 2196 idem

151 2244 226 2300 aqua
240 2229 354 2284 fortiter
374 2246 466 2301 coque
481 2234 511 2285 et
524 2231 643 2286 cocleari
666 2232 781 2287 fortiter
803 2248 898 2298 move,
911 2231 942 2286 id
957 2237 1001 2287 est
1054 2230 1154 2287 vinum
1177 2232 1213 2287 ad
1240 2231 1338 2303 iguem
1363 2231 1522 2298 calefaciat,
1546 2235 1574 2286 et
1600 2230 1642 2285 ita
1667 2246 1744 2303 eaepe
1764 2230 1856 2297 bibat,
1874 2236 1904 2285 et

152 2317 267 2386 zutribe,
283 2322 312 2372 et
326 2320 395 2372 tunc
408 2318 441 2373 in
455 2318 535 2374 aliud
561 2335 611 2375 vas
630 2320 735 2376 fundas
750 2324 778 2375 et
792 2320 905 2375 fortiter
931 2336 999 2375 con·
1054 2320 1128 2389 picit
1143 2320 1179 2374 ab
1202 2335 1236 2375 eo
1263 2319 1394 2375 cessabit.
1421 2318 1475 2374 Sed
1490 2316 1583 2390 etqui
1598 2318 1629 2373 in
1647 2319 1749 2390 lingna
1772 2334 1825 2373 sue
1842 2320 1902 2373 eir-

152 2403 250 2467 tnnde,
268 2404 430 2460 etberbem
453 2420 517 2476 quae
533 2404 727 2474 dicitnrps'cbt
745 2406 816 2462 adde
831 2406 941 2462 etsatis
965 2408 1000 2462 de
1054 2407 1186 2477 picbtipct
1212 2413 1265 2475 est,
1296 2409 1374 2480 quud
1404 2409 1484 2479 loqui
1513 2423 1569 2462 non
1597 2412 1701 2478 potest,
1728 2405 1764 2461 de
1791 2404 1901 2461 eisdem

151 2491 314 2560 baumoleo,
331 2496 359 2547 et
387 2492 482 2548 denuo
504 2492 535 2548 ln
564 2494 654 2565 priori
678 2511 751 2549 nova
774 2495 830 2550 olla
854 2511 957 2567 coque,
972 2500 1002 2549 et
1056 2496 1243 2567 palpebrisin
1257 2511 1363 2568 aquam
1383 2496 1489 2563 scbubc,
1506 2503 1536 2550 et
1553 2495 1597 2549 illi
1625 2494 1834 2549 adhibendum
1857 2493 1903 2561 da,

151 2580 258 2636 iterum
273 2581 304 2635 in
323 2597 356 2637 ea
369 2581 482 2637 fortiter
502 2596 662 2645 commove,
691 2588 720 2637 et
746 2582 788 2637 sic
817 2588 1000 2654 unguentum
1055 2590 1085 2640 et
1098 2584 1195 2639 statim
1214 2585 1354 2657 loquitur,
1380 2590 1410 2639 et
1437 2582 1637 2642 fortitudinem
1664 2581 1784 2654 recipiet
1803 2581 1905 2653 lingua

151 2669 205 2736 fac,
233 2675 261 2725 et
276 2670 326 2741 qui
354 2687 370 2725 a
399 2671 491 2726 valida
517 2672 594 2738 picit
613 2670 760 2741 fatigatur,
781 2678 811 2727 et
832 2670 883 2743 qui
901 2670 1002 2726 vidden
1055 2673 1117 2743 ejus
1131 2673 1181 2744 qui
1194 2672 1304 2743 frigidis
1321 2672 1493 2727 humoribus
1509 2672 1647 2742 paralysis
1670 2669 1904 2741 adloquendum

151 2764 202 2813 aut
217 2758 274 2814 alia
289 2760 387 2815 ulcera
401 2759 497 2827 habet,
527 2775 593 2815 cum
613 2774 646 2814 eo
675 2774 705 2813 se
730 2764 830 2830 ungat,
858 2764 887 2815 ct
914 2775 1000 2814 sana·
1054 2760 1160 2833 saepius
1185 2761 1350 2832 impeditur,
1378 2762 1428 2816 sed
1454 2760 1540 2832 igneo
1576 2760 1671 2814 calore
1698 2758 1904 2831 palpebrarum

153 2846 241 2903 bitur.
1056 2855 1181 2905 curatur.
1206 2849 1260 2905 Sed
1284 2856 1313 2904 et
1340 2848 1525 2905 manubrium
1553 2848 1662 2903 cultelli
1690 2848 1725 2903 de
1749 2863 1812 2903 osee
1832 2848 1906 2919 ejus-

188 2935 286 3007 litqni
311 2936 342 2991 in
358 2935 442 2991 corde
456 2941 574 3007 repente
586 2936 739 2992 unmechtet
754 2935 909 3010 [defectum
937 2952 1002 2991 sen·
1022 2932 1125 2993 Cdem
1140 2937 1225 3013 piscis
1252 2939 1308 3006 fac,
1323 2944 1353 2993 et
1371 2937 1555 2994 manubrium
1582 2936 1655 2993 illud
1679 2936 1709 2990 in
1740 2952 1827 2991 manu
1855 2941 1905 2991 tna

151 3024 187 3079 tit
200 3022 269 3098 ed.],
285 3040 334 3079 cor
349 3023 412 3095 ejus
425 3025 583 3095 pulverizet
595 3031 625 3079 et
642 3025 673 3080 in
685 3042 762 3096 aqua
778 3026 867 3093 bibat,
897 3032 927 3081 et
944 3041 1001 3080 me·
1058 3025 1646 3096 tene,itautineaincalematetnullus
1665 3023 1749 3079 detor
1769 3023 1903 3078 inmeuu

152 3112 345 3169 liusbabebit.
362 3112 417 3169 Sed
432 3113 525 3185 etqui
546 3112 582 3168 de
594 3113 668 3168 uicit
682 3111 769 3177 dolet,
784 3115 919 3170 eumdem
933 3117 1001 3187 pnl-
1056 3117 1106 3169 tua
1120 3120 1168 3169 aut
1190 3114 1221 3169 in
1248 3114 1363 3169 brachio
1378 3119 1426 3169 tuo
1453 3118 1496 3168 est
1517 3114 1589 3185 quin
1610 3112 1738 3167 cessabit.
1755 3112 1811 3168 Sed
1835 3118 1864 3167 et
1877 3112 1901 3167 si

152 3215 249 3255 veram
263 3200 295 3257 in
309 3200 375 3256 vino
395 3205 423 3258 et
445 3202 477 3256 in
492 3215 568 3272 aqua
582 3216 658 3271 saepe
685 3201 773 3271 bibat,
788 3208 818 3257 et
832 3206 906 3259 utclu
919 3204 950 3260 in
966 3221 1001 3260 eo
1056 3202 1143 3259 boves
1160 3208 1188 3258 et
1213 3218 1279 3258 oves
1294 3218 1327 3257 ec
1338 3202 1419 3274 porci
1446 3202 1482 3259 de
1496 3202 1661 3272 pestilentie
1675 3202 1852 3271 moriuntur,
1868 3201 1904 3257 de

152 3289 284 3345 cessabit.
312 3291 345 3345 lta
370 3289 396 3344 si
423 3291 488 3360 quis
503 3290 538 3345 de
559 3289 655 3361 jecore
669 3291 709 3361 (2)
725 3289 817 3361 ipsius
833 3294 1000 3363 comederit,
1056 3291 1186 3363 ejusdem
1222 3290 1309 3365 piscis
1343 3290 1454 3347 ossibus
1489 3290 1645 3361 pulveriza,
1680 3297 1710 3347 et
1753 3292 1903 3361 pulverem

152 3378 332 3431 stomachum
363 3392 448 3432 suum
474 3376 596 3433 interius
614 3384 729 3450 purgat,
754 3386 783 3435 et
811 3382 910 3437 omnia
927 3382 1003 3441 inte-
1055 3378 1144 3435 istum
1156 3380 1187 3434 in
1201 3395 1308 3451 equam
1320 3379 1428 3452 proice,
1440 3384 1468 3434 et
1483 3378 1540 3434 illis
1554 3379 1584 3433 in
1598 3385 1669 3451 potu
1691 3378 1902 3435 adhibendum

154 3466 231 3520 riora
246 3464 361 3520 sordida
381 3465 471 3537 ipsius
496 3467 590 3522 aufert
616 3468 694 3522 velut
716 3468 826 3539 optima
840 3470 929 3541 potio.
947 3470 1002 3527 Sed
1055 3483 1132 3539 aaepe
1148 3470 1194 3535 da,
1209 3473 1237 3523 st
1252 3468 1378 3523 scbetmo
1399 3468 1434 3523 ab
1462 3467 1503 3525 eie
1524 3467 1656 3523 cessabit.
1685 3468 1726 3521 En
1750 3472 1815 3522 cute
1842 3468 1904 3539 ejus

154 3554 185 3607 in
200 3567 374 3625 quacunque
396 3555 481 3610 domo
502 3561 553 3611 aut
579 3557 642 3611 loco
666 3558 743 3611 aerei
759 3556 879 3629 spiritus
893 3557 1002 3615 irrisio·
1055 3558 1163 3613 calceos
1184 3557 1230 3613 fac
1250 3563 1280 3613 ct
1307 3572 1356 3611 eos
1378 3555 1479 3621 indue.
1504 3562 1534 3612 et
1557 3571 1642 3611 senos
1668 3556 1758 3627 pedes
1782 3562 1812 3610 et
1835 3572 1906 3611 sanc

154 3658 322 3713 desperare
341 3644 444 3711 solent,
472 3644 514 3699 ibi
532 3644 676 3715 dejecere
690 3645 775 3716 piscis
801 3645 888 3717 hujus
915 3663 1002 3719 super
1056 3661 1141 3701 crura
1159 3646 1288 3703 babebis.
1304 3645 1360 3701 Sed
1376 3648 1406 3700 et
1420 3647 1454 3701 de
1465 3650 1530 3700 cute
1554 3644 1617 3715 cjne
1642 3644 1791 3717 cingulum
1805 3644 1903 3712 facias,

153 3730 232 3787 vivos
250 3730 390 3787 carbones
417 3732 551 3802 incende,
578 3739 606 3787 et
633 3734 782 3802 recedunt,
798 3751 852 3791 nec
866 3734 918 3801 ibi,
932 3752 1001 3807 pro·
1056 3741 1085 3789 et
1099 3740 1127 3790 te
1154 3734 1191 3790 ed
1210 3733 1319 3789 nudam
1333 3738 1429 3789 cutem
1457 3749 1523 3789 cunr
1544 3748 1578 3788 eo
1604 3733 1714 3804 cingas,
1729 3736 1758 3787 et
1781 3732 1906 3790 diversas

155 3826 219 3892 pler
245 3818 446 3876 fortitudinem
481 3820 589 3888 odoris,
614 3837 765 3879 remanere
793 3828 937 3894 poterunt.
966 3826 1002 3881 Et
1056 3822 1238 3879 infirmitates
1252 3840 1269 3879 a
1282 3828 1310 3879 te
1324 3821 1446 3894 fugabit,
1461 3827 1528 3879 ette
1542 3814 1647 3879 forum
1662 3822 1756 3877 faciet.

155 3907 205 3981 qui
222 3914 377 3964 nocturnes
397 3909 492 3963 febres
506 3916 557 3964 ant
584 3908 745 3980 diuturnas,
769 3918 821 3968 eut
848 3912 1002 3969 mutabiles
1213 3912 1277 3968 Gar.
1293 3912 1378 3966 11.-
1393 3912 1560 3967 bailusoun
1575 3910 1611 3981 (5)
1631 3909 1690 3983 [lV,
1706 3911 1745 3979 i).

152 3996 257 4064 febres,
267 4012 333 4068 quas
344 3995 502 4051 secundum
518 3998 688 4069 temperiem
704 4000 778 4054 aeris
792 4016 823 4055 se
833 3999 1000 4069 immutant,
1091 4000 1164 4055 liure
1181 3998 1313 4071 [Echinus
1334 3997 1391 4072 ed]
1408 3999 1444 4054 de
1458 3998 1550 4055 calido
1578 3998 1671 4069 magis
1693 4013 1780 4071 qnam
1802 3996 1837 4053 de
1856 3997 1905 4053 fri·

157 4084 273 4150 babent,
288 4084 456 4155 pulmonem
468 4085 532 4157 ejus
545 4086 576 4141 in
590 4102 666 4158 aqua
680 4093 784 4159 coquat
799 4092 828 4143 et
841 4104 1002 4159 saepecom·
1057 4088 1125 4160 gido
1151 4103 1217 4142 aare
1244 4092 1287 4143 est
1303 4087 1354 4159 (6),
1370 4094 1399 4143 et
1422 4093 1596 4143 nocturnum
1624 4087 1807 4158 splendorem
1830 4087 1907 4143 lunae

155 4174 231 4241 edat,
260 4178 289 4228 et
308 4173 404 4228 febres
418 4173 449 4228 in
473 4189 508 4229 eo
537 4176 698 4231 cessabunt.
727 4176 781 4231 Sed
807 4176 877 4248 quia
901 4178 1087 4261 pulmosset
1101 4174 1246 4231 stellarum
1270 4175 1375 4247 diligit,
1401 4180 1430 4230 et
1450 4176 1516 4246 plus
1531 4179 1646 4231 noctem
1660 4190 1748 4246 quem
1772 4174 1861 4242 diem,
1878 4180 1907 4229 et

155 4276 331 4331 perannum
346 4262 529 4318 servarinon
547 4264 666 4334 poterit,
681 4263 817 4319 eumdem
832 4265 1002 4335 pulmonem
1057 4262 1087 4318 in
1101 4263 1147 4319 die
1159 4262 1290 4335 quiescit,
1317 4269 1346 4318 et
1373 4262 1405 4317 in
1421 4262 1547 4319 strenuis
1563 4262 1700 4319 velociter
1722 4263 1906 4319 currentibus

155 4349 303 4406 moderate
317 4350 486 4421 pulverizet,
502 4357 532 4408 et
547 4351 694 4423 pulverem
711 4352 798 4408 istum
818 4358 869 4409 aut
882 4354 913 4409 in
928 4371 1004 4427 aqua
1060 4354 1142 4425 aquis
1155 4352 1315 4423 profectum
1339 4352 1436 4421 habet,
1452 4356 1481 4407 et
1507 4368 1555 4407 eas
1569 4351 1675 4423 diligit,
1690 4368 1723 4406 ac
1745 4350 1777 4405 in
1797 4350 1839 4405 eis
1853 4368 1906 4406 nu·

156 4438 251 4494 autin
272 4437 340 4495 vino
354 4455 429 4511 slepe
454 4439 546 4505 bibet,
569 4445 599 4495 et
625 4440 731 4508 febres,
754 4456 934 4514 quacunque
948 4441 1006 4498 sint
1061 4439 1147 4495 undo
1167 4440 1207 4495 ita
1231 4439 1343 4494 laborat
1370 4439 1448 4511 quod
1476 4454 1543 4493 caro
1570 4439 1633 4510 ejus
1662 4438 1697 4493 de
1727 4438 1824 4495 labore
1854 4440 1906 4495 illo

155 4526 200 4583 vel
213 4525 338 4583 sietiam
361 4528 443 4583 riddo
465 4528 582 4596 luerint,
598 4528 629 4584 iu
649 4528 700 4584 illo
725 4529 878 4586 cessabunt
896 4529 947 4602 (3).
971 4533 1005 4587 nt
1059 4528 1155 4584 mollis
1171 4526 1303 4583 eflicitur.
1330 4530 1369 4583 Ac
1397 4526 1427 4581 iu
1443 4527 1595 4585 medietate
1610 4544 1751 4600 aquarum
1773 4534 1864 4599 natat,
1879 4537 1909 4585 et

155 4613 206 4686 qui
234 4630 381 4673 venenum
404 4616 562 4673 comederit
590 4620 641 4672 aut
668 4616 753 4687 bibit,
777 4618 948 4690 prrlmonem
975 4625 1006 4676 et
1058 4616 1179 4693 fundum
1208 4632 1308 4673 aarum
1335 4631 1400 4671 raro
1431 4616 1551 4687 qumrit;
1577 4622 1606 4671 et
1642 4617 1758 4673 mundis
1791 4618 1907 4689 pascuis

190 4756 230 4828 (l)
251 4756 379 4812 Etucrei
394 4784 427 4798 ·
444 4759 544 4811 eruittit
556 4756 614 4811 des.
631 4756 660 4811 in
677 4756 722 4812 ed.
1059 4762 1114 4821 tur,
1129 4761 1158 4811 et
1181 4756 1304 4839 desuper
1328 4758 1463 4828 ponatur,
1493 4761 1521 4811 et
1541 4756 1591 4811 ille
1608 4756 1766 4812 curabitur.
1796 4756 1850 4813 Sed
1878 4764 1907 4813 et

192 4827 230 4899 (2)
250 4828 376 4894 robur,
390 4830 418 4883 8.
434 4826 476 4883 Cf.
492 4826 568 4882 infra
580 4843 643 4898 cap.
659 4829 704 4883 20.
1058 4828 1190 4883 eamdem
1202 4842 1325 4882 vesicam
1339 4842 1426 4899 snper
1450 4827 1589 4883 scrofulas
1611 4834 1711 4953 ponat,
1738 4832 1767 4883 et
1786 4843 1906 4883 evanes-

192 4899 227 4968 (3)
246 4897 300 4956 scd
313 4903 339 4954 ct
352 4900 402 4967 qui
415 4897 449 4953 dc
461 4899 546 4954 reicit
553 4898 626 4954 dolet
639 4929 675 4939 —
688 4899 833 4955 curabunt
845 4914 903 4955 om.
918 4899 966 4955 ed.
1057 4904 1131 4955 cent.
1163 4900 1196 4953 Et
1209 4899 1295 4953 bomo
1308 4897 1497 4953 manubrium
1523 4899 1610 4953 cullei
1623 4899 1632 4954 i
1646 4899 1681 4955 de
1697 4914 1760 4953 osse
1774 4900 1904 4970 ejusdem

193 4968 232 5040 (l)
251 4970 291 5025 Ex
303 4968 348 5024 luis
363 4984 428 5038 quae
451 4975 613 5040 sequuntur
626 4970 718 5025 multa
739 4970 849 5025 omittit
872 4971 929 5038 ed.,
945 4971 1002 5027 alia
1078 4969 1143 5025 iscis
1156 4970 1187 5023 iu
1202 4984 1291 5025 manu
1306 4986 1358 5023 sua
1374 4975 1479 5032 teneat,
1494 4976 1525 5023 ut
1539 4970 1702 5033 incalescat,
1718 4969 1820 5025 elfere
1836 4970 1904 5025 nul-

155 5038 240 5095 aliter
258 5039 406 5109 disponit:
433 5057 448 5091 c
464 5039 518 5095 Sed
539 5040 633 5111 etqui
657 5039 834 5111 albuginem,
864 5044 914 5095 aut
933 5043 1001 5111 mel,
1057 4986 1076 5095 i

157 5114 207 5165 eut
220 5110 351 5183 lapillum
365 5109 395 5164 in
422 5111 505 5164 ocvvlu
519 5126 571 5165 sno
599 5112 695 5178 babet,
713 5117 763 5166 aut
779 5112 831 5183 qui
844 5110 1001 5183 caliginem
1056 5116 1086 5166 et
1100 5110 1187 5167 bomo
1201 5110 1236 5165 de
1255 5115 1319 5165 cute
1344 5110 1399 5165 ceti
1413 5112 1562 5181 cingulum
1577 5109 1671 5177 faciat,
1687 5114 1715 5165 et
1744 5125 1774 5164 se
1802 5109 1838 5165 ad
1854 5126 1905 5165 nu·

157 5182 188 5236 in
211 5180 301 5236 oculis
315 5181 434 5253 patitur,
450 5181 486 5235 de
500 5180 590 5237 crudo
605 5182 670 5237 felle
684 5188 746 5238 cete
772 5182 810 5237 ad
823 5182 921 5237 oculos
936 5197 1004 5238 suos
1056 5182 1122 5237 dem
1137 5188 1232 5237 cutem
1247 5197 1312 5236 cum
1327 5196 1362 5235 eo
1375 5183 1481 5252 cingat,
1499 5188 1527 5235 et
1549 5196 1651 5235 omnes
1666 5180 1850 5236 infirmitates
1864 5182 1903 5237 ab

157 5258 264 5319 teneat,
283 5253 418 5308 cleliam
443 5252 595 5323 palpebras
618 5268 683 5307 suas
710 5268 778 5309 curn
841 5267 899 5307 nna
918 5252 1004 5309 liniat
1057 5268 1090 5309 eo
1104 5252 1231 5324 fugabit,
1245 5258 1273 5307 et
1291 5252 1327 5308 de
1350 5256 1415 5307 cute
1430 5268 1493 5321 eyue
1514 5252 1602 5332 bomo
1615 5252 1725 5309 calceos
1744 5250 1859 5319 babeat,
1876 5256 1905 5307 et

157 5327 190 5377 nt
203 5324 301 5379 oculos
321 5322 431 5377 modice
458 5323 579 5379 interius
601 5328 710 5395 tangat,
740 5328 769 5377 et
794 5338 887 5377 caros
904 5323 1002 5379 oculos
1056 5338 1141 5379 senos
1153 5322 1240 5393 pedes
1256 5328 1285 5377 et
1296 5338 1366 5377 seua
1379 5338 1463 5379 crura
1475 5322 1605 5379 babebit.
1622 5344 1634 5373 ι

156 5392 193 5447 ad
207 5393 363 5450 videndum
378 5394 506 5449 babebit.
524 5395 560 5449 nt
587 5393 672 5447 etiarn
690 5391 783 5448 vesica
796 5392 851 5449 ceti
865 5408 919 5464 per
943 5411 999 5449 an·
1104 5392 1131 5463 5)
1146 5395 1295 5463 Actpcuser
1308 5394 1391 5450 Huso.

156 5479 228 5519 num
243 5472 379 5531 servetur,
395 5469 428 5519 ut
443 5464 467 5518 si
492 5465 571 5519 ulcus
585 5469 636 5518 aut
654 5464 758 5533 pieria
778 5479 897 5532 corpore
911 5463 1000 5520 alicu·
1103 5464 1131 5535 6)
1145 5463 1214 5528 Quae
1240 5469 1402 5536 sequuntur
1428 5462 1548 5519 amad.
1567 5478 1657 5537 usque
1680 5464 1715 5519 ad
1744 5464 1830 5519 Homo
1854 5478 1903 5518 uu·

152 5535 201 5606 jus
226 5535 350 5591 bominis
374 5536 504 5605 creverit,
532 5534 595 5607 ipsu
610 5536 702 5591 vesica
716 5535 746 5590 in
761 5550 834 5608 aqna
850 5535 1000 5592 mollifice-
1055 5541 1117 5592 tem.
1496 5558 1499 5570 ·

1069 5057 1102 5095 us
1130 5041 1213 5095 dolor
1234 5038 1263 5094 in
1285 5056 1318 5094 eo
1344 5044 1397 5107 est,
1421 5040 1490 5120 quia
1514 5041 1611 5094 furore
1636 5055 1688 5095 suo
1716 5046 1816 5095 cesset.
1850 5038 1905 5095 Sed
