3984 6034
172 136 236 191 tuit
905 138 935 195 S.
953 136 1185 195 menenensis
1860 136 1929 190 1⁰52

481 292 602 338 consuo
619 292 695 333 xxrr.
1029 274 1172 333 lanima
1200 274 1348 343 dissimile,
1378 278 1411 330 ut
1432 274 1530 331 anima
1552 274 1666 348 corpori
1699 274 1825 349 mquafis
1868 287 1928 328 non
1963 300 1964 389 1

204 366 318 423 Cornea
332 364 730 434 eordebumnnooopitutionss
750 369 829 424 nuta
839 369 1016 440 [regnamur
1070 368 1122 431 eet,
1137 363 1206 438 quie
1230 379 1262 419 ex
1281 362 1479 435 corporalibus
1503 364 1597 436 poenis
1628 380 1731 436 corpus
1764 360 1884 420 arescit
1904 366 1929 415 et
1963 400 1964 409 r

168 454 290 523 mans(
314 453 414 509 unit.
445 455 500 524 rs),
525 455 657 525 quomodo
684 456 752 511 sciri
777 460 876 528 potest,
899 472 959 527 qna
981 472 1015 513 en
1069 453 1202 516 moritur,
1225 456 1254 509 et
1278 451 1309 507 in
1337 451 1461 524 spiritali
1488 452 1556 524 igne
1580 454 1721 525 gebenna
1744 452 1877 525 spiritus
1904 454 1929 504 et

167 542 342 612 corruptione
354 546 454 597 nostra
474 546 624 613 prauitatis
638 545 776 611 oriuntur,
803 546 846 600 oet
867 561 928 616 pua
954 562 1015 601 no-
1070 541 1174 599 enimse
1185 545 1369 613 torquentur,
1394 545 1558 597 nontamen
1586 542 1617 597 in
1644 540 1714 615 ipsis
1739 540 1928 597 moriuntur.

169 630 257 685 torum
294 630 452 699 angelornm
488 632 654 687 innnssione
696 632 782 702 (Psoi.
823 637 925 703 mvn)
962 648 1016 690 mo-
1069 630 1147 703 lgnis
1162 645 1279 703 quoque
1289 630 1487 703 purgatorius,
1514 629 1544 686 in
1574 645 1632 704 quo
1647 629 1790 685 salvsndae
1813 626 1927 682 anime
1963 696 1964 707 ἶ

170 718 307 775 natur?
1069 718 1206 774 vivuntet
1219 719 1390 791 puniuntur,
1411 719 1447 775 de
1466 718 1533 790 igne
1548 719 1687 791 gehenna
1710 732 1857 773 accensus
1869 731 1927 771 nou

526 825 650 866 sororio.
1070 811 1129 875 est;
1156 808 1205 864 sed
1218 824 1271 880 per
1287 806 1430 879 iudicium
1459 806 1519 874 liei,
1545 807 1702 863 secondum
1721 810 1846 878 peccata
1877 804 1927 860 bo·

200 893 406 966 Cogitationes,
429 912 493 968 qum
531 913 564 952 ex
590 898 686 970 primo
720 898 856 972 originali
893 906 1012 972 peccato
1068 897 1180 953 minum
1206 895 1306 969 surgit,
1327 898 1363 953 de
1385 912 1443 969 quo
1464 895 1547 951 multi
1561 895 1593 952 in
1620 895 1722 953 exstasi
1733 894 1814 964 lacti,
1839 892 1925 949 valde

166 983 301 1039 cordibus
333 983 484 1040 hominum
507 984 546 1039 ita
564 985 661 1042 iniisse
685 991 761 1056 sunt,
785 988 863 1059 quod
882 987 938 1059 ipsi
960 1004 1015 1061 per
1069 986 1289 1058 obstupuerunt.

166 1086 216 1127 aas
229 1070 261 1126 in
276 1087 361 1127 carue
374 1077 403 1127 st
414 1073 554 1144 sanguine
569 1080 598 1129 et
620 1074 651 1131 in
668 1076 748 1131 renis
759 1076 819 1131 suis
841 1077 877 1132 ad
892 1076 1012 1132 delecta·
1374 1090 1494 1137 uunsrro
1517 1090 1609 1129 rxxrr.

165 1159 275 1215 tionem
285 1165 445 1229 moventur,
461 1161 520 1217 ille
534 1162 668 1219 humane
682 1169 769 1234 sunt;
783 1166 832 1221 sed
860 1181 952 1221 aorem
964 1181 1013 1221 co·
1102 1164 1200 1221 Sancti
1210 1163 1323 1228 monto.
1347 1166 1373 1218 st
1386 1164 1468 1233 impii
1481 1164 1511 1217 in
1530 1164 1647 1231 inferno,
1674 1161 1804 1233 nunguid
1829 1162 1926 1216 scitust

166 1248 329 1318 gitationes,
339 1250 453 1322 quibus·
464 1250 595 1306 hominos
622 1253 652 1308 in
667 1252 801 1309 cordibus
822 1254 881 1309 suis
906 1253 1012 1311 bebere
1067 1265 1099 1305 eu
1115 1256 1302 1319 maenpuniur
1314 1252 1344 1305 in
1355 1250 1454 1307 terris?

166 1342 279 1409 optant,
304 1342 333 1393 et
347 1339 418 1393 scire
444 1339 610 1396 desiderant
635 1357 701 1412 quas
721 1341 911 1414 impossibilis
934 1348 1011 1410 sont,
1429 1356 1550 1396 sororio.

167 1426 235 1497 quia
258 1426 322 1483 lieri
342 1443 401 1483 non
422 1433 553 1499 possunt,
575 1429 633 1486 illae
657 1445 739 1485 rann
762 1435 844 1498 sunt;
873 1430 1012 1503 quoniam
1101 1428 1195 1484 Sancti
1210 1428 1260 1501 qui
1286 1428 1316 1484 in
1338 1429 1445 1485 scelesti
1468 1428 1560 1502 petris
1586 1432 1663 1497 sunt,
1680 1427 1778 1483 omnia
1803 1442 1876 1499 quer
1891 1425 1922 1479 in

168 1514 294 1588 undique
317 1522 348 1571 ot
372 1532 422 1571 aer
444 1517 586 1573 inutiliter
609 1518 717 1573 volant.
746 1520 787 1575 lle
811 1518 873 1575 istis
897 1535 1012 1592 quoque
1031 1516 1151 1611 Bterris
1181 1523 1331 1589 geruntur,
1361 1517 1478 1573 sciunt:
1499 1517 1637 1590 quoniam
1670 1516 1713 1571 vel
1743 1516 1773 1571 iu
1804 1513 1920 1587 judicio

166 1603 389 1673 cogitationibus
405 1606 542 1678 scriptum
564 1611 626 1662 est:
651 1610 845 1664 Dominusscit
869 1610 1011 1677 ospitatio-
1069 1604 1182 1675 liei,vel
1196 1604 1404 1660 insonantibus
1425 1604 1559 1660 laudibus
1602 1604 1782 1675 angelorum,
1815 1603 1920 1657 omnia

165 1707 213 1747 nes
227 1693 375 1761 boninum,
392 1699 521 1765 puniam
542 1711 620 1751 oona
633 1700 698 1752 sunt
723 1697 808 1767 (Psoi.
823 1697 913 1769 scin).
939 1697 1013 1762 Quid
1067 1708 1133 1766 qum
1148 1692 1178 1748 in
1195 1694 1278 1747 torris
1304 1696 1438 1764 aguntur,
1463 1708 1560 1749 coram
1579 1693 1637 1747 lieo
1657 1696 1807 1764 apparent.
1824 1690 1920 1762 llmpii

166 1779 296 1836 dicitur?
312 1782 477 1855 Homo,qui
497 1800 550 1855 per
564 1784 790 1839 rationalitatem
805 1786 893 1853 volat,
919 1790 948 1841 et
962 1786 1013 1857 qui
1067 1782 1154 1837 etiam
1173 1782 1224 1854 qui
1246 1798 1262 1836 n
1282 1782 1406 1853 peccatis
1425 1781 1484 1836 suis
1509 1796 1659 1853 nunquam
1675 1779 1837 1845 canebant,
1869 1796 1921 1834 nee

166 1885 201 1923 ea
215 1870 277 1938 scit,
292 1885 358 1941 quae
373 1886 439 1926 cum
453 1871 662 1943 experimento,
677 1872 803 1928 videndo
817 1878 847 1929 et
865 1874 1011 1945 tangendo
1067 1887 1102 1925 se
1119 1885 1172 1942 per
1190 1869 1390 1941 poenitentiam
1410 1870 1614 1939 emendabant,
1637 1885 1671 1924 er
1700 1868 1835 1924 irrisione
1862 1883 1919 1939 qna

165 1958 322 2029 cognoscit,
351 1975 465 2031 semper
492 1959 544 2016 illa
574 1962 695 2031 occulta,
729 1978 795 2033 ques
829 1962 862 2017 od
884 1962 1012 2018 animam
1066 1974 1201 2031 sequaces
1216 1974 1281 2014 suos
1296 1958 1437 2025 derident,
1466 1972 1499 2014 ea
1526 1974 1592 2029 quse
1615 1957 1690 2013 rosta
1705 1958 1783 2019 sont,
1810 1969 1920 2025 cogno-

167 2046 325 2117 pertineut‚
340 2052 368 2103 et
382 2064 448 2119 qum
474 2064 535 2120 prae
550 2038 702 2120 'corporali
722 2048 907 2106 sensibilitate
934 2066 1014 2107 com·
1068 2050 1165 2118 scnnt3
1180 2052 1209 2102 et
1232 2062 1264 2101 er
1289 2046 1411 2112 ululatu,
1456 2062 1514 2118 quo
1543 2045 1765 2117 superbonus,
1790 2044 1844 2117 qni
1871 2058 1921 2097 eos

167 2134 345 2207 prehendere
367 2152 424 2192 uon
450 2138 536 2205 velet,
564 2141 715 2193 scrutator.
749 2139 828 2194 ldslae
850 2142 947 2195 autem
968 2156 1014 2195 co·
1068 2140 1311 2208 subsequuntur,
1331 2135 1454 2203 ululent,
1481 2150 1523 2201 ea,
1537 2133 1692 2207 qurebona
1713 2136 1791 2201 suut,
1806 2130 1920 2187 intelli·

167 2222 332 2294 gitationes,
354 2240 419 2297 quae
446 2241 480 2280 ex
500 2223 712 2281 diaboliceorte
728 2225 838 2281 homini
865 2226 1013 2295 immissas,
1067 2228 1149 2297 gunt.

167 2312 299 2367 excorde
325 2316 354 2368 at
376 2329 425 2369 ore
448 2312 539 2385 ipsius
571 2317 686 2382 exeunt,
713 2330 777 2370 esea
801 2314 909 2371 deberi
935 2320 1012 2386 sunt,
1381 2326 1500 2373 uunsrro
1518 2326 1599 2367 xxxv.

167 2400 304 2473 quonism
327 2402 388 2475 ipse
413 2418 466 2474 per
480 2418 528 2459 ees
553 2402 665 2459 animas
688 2403 774 2472 (sicut
793 2404 881 2460 horno
907 2404 1015 2460 insen·
1102 2400 1251 2466 Purodota,
1283 2413 1344 2470 qno
1365 2398 1396 2454 in
1418 2400 1575 2467 Euangeliis
1603 2398 1757 2464 multifarie
1781 2399 1917 2465 reserum·

166 2494 241 2545 trem
255 2506 339 2546 soum
355 2490 460 2563 escam)
480 2492 613 2563 deglutit,
637 2508 703 2547 curn
727 2508 775 2547 eas
787 2492 819 2548 iu
846 2493 1013 2565 deceptione
1068 2492 1122 2555 tur,
1138 2492 1209 2545 sicut
1229 2492 1268 2545 est
1288 2489 1322 2544 ds
1334 2504 1372 2556 eo,
1398 2490 1448 2559 qni
1475 2486 1574 2544 incidit
1589 2490 1619 2543 in
1640 2488 1757 2543 tatrones
1781 2487 1861 2558 (Luc.
1875 2486 1915 2555 ης

168 2595 229 2647 soa,
246 2595 298 2650 per
312 2579 510 2635 infidelitatem
525 2582 583 2635 lieo
598 2581 792 2654 etprrsceptis
820 2583 883 2655 ejus
902 2587 1014 2638 contra·
1067 2578 1185 2647 dercon
1208 2580 1338 2649 qnifecit
1360 2579 1474 2648 nuptias
1492 2577 1554 2644 filio
1574 2590 1633 2644 sno,
1660 2575 1694 2630 ds
1718 2576 1808 2630 decern
1824 2578 1915 2644 uirgi-

166 2667 261 2723 dicere
286 2670 354 2725 tecit
378 2676 407 2724 at
432 2685 499 2725 eum
524 2670 564 2725 sic
594 2670 629 2726 de
669 2670 739 2743 ipsis
771 2671 920 2744 exspoliat,
948 2671 1014 2728 licet
1067 2667 1147 2722 nibm
1187 2665 1296 2737 (dluttlt.
1338 2682 1403 2733 xxrr,
1435 2664 1512 2733 xxv),
1545 2669 1571 2721 ct
1603 2666 1674 2732 utta,
1713 2664 1851 2733 nunquid·
1877 2679 1916 2718 se·

166 2757 251 2812 multi
272 2764 441 2829 persancte
465 2775 554 2832 opera
588 2763 617 2815 et
634 2776 686 2832 per
710 2776 811 2832 puram
834 2760 920 2816 fldem
947 2776 1013 2816 curn
1068 2754 1186 2811 onndnm
1208 2759 1249 2810 rei
1276 2758 1358 2824 perta
1378 2756 1522 2809 ucritolcm
1548 2756 1728 2821 contigerunt,
1743 2768 1781 2807 un
1807 2756 1916 2807 mutuus

168 2846 225 2901 Deo
249 2846 443 2919 persistentes,
461 2847 555 2920 ipsum
581 2864 633 2921 per
657 2848 779 2921 gratiam
808 2848 859 2905 liei
900 2850 1013 2905 fortiter
1031 2853 1052 2909 c
1067 2844 1104 2899 od
1144 2843 1336 2899 ostendendum
1370 2844 1449 2898 uliud
1491 2845 1550 2899 solo
1590 2841 1774 2899 similitudine
1812 2856 1914 2912 propo-

168 2938 315 3004 superent.
1067 2932 1191 2988 nnntur‘l

479 3040 597 3086 ouasrro
616 3039 703 3081 mn.
1432 3034 1554 3077 susurro.

202 3110 336 3180 Nnnpnid
359 3112 534 3181 spiritulibus
569 3113 653 3168 oculis
685 3114 838 3183 oorpnulio
872 3113 1012 3183 uidentur,
1104 3108 1232 3164 Christus
1262 3108 1414 3181 parabolas
1454 3125 1521 3165 sues
1556 3107 1723 3165 homiuibus
1765 3106 1915 3179 proposuit

164 3204 193 3254 et
210 3199 345 3254 edim
368 3201 555 3271 corporalibus
584 3202 671 3257 ocutis
700 3202 797 3272 utiquo
809 3203 951 3272 spiritatis
969 3218 1013 3258 oo·
1068 3202 1186 3270 propter
1209 3198 1349 3269 spiritalia
1371 3198 1450 3268 vitia,
1479 3196 1584 3271 quibus
1607 3212 1683 3268 sepe
1707 3196 1860 3263 fallemur,
1890 3198 1915 3247 et

167 3289 354 3356 gnoscnntrn?
369 3288 408 3360 (ll
422 3291 481 3346 cor.
499 3289 552 3360 ιν.)
1069 3286 1154 3342 etiem
1170 3292 1288 3359 propter
1303 3286 1431 3357 virtutes,
1449 3286 1554 3359 quibus
1582 3291 1680 3341 contra
1703 3284 1753 3340 illa
1764 3284 1913 3339 victoriose

529 3390 654 3432 sonono.
1069 3381 1209 3448 pugnant,
1234 3380 1376 3449 quatenns
1398 3392 1450 3447 per
1464 3392 1512 3431 ees
1532 3378 1745 3447 cognoscerent,
1759 3374 1828 3446 quia
1858 3374 1914 3445 ipse

203 3459 353 3532 spiritales
375 3461 464 3533 oculi,
489 3461 608 3519 scientia
635 3463 783 3519 rationalis
807 3463 914 3521 animm
935 3470 1014 3534 sont,
1069 3464 1223 3537 promatis
1242 3479 1291 3521 eos
1314 3464 1466 3537 judicaret,
1494 3468 1590 3535 cipro
1612 3462 1695 3519 bonis
1719 3462 1841 3535 premia
1867 3462 1912 3517 do-

170 3550 220 3620 qui
235 3564 418 3623 usquequam
435 3554 607 3625 corporalia,
633 3558 665 3608 ot
679 3557 756 3623 sunt,
770 3554 868 3610 ridere
883 3560 1015 3625 possunt,
1069 3557 1161 3609 naret.

169 3637 242 3693 sicut
259 3639 346 3694 etism
379 3656 471 3696 cecus
505 3641 696 3697 exterioribus
726 3642 817 3697 oculis
841 3658 899 3697 non
927 3643 1015 3712 ridet,
1375 3656 1495 3703 ounsrro
1513 3654 1607 3695 xxxvi.

169 3727 218 3782 sed
232 3728 310 3799 quud
334 3732 445 3785 tentum
468 3746 523 3801 per
551 3732 693 3798 auditum,
710 3747 776 3802 qiroe
799 3730 944 3799 ridentur,
970 3732 1015 3786 in·
1104 3732 1170 3788 liunt
1199 3729 1345 3786 secundnm
1371 3732 1492 3785 unimam
1519 3728 1662 3785 Amabam
1689 3730 1715 3783 et
1740 3728 1863 3783 lusurus
1891 3730 1917 3779 r's

167 3816 272 3888 telligit
288 3821 317 3871 et
343 3820 498 3889 cognoscit.
519 3821 694 3891 Corporales:
715 3821 802 3875 etium
823 3819 898 3875 oculi
921 3820 1015 3892 possi-
1069 3821 1224 3888 cuniperto,
1240 3818 1354 3874 etdiues
1367 3820 1405 3873 sit
1418 3820 1448 3873 in
1466 3820 1584 3885 infenso,
1600 3816 1670 3888 qnid
1691 3816 1811 3871 diruta
1828 3819 1915 3875 sinus.

169 3902 310 3958 bilitatem
325 3920 384 3960 non
401 3904 516 3970 habent,
537 3907 722 3978 utspiritalia
741 3907 865 3978 perfecte
882 3906 1016 3962 intuean·
1070 3906 1382 3978 condormitione,
1398 3910 1423 3962 et
1442 3906 1511 3974 qnid
1535 3904 1634 3975 inquo
1660 3904 1759 3960 diuitis
1781 3904 1915 3959 credendo

169 3995 226 4045 tur.
243 3992 298 4047 Sed
314 3993 451 4048 utlorma
475 3994 601 4049 bominis
626 3994 800 4065 insperato,
820 3994 851 4049 in
872 4011 930 4066 quo
957 4010 1016 4051 uon
1070 3994 1307 4066 scillinum.)

170 4083 222 4141 est,
238 4078 370 4147 videtum
383 4081 423 4135 sic
452 4082 539 4136 homo
557 4097 600 4150 os,
621 4098 686 4152 quoe
700 4081 842 4153 spiritalia
864 4086 940 4149 sunt,
963 4098 1017 4154 per
1432 4099 1556 4141 susurro.

170 4168 301 4222 auditum
316 4168 468 4225 verborum
486 4170 518 4225 in
539 4170 597 4225 lide
612 4170 687 4225 videt
707 4175 736 4226 et
749 4171 904 4242 cognoscit.
917 4172 1016 4227 Nullus
1034 4152 1056 4206 Β
1107 4172 1193 4229 Sinus
1218 4173 1340 4230 Abrahae
1363 4171 1569 4241 obedientiam,
1597 4188 1686 4244 quam
1708 4186 1759 4245 per
1783 4170 1913 4225 immola·

170 4256 248 4309 enim
262 4257 474 4328 spiritus,sicut
488 4258 1015 4332 innaturasuaest,h'ominiapparere
1069 4259 1178 4317 tionem
1191 4261 1242 4317 lilii
1261 4261 1303 4317 sui
1328 4267 1355 4316 et
1372 4261 1590 4317 circumcisione
1614 4261 1673 4316 lieo
1692 4258 1823 4315 exhibuit
1842 4259 1914 4323 (Gen.

170 4348 273 4415 potest,
291 4346 359 4415 qnia
381 4345 443 4418 ipse
473 4348 569 4403 visens
596 4348 804 4419 spiraculuma
832 4350 890 4404 lieo
910 4355 964 4415 est,
987 4352 1016 4404 et
1070 4366 1136 4418 xrrr,
1151 4354 1232 4419 xvir),
1254 4351 1396 4422 signillcat
1432 4351 1501 4423 quia
1527 4350 1691 4406 obedientie
1723 4348 1823 4404 omnia
1843 4348 1915 4403 born

170 4433 220 4503 qrri
234 4435 362 4489 tunicam
383 4452 476 4503 arram,
492 4437 601 4492 scilicet
622 4452 735 4509 eorpus,
758 4436 927 4492 vivificando
946 4452 1016 4492 con·
1071 4442 1217 4493 conservet
1231 4443 1259 4494 et
1283 4442 1432 4504 sustentet,
1448 4442 1480 4493 ut
1508 4437 1595 4493 etiam
1610 4438 1690 4492 sinus
1709 4451 1834 4508 quaeque
1853 4450 1914 4491 eon·

170 4522 308 4589 lortut‚et
322 4538 433 4579 crrmeo
447 4525 561 4595 operari
577 4540 636 4580 non
654 4529 755 4592 cessat,
772 4525 821 4596 qui
837 4526 924 4581 etiarn
949 4540 1015 4581 cum
1070 4530 1188 4597 gregata
1223 4527 1359 4581 continet.
1396 4527 1428 4581 lit
1450 4526 1558 4598 digitus
1589 4525 1696 4593 bereri,
1724 4524 1913 4580 ministeriun

170 4612 207 4667 nb
221 4627 256 4665 eo
280 4612 452 4681 discesserit,
468 4615 510 4669 sel
530 4614 560 4669 iu
575 4613 896 4683 luminebsetitudiuis,
917 4614 962 4670 rel
984 4614 1017 4670 iu
1069 4614 1328 4685 obedientiaelquoe
1356 4614 1477 4669 muteris
1505 4619 1717 4687 praceptorum
1738 4613 1858 4681 lleiest)
1875 4615 1912 4667 in·

170 4700 298 4756 tenebris
310 4718 462 4773 poeoarum
472 4702 536 4758 erit.
974 4747 982 4767 ,
1069 4701 1217 4774 telligitur,
1244 4702 1312 4773 qnia
1335 4701 1396 4774 ipsa
1414 4702 1513 4757 omnia
1533 4702 1609 4758 bona
1636 4702 1729 4768 docet,
1766 4705 1800 4757 ut
1831 4704 1912 4756 etiarn

478 4808 598 4854 ooasrro
617 4808 713 4847 mur.
1070 4792 1157 4847 homo
1180 4790 1269 4861 digito
1285 4806 1346 4854 suo,
1367 4797 1439 4862 qum
1454 4792 1524 4857 vult,
1536 4790 1670 4847 ostendit.
1688 4790 1798 4862 Lingua
1819 4794 1912 4845 autem

205 4880 284 4947 lpnis
308 4869 436 4949 gebenna
457 4896 601 4952 corporeus
625 4885 677 4949 est,
707 4896 744 4935 on
772 4883 966 4952 incorporeus?
985 4882 1017 4938 Si
1071 4879 1221 4952 propriam
1252 4879 1429 4936 voluntatem
1463 4878 1689 4952 designaturus
1714 4879 1844 4935 convivis
1865 4894 1914 4934 cer

170 4971 261 5023 nutem
280 4969 322 5039 (nt
347 4972 467 5025 sentiunt
486 4971 569 5026 nudi
578 4970 686 5040 fideles)
712 4984 854 5041 corporcm
882 4975 931 5039 est,
946 4984 1017 5025 nnn
1070 4969 1179 5026 natium
1197 4968 1405 5024 desideriorum
1426 4968 1555 5040 prolert;
1580 4968 1649 5041 quia
1670 4973 1702 5024 ut
1722 4984 1774 5040 per
1802 4973 1914 5039 gustum

170 5054 287 5124 quidde
308 5059 426 5113 muteris
448 5062 549 5128 quarto
568 5058 757 5113 elementorum
785 5056 936 5113 medendus
957 5057 1016 5113 esti
1070 5057 1177 5127 lingure
1199 5072 1300 5112 ornnes
1330 5057 1396 5125 cibi,
1427 5058 1527 5131 quales
1552 5057 1621 5127 siut,
1646 5057 1859 5125 discernuntur,
1880 5058 1914 5111 ita

530 5162 655 5202 sonorro.
1069 5148 1099 5201 et
1115 5160 1168 5218 per
1181 5160 1243 5201 eum
1260 5146 1390 5201 voluntas
1404 5144 1726 5217 bominisdignoscitnr.

208 5232 407 5305 Nequaquam.
430 5234 501 5299 Quis
516 5249 569 5288 neu
587 5234 645 5289 illis
660 5232 929 5301 debiselementis,
963 5248 1016 5288 nec
1371 5248 1492 5295 oonsrro
1511 5246 1613 5287 xxxru.
1963 5239 1964 5313 l

171 5319 219 5374 hia
235 5320 312 5392 ignis
326 5322 362 5379 eb
376 5322 438 5390 illo,
465 5326 494 5377 et
514 5322 563 5378 ille
587 5322 745 5381 invisibilis.
789 5322 958 5394 Corporales
986 5326 1017 5378 et
1106 5320 1180 5389 Quid
1222 5322 1349 5391 specialis
1383 5323 1484 5389 meriti,
1521 5319 1673 5390 signium,
1718 5320 1801 5390 quod,
1848 5320 1913 5375 sicut
1963 5350 1964 5403 r

173 5407 315 5479 spiritelss
340 5428 433 5483 poenes
452 5412 577 5484 aquales
593 5427 651 5468 uon
669 5415 746 5478 sunt,
763 5416 794 5467 ut
808 5410 895 5466 etiem
912 5426 1017 5484 corpus
1070 5414 1100 5467 in
1128 5412 1191 5466 libr.
1232 5411 1363 5479 Gregorii
1400 5412 1562 5465 lirronnrsis
1604 5410 1724 5481 episcopi
1768 5410 1913 5473 inuenitur,
