3984 6034
153 245 205 298 335
877 237 906 294 S.
926 231 1162 294 flltuauluuls
1848 237 1902 292 33ss

151 376 257 449 dignen,
289 371 429 430 orationis
462 371 639 441 instantiam,
668 377 698 427 et
722 370 825 427 debitae
853 370 999 428 servitutis
1016 370 1136 426 lllsrat.
1163 368 1333 436 Quomodo?
1358 368 1429 424 Cum
1462 368 1539 425 enim
1573 365 1660 426 bomo
1679 383 1794 425 carnem
1818 384 1903 424 snam

152 462 404 538 perseverantiam.
1053 458 1200 514 moderate
1226 458 1327 531 pascit,
1351 458 1433 514 laetos
1448 464 1477 513 et
1499 463 1663 514 mansuetos
1680 474 1775 514 mores
1788 457 1901 524 bebet;

186 554 226 609 lle
238 557 331 607 vestra
349 551 455 622 pietate
469 555 498 606 et
513 549 675 606 bumilitate
687 553 767 604 muta
790 548 937 604 conlidens
960 548 997 603 ad
1052 545 1100 601 ssd
1111 563 1177 602 cum
1191 547 1222 602 in
1243 547 1389 602 nimietate
1406 547 1535 602 ciborum
1551 552 1579 600 at
1604 546 1800 602 conviviorum
1820 547 1900 608 vivit,

149 657 200 696 vos
225 640 290 696 misi
311 655 363 712 per
385 639 572 711 praesentium
594 638 716 694 latorem
739 637 791 692 bas
816 638 936 704 litteras,
963 653 997 693 eo
1052 635 1282 708 unumquodque
1293 635 1426 691 nocivum
1442 635 1542 690 vitium
1556 635 1586 691 iu
1609 651 1638 690 se
1662 635 1805 707 pullulare
1819 635 1899 690 iacit.

149 735 250 786 tenore
270 728 454 800 conscriptas,
473 733 616 799 quatenus
630 726 655 781 si
668 726 761 795 liceat,
789 731 877 798 atqua
900 726 998 781 oculos
1051 722 1106 789 Oui
1128 729 1225 779 avutam
1247 739 1299 796 per
1323 724 1543 780 immoderatam
1567 722 1771 779 abstinentiam
1796 738 1903 792 corpus

148 823 249 874 vestrm
263 816 377 889 pietatis
390 831 450 871 non
462 815 597 883 offendat,
622 814 718 886 aliqua
740 814 810 869 mibi
836 814 996 870 commoni·
1051 820 1185 880 macerat,
1204 829 1320 883 semper
1333 813 1424 868 iratus
1445 812 1531 868 vadit.
1555 812 1587 866 ln
1607 812 1742 867 omnibus
1763 811 1809 866 bis
1825 811 1903 866 bona

149 905 333 969 toriaverba,
360 920 423 974 quae
445 904 573 958 animam
590 918 683 958 meam
704 902 856 970 mditlcent,
881 907 910 958 et
931 919 996 974 quac
1050 905 1127 956 terra
1141 905 1213 971 esto,
1229 902 1550 974 quatennslllias,tuas,
1564 900 1785 966 cumfleveriut,
1799 915 1903 954 conso·

148 995 221 1054 mibi
234 994 369 1049 fiduciam
389 993 424 1048 ed
447 994 537 1048 Deum
562 991 719 1062 praebeant,
748 996 841 1046 meter
856 990 997 1046 amantis-
1050 989 1128 1059 laris,
1153 994 1181 1045 et
1204 1006 1269 1046 cum
1289 989 1319 1045 in
1339 991 1413 1046 iram
1443 990 1628 1056 surrexerint,
1653 1004 1701 1044 eas
1716 993 1791 1044 recte
1814 988 1904 1044 corri-

148 1085 231 1152 sima,
255 1082 335 1138 brevi
356 1079 462 1152 scripto
489 1079 652 1136 remittatis.
684 1080 724 1134 Ne
754 1079 861 1134 etenim
890 1095 925 1134 ex
952 1080 997 1136 bis
1051 1078 1130 1148 pias3
1147 1084 1175 1133 et
1202 1094 1267 1134 cum
1293 1079 1399 1134 rabidus
1415 1078 1532 1143 luerint,
1549 1083 1642 1148 perte
1670 1075 1797 1148 regulari
1820 1075 1904 1132 disci-

148 1171 337 1232 corroborari.
351 1170 421 1226 dum
436 1185 562 1241 praesens
576 1168 711 1235 aderatis,
734 1172 897 1240 opportuno
920 1173 997 1222 tem-
1051 1167 1138 1238 plinae
1153 1166 1330 1238 subjaceant.
1348 1166 1416 1231 Quae
1433 1173 1531 1221 autem
1555 1181 1585 1220 se
1608 1166 1639 1220 in
1663 1165 1806 1220 oblivione
1832 1181 1847 1218 a
1872 1169 1902 1218 te

147 1277 218 1333 pore
245 1258 444 1332 proposuistis.
468 1258 609 1313 praterea
632 1257 657 1310 si
678 1256 804 1326 amplius
822 1271 882 1311 non
903 1256 996 1311 audeo
1050 1255 1197 1320 verterint,
1222 1255 1274 1310 hes
1288 1271 1353 1311 cum
1377 1254 1575 1310 historialibus
1589 1253 1684 1309 verbis
1702 1259 1730 1308 et
1751 1269 1816 1308 cum
1837 1268 1903 1307 ver·

147 1353 339 1420 rogare,utar
352 1353 450 1402 tamen
465 1347 597 1418 precibus
611 1345 860 1416 Chananese.quoe
875 1360 996 1416 respon·
1051 1343 1096 1398 bis
1116 1344 1262 1414 Evangelii
1294 1343 1369 1398 inter
1390 1349 1418 1397 te
1441 1348 1470 1398 et
1492 1342 1564 1398 elios
1585 1342 1658 1396 duos
1680 1357 1799 1409 reroca3
1824 1346 1852 1396 et
1877 1341 1904 1396 si

148 1439 234 1494 debat
248 1437 370 1492 Domino
385 1435 416 1490 in
444 1435 606 1505 Evangelio,
623 1433 720 1488 dicens
736 1448 743 1487 :
760 1432 837 1500 Quod
854 1432 942 1488 eliam
954 1449 998 1488 cn-
1052 1436 1120 1486 tunc
1138 1433 1190 1486 tibi
1212 1447 1270 1486 non
1294 1431 1464 1498 obedierint,
1489 1437 1518 1485 tu
1540 1446 1654 1485 summo
1671 1431 1805 1502 llagistro
1829 1429 1902 1484 obe·

147 1527 214 1583 tells
224 1522 454 1582 edentdemicir
465 1522 643 1595 paecedunt
656 1521 997 1579 dememdominorem
1051 1519 1133 1574 diens
1155 1525 1228 1584 esto,
1246 1525 1275 1574 et
1299 1525 1495 1574 memoresto
1523 1518 1618 1586 Jacob,
1643 1517 1694 1588 qui
1725 1518 1798 1573 duos
1821 1517 1903 1572 lilios

145 1612 461 1684 amminiculum).
482 1611 589 1666 Eadem
611 1609 677 1665 fidei
704 1610 856 1666 devotione
877 1626 927 1665 vos
948 1627 995 1665 se-
1049 1609 1231 1679 Jesepbcum
1254 1607 1501 1664 benedictionibus
1518 1607 1576 1662 suis
1598 1606 1794 1661 commutavit.
1818 1607 1903 1660 Nunc

147 1701 284 1758 cundario
298 1715 378 1771 rogo,
390 1703 422 1754 ut
435 1699 470 1754 de
484 1714 583 1753 mensa
593 1702 697 1765 vestra,
713 1697 744 1752 id
757 1702 801 1752 est
824 1697 859 1752 de
884 1699 995 1754 visione
1015 1666 1120 1768 Bergo
1135 1695 1251 1752 initium
1264 1696 1333 1751 boni
1348 1695 1436 1751 studii
1450 1695 1494 1751 tui
1507 1694 1668 1762 considera,
1686 1700 1718 1750 ut
1739 1709 1805 1750 cum
1823 1693 1901 1750 lidu-

145 1790 196 1845 illa
220 1804 276 1860 qua
300 1788 392 1842 multa
415 1786 560 1841 mirabilia
586 1785 752 1857 lrequenter
780 1785 895 1851 ridetis,
924 1787 995 1842 mibi
1049 1785 1113 1841 ciali
1137 1787 1195 1841 llus
1229 1784 1344 1853 fruaris,
1364 1789 1392 1840 et
1419 1791 1451 1839 nt
1472 1789 1579 1840 aterna
1602 1782 1722 1855 praeruia
1743 1799 1761 1838 a
1785 1799 1900 1838 summo

146 1877 227 1934 valde
243 1875 418 1932 desideranti
432 1874 468 1930 de
487 1874 659 1944 supradictis
678 1875 844 1930 summatim
867 1891 994 1946 appona-
1050 1873 1183 1946 blagistro
1198 1873 1330 1946 recipias.

146 1968 192 2022 tis.
208 1966 378 2021 Mementote
400 1962 477 2034 quod
503 1977 712 2034 pergamenum
736 1978 769 2018 es
789 1963 824 2018 de
843 1978 928 2018 causa
941 1979 995 2018 nn·
1286 1953 1293 1978 ⁵
1340 1961 1505 2018 Erlsrotl
1524 1961 1613 2016 CXVI.

146 2052 369 2126 pertransmisi.
385 2052 599 2117 Verumtamen,
617 2055 758 2121 quantum
782 2051 812 2105 in
833 2051 918 2106 nobis
940 2057 992 2119 est,
1084 2067 1108 2106 τ.
1131 2065 1292 2108 lnnnrrssn
1317 2061 1554 2106 aurunuaovusrs
1584 2064 1624 2105 ao
1654 2062 1861 2106 nrnnnoannau.

146 2141 335 2214 supplicando
351 2141 442 2196 licum
462 2155 598 2210 rogamus
620 2145 652 2195 ut
677 2140 784 2195 bonum
808 2141 884 2211 quod
908 2141 995 2212 cupit
1049 2157 1217 2227 umagen·
1229 2157 1309 2230 cupri
1330 2157 1367 2212 ὼ
1378 2155 1547 2229 quiqam
1560 2153 1733 2212 mmm·
1751 2154 1815 2226 eju,
1830 2171 1898 2210 con.

146 2233 177 2286 in
199 2231 281 2288 vobis
311 2229 435 2302 gratuite
461 2229 567 2300 pietate
591 2234 620 2284 et
640 2227 768 2284 bonitate
792 2235 994 2300 perseverante
1083 2227 1291 2299 uoeludim'dus,
1311 2227 1471 2301 presertim
1490 2227 1616 2282 oneolm
1637 2225 1748 2282 nobiles
1772 2225 1899 2299 copinas

147 2321 204 2377 line
220 2321 374 2392 compleat.
1083 2298 1228 2355 admittas.

326 2425 532 2482 RESPONSUM
558 2423 801 2480 mmmmm&
1084 2406 1271 2461 Hrnonosnor
1283 2404 1429 2476 magistrae
1442 2418 1611 2476 sponsarum
1634 2401 1749 2468 Cbristi,
1764 2402 1796 2457 T.
1821 2401 1898 2458 dicta

145 2519 291 2574 Hortatur
323 2519 354 2570 ιι
388 2511 484 2571 mg,
504 2512 551 2568 ,ui
580 2514 689 2568 gemm
709 2511 797 2579 mg,
812 2515 845 2567 ug
862 2512 924 2569 mg,
954 2511 995 2568 „q
1048 2495 1184 2565 magistra
1201 2508 1333 2549 sororum
1352 2491 1623 2560 anturnacensium,
1646 2489 1766 2546 summis
1788 2491 1898 2561 spiriti·

521 2582 613 2638 utilis.
1048 2581 1101 2638 bus
1116 2582 1288 2653 quandoque
1299 2579 1436 2653 conjungi
1451 2579 1663 2636 incoalcslibos.

181 2676 343 2749 inquietam
378 2677 504 2729 mentem
538 2677 656 2744 propter
686 2671 828 2727 lutulenta
859 2672 931 2740 loca,
965 2677 995 2728 et
1083 2671 1123 2726 lle
1139 2670 1298 2725 sanctitatis
1313 2677 1413 2725 vestras
1437 2669 1575 2739 opinione
1598 2667 1719 2724 celebris
1740 2667 1818 2723 lama
1839 2667 1897 2724 late
1986 2705 1987 2714 η

145 2771 262 2837 propter
292 2761 513 2818 sollicitudinem
549 2760 706 2816 multarum
742 2776 893 2832 equorum,
928 2775 994 2832 ques
1048 2760 1199 2830 pervolans
1215 2758 1348 2831 quedem
1364 2759 1437 2814 mira
1452 2757 1766 2828 etstupendaauribus
1790 2759 1896 2812 nostris
1986 2807 1987 2828 ,

146 2850 261 2906 tlnendo
275 2848 424 2912 deliciunt,
452 2845 550 2901 babes.
575 2844 727 2900 Lutuleota
750 2846 827 2900 enim
848 2847 912 2900 loca
935 2845 993 2900 illis
1047 2846 1184 2912 insonuit,
1201 2860 1380 2918 summoeqoe
1400 2845 1548 2916 religionis
1565 2859 1599 2900 ac
1617 2844 1771 2916 singularis
1790 2861 1896 2917 propo·
1986 2863 1987 2872 ¹

144 2943 212 2993 sunt
226 2938 276 3010 qni
289 2933 514 2991 vicissitudinem
529 2933 723 3004 pessimorum
737 2949 853 2988 morum
874 2934 992 3002 babent,
1012 2934 1095 3018 Celti
1112 2933 1199 2990 vestri
1222 2935 1422 2990 excellentiam
1454 2933 1603 3005 exiguitati
1634 2937 1738 2988 nostroe
1770 2933 1896 2988 maxime

144 3033 173 3082 et
186 3041 269 3098 nqure
284 3040 347 3097 qnae
363 3021 513 3091 deficiunt,
527 3021 585 3076 illis
607 3021 715 3076 scilicet
740 3021 790 3092 qni
812 3022 878 3076 duri
899 3026 928 3077 et
954 3022 993 3077 la·
1047 3023 1268 3079 commendavit.
1285 3023 1438 3080 llnltorum
1463 3038 1588 3094 namque
1610 3022 1775 3077 testimonio
1793 3021 1895 3078 didici-

143 3115 221 3188 pidei
242 3119 319 3180 sunt,
343 3129 396 3168 nec
418 3110 517 3165 rivulis
545 3109 681 3165 doctrinm
712 3113 817 3164 sancta
838 3109 992 3181 scriptura
1045 3127 1111 3167 mus
1133 3111 1168 3167 de
1192 3111 1308 3167 secretis
1329 3111 1491 3167 coelestibus
1515 3111 1641 3183 plurima
1659 3111 1830 3167 mortalibus
1846 3111 1896 3166 in·

144 3202 323 3258 molliuntur.
338 3199 394 3254 Sed
406 3203 437 3254 tu
452 3198 529 3252 intre
542 3201 570 3252 te
585 3197 656 3252 dicis
672 3213 680 3251 :
695 3197 764 3261 Qum
785 3197 830 3252 vel
843 3197 912 3268 quid
937 3214 992 3269 ego
1046 3201 1160 3256 tellecta
1175 3198 1302 3255 diflicilia
1318 3205 1347 3254 et
1360 3217 1435 3269 rara,
1446 3200 1527 3256 vobis
1541 3200 1676 3255 divinitus
1691 3199 1894 3256 ascribendum

144 3292 233 3347 sum?
247 3295 276 3346 et
290 3289 436 3362 quomodo
459 3288 529 3342 talia
542 3286 670 3357 perterre
686 3286 820 3355 possem?
841 3287 922 3341 Nunc
940 3303 991 3340 au·
1047 3288 1179 3356 revelari,
1194 3293 1222 3343 et
1235 3303 1359 3360 quaeque
1374 3287 1454 3343 robis
1467 3289 1590 3358 agenda,
1605 3303 1665 3343 non
1686 3287 1896 3344 deliberatione

143 3385 200 3436 tem
217 3376 419 3450 sapientisviri
434 3374 650 3430 labnlomaudi.
665 3374 785 3440 Ouidam
807 3379 992 3429 cavernatum
1045 3375 1183 3443 humana,
1208 3375 1256 3431 sed
1284 3377 1341 3431 lieo
1365 3375 1502 3431 edocente
1534 3375 1671 3432 ordinari.
1695 3375 1781 3432 Aliud
1807 3376 1896 3432 etiam

142 3467 236 3524 locum
252 3467 351 3522 fodere
365 3464 471 3530 voluit3
487 3464 536 3518 sed
551 3479 616 3518 cnm
640 3462 719 3534 ligno
732 3465 761 3517 et
779 3461 855 3516 terro
870 3461 989 3530 luderet,
1044 3465 1187 3536 quoddam
1205 3464 1240 3519 de
1268 3463 1476 3519 consuetudine
1504 3469 1598 3520 restra
1621 3463 1658 3518 ad
1687 3479 1738 3518 nos
1752 3463 1893 3535 pervenit,

141 3557 217 3630 ignis
236 3557 271 3612 de
292 3555 417 3628 quodam
445 3551 541 3623 lapide
562 3553 593 3606 in
612 3567 700 3623 qoem
724 3550 834 3607 foderat
857 3553 989 3620 evolavit,
1044 3553 1171 3623 virgines
1194 3553 1327 3608 videlicet
1348 3559 1456 3606 vestras
1483 3552 1563 3607 lesus
1587 3551 1689 3607 diebus
1725 3567 1778 3622 pro
1806 3566 1895 3606 orua-

141 3647 182 3702 ita
195 3644 271 3718 quod
286 3644 363 3699 idem
380 3643 458 3696 locus
481 3639 596 3712 perfodi
617 3655 676 3693 non
699 3639 808 3710 potuit;
827 3639 877 3695 sed
892 3644 991 3697 tamen
1045 3648 1143 3698 mento
1158 3641 1286 3698 candidis
1302 3641 1472 3713 quibusdam
1492 3640 1534 3696 uti
1549 3641 1749 3708 velaminibus,
1772 3655 1893 3696 coronas

141 3734 189 3787 ille
208 3730 338 3804 ejusdem
351 3729 405 3784 loci
420 3726 604 3783 latitudinem
619 3726 740 3792 notavit,
756 3731 864 3782 etcum
883 3742 989 3798 magno
1045 3731 1130 3787 etium
1155 3731 1291 3788 decenter
1317 3734 1463 3786 contextas
1485 3728 1625 3801 capitibus
1645 3745 1745 3785 earum
1768 3729 1895 3800 desuper

141 3821 239 3877 labore
265 3819 377 3891 aliquas
403 3831 539 3872 cavernas
561 3815 591 3869 in
616 3831 650 3870 eo
665 3814 836 3886 perforavit3
860 3820 888 3870 et
903 3816 990 3871 homo
1045 3821 1204 3892 impositas,
1234 3823 1262 3876 et
1285 3820 1330 3876 bis
1353 3825 1476 3892 utraque
1500 3825 1582 3891 perte
1607 3825 1636 3876 ct
1657 3827 1733 3877 retro
1749 3820 1894 3892 angelicas

139 3909 326 3964 istcintrase
341 3905 510 3975 dixitzligo
525 3902 826 3970 veldelaboravi3sed
852 3903 902 3975 qui
926 3909 991 3976 post
1044 3907 1186 3978 imagines
1207 3907 1346 3974 insertes;
1370 3907 1400 3963 in
1426 3908 1521 3964 fronte
1550 3913 1647 3965 autem
1671 3907 1747 3980 Agni
1768 3908 1893 3980 ligoram

139 4013 186 4054 me
199 3995 302 4063 veniet,
319 3994 410 4049 levius
427 4008 473 4048 me
488 3991 639 4059 laborabit,
651 3991 719 4064 quia
737 3991 793 4047 sibi
808 3991 869 4046 brec
891 3992 990 4048 omnia
1045 3997 1180 4052 decenter
1198 3997 1385 4067 impressam
1415 3996 1535 4069 insuper
1559 4001 1588 4052 et
1601 3997 1706 4069 digitos
1725 3998 1893 4054 earumdem

138 4083 444 4158 praeparatainrcniet.
463 4081 512 4134 ilic
525 4095 630 4150 nempe
648 4081 737 4136 horno
756 4095 853 4135 coram
872 4081 990 4136 domino
1045 4084 1217 4156 quibusdam
1233 4083 1360 4139 decorari
1374 4085 1504 4140 annulis:
1526 4101 1591 4156 qnae
1611 4085 1719 4154 omnia,
1752 4089 1784 4140 nt
1803 4085 1894 4141 credi-

138 4189 191 4228 suo
207 4169 380 4236 laudabitur,
396 4168 465 4240 quia
479 4183 553 4239 opus
570 4183 655 4223 aarum
678 4167 861 4239 longitudine
876 4173 905 4222 et
923 4169 989 4224 lali·
1044 4189 1120 4240 mus,
1135 4172 1171 4228 ad
1187 4188 1315 4228 amorem
1330 4173 1449 4245 superni
1459 4173 1560 4245 Sponsi
1573 4173 1686 4240 ducitis,
1697 4190 1763 4230 cum
1778 4173 1891 4245 Justum

138 4259 240 4317 tudine
264 4257 354 4313 multo
380 4256 478 4310 utilior
505 4260 548 4311 est
576 4270 663 4327 qnam
678 4271 752 4326 opus
767 4255 797 4310 in
811 4256 893 4311 molli
910 4261 989 4312 terra
1007 4257 1030 4311 Ι)
1045 4263 1082 4318 sit
1095 4265 1127 4316 ut
1141 4261 1199 4317 sint
1210 4261 1345 4317 mulieres
1360 4277 1426 4317 cnm
1441 4261 1612 4320 verecundia
1627 4279 1656 4318 se
1670 4268 1890 4334 componentes,

138 4364 204 4421 qum
214 4351 309 4402 aratro
333 4345 519 4400 subvertitur.
541 4344 606 4400 ldeo
622 4359 737 4416 quoque
760 4344 895 4399 dominus
919 4361 989 4401 suus
1043 4367 1102 4406 non
1117 4351 1148 4406 in
1163 4349 1244 4406 tortis
1256 4349 1395 4419 crinibus,
1414 4366 1510 4423 neque
1528 4365 1611 4420 auro,
1641 4366 1736 4423 neque
1749 4351 1890 4421 margari-

137 4452 206 4493 eum
220 4451 273 4508 pro
288 4434 447 4490 fortissimo
461 4434 553 4488 milite
576 4437 736 4504 computat,
761 4433 813 4504 qui
830 4433 988 4500 exercitum
1042 4439 1090 4507 tis,
1106 4445 1156 4496 sut
1169 4443 1246 4495 veste
1258 4439 1392 4510 pretiosa.

138 4541 224 4581 suum
239 4524 313 4580 bene
336 4526 496 4577 sustentare
511 4525 616 4593 potest,
632 4526 661 4576 et
682 4521 746 4576 aliis
765 4521 909 4594 agricolis,
936 4523 988 4594 qui
1080 4530 1229 4592 Praeterea,
1246 4533 1273 4582 et
1288 4527 1367 4599 qnod
1384 4526 1574 4586 bisomnibus
1588 4542 1649 4583 uon
1664 4527 1760 4584 miuus
1785 4528 1891 4584 miran-

137 4614 262 4671 lructum
293 4612 324 4668 in
352 4609 533 4682 temporibus
555 4611 615 4665 anis
647 4608 727 4676 dant,
751 4625 818 4665 eum
839 4612 987 4682 proponit.
1041 4616 1110 4672 dum
1133 4615 1216 4671 nobis
1243 4615 1364 4684 videtur,
1391 4615 1617 4673 inconsontiam
1639 4622 1764 4672 restrum
1785 4632 1891 4690 genere

137 4701 305 4772 Quicunque
320 4699 398 4755 enim
412 4698 494 4770 prius
516 4697 664 4763 laboravit,
687 4698 812 4753 laborem
835 4699 913 4755 illius
937 4701 987 4772 qui
1040 4708 1154 4760 tentum
1185 4704 1353 4774 spectabiles
1369 4711 1397 4760 et
1420 4705 1562 4777 ingenuas
1589 4704 1779 4774 introducere,
1813 4707 1891 4778 quod

137 4807 205 4846 enm
229 4788 415 4861 subsequitur
440 4787 644 4858 supereminet.
670 4787 759 4842 Faber
783 4787 861 4842 enim
884 4788 988 4844 mundi
1040 4809 1093 4848 nos
1120 4792 1278 4864 plurimum
1311 4793 1397 4849 otiam
1429 4793 1616 4849 admiramur.
1647 4793 1758 4850 Scimus
1792 4798 1890 4850 umen

136 4880 232 4950 primo
247 4893 343 4932 creare
356 4876 453 4947 caepit,
474 4880 503 4931 et
527 4879 627 4947 postea
641 4874 782 4930 ministris
804 4875 864 4930 suis
887 4892 988 4932 secun·
1041 4895 1090 4935 vos
1108 4877 1163 4934 boc
1184 4878 1347 4935 rationabili
1369 4895 1455 4935 causa
1477 4880 1581 4948 lacere,
1597 4895 1663 4936 cum
1678 4897 1736 4936 non
1750 4879 1890 4951 ignoratis

135 4969 204 5023 dum
221 4967 316 5038 ipsum
342 4965 457 5035 operari
477 4963 566 5019 dedit.
581 4963 603 5019 0
617 4963 678 5018 fllia
695 4963 756 5032 bai,
776 4968 883 5020 terram
905 4971 987 5020 tuum
1040 4967 1136 5038 ipsum
1158 4966 1311 5023 Dominum
1337 4968 1366 5022 in
1399 4968 1544 5038 primitiva
1580 4967 1702 5024 Ecclesia
1721 4969 1888 5040 piscatores,

135 5055 165 5110 in
182 5054 336 5125 temetipsa
355 5069 465 5120 coerce,
487 5068 524 5106 ne
545 5053 608 5123 ipsa
623 5052 684 5108 sine
702 5051 848 5108 fructuosa
863 5052 986 5108 utilitate
1040 5055 1169 5111 modicos
1192 5061 1221 5110 et
1245 5070 1387 5127 pauperes
1407 5057 1537 5127 elegisse,
1560 5071 1592 5112 ac
1617 5059 1647 5113 B.
1679 5057 1796 5113 Petrum
1821 5073 1889 5114 con-

135 5142 262 5198 tiliarum
277 5147 396 5198 arescat.
424 5141 479 5198 Cor
499 5139 587 5195 etiam
601 5145 685 5197 tuom
706 5139 736 5195 in
755 5155 846 5196 vanum
870 5139 984 5212 collige,
1039 5140 1128 5198 versis
1142 5148 1240 5214 posteo
1255 5143 1289 5198 ed
1304 5143 1390 5200 tidem
1405 5144 1540 5214 gentibus
1565 5143 1668 5200 dixisse
1684 5159 1693 5199 ε
1708 5146 1746 5200 In
1767 5144 1890 5200 assitme

98 5251 105 5265 Ι
135 5247 188 5287 nec
202 5231 275 5287 illud
300 5231 330 5286 in
355 5228 626 5285 immoderationem
650 5229 847 5300 inquietorum
871 5243 985 5284 mortim
1037 5229 1163 5302 comperi
1175 5230 1316 5302 quodnon
1329 5235 1568 5301 estperconerem
1582 5236 1712 5306 acceptor
1723 5235 1886 5301 ommes.

134 5318 217 5390 tlgas,
233 5335 269 5374 ne
288 5318 364 5374 illies
391 5324 455 5374 tuas
475 5335 493 5374 a
513 5322 542 5374 te
561 5317 653 5390 tnges.
678 5317 721 5373 'l'u
744 5332 860 5390 quoque
882 5317 986 5373 similis
1038 5319 1078 5389 x).
1094 5319 1252 5376 Verborum
1277 5319 1395 5392 insuper
1417 5321 1548 5393 Apostoli
1568 5336 1628 5377 nou
1646 5322 1832 5380 immemores
1849 5323 1886 5379 ad

134 5414 195 5464 esto
209 5408 295 5465 bonae
311 5413 395 5463 terroe
413 5423 478 5480 quae
500 5407 667 5480 frequenter
679 5421 806 5478 congma
829 5406 926 5479 pluvia
941 5407 984 5462 ir·
1037 5407 1202 5464 Corinthios
1216 5407 1354 5463 dicentis:
1369 5408 1438 5464 Non
1457 5408 1544 5466 multi
1564 5412 1704 5482 polentes,
1722 5426 1780 5466 non
1798 5409 1887 5466 multi

132 5497 254 5568 rigatur,
271 5501 412 5569 qnatenus
427 5497 517 5552 bones
531 5501 559 5551 ct
581 5496 763 5553 delectabiles
790 5495 893 5552 herbas
913 5511 983 5568 pro·
1036 5493 1157 5563 nobiles,
1167 5493 1218 5552 red
1237 5493 1377 5568 ignobilia
1394 5499 1422 5552 et
1444 5496 1672 5571 contemtibilis
1684 5498 1771 5571 liujus
1784 5499 1887 5556 mundi
