3984 6034
169 168 222 223 aas
468 196 473 208 ι
891 159 920 217 S.
940 157 1186 218 uttuaennms.
1862 159 1924 214 636

169 297 279 353 elevata
304 298 334 351 et
353 297 441 360 mans,
479 305 614 365 pugnans
651 293 752 347 eontra
786 287 855 345 vitia
883 289 915 346 in
939 288 1011 346 auio
1030 288 1163 348 Amedia
1180 286 1269 344 trium
1290 286 1432 362 priorum,
1456 291 1485 344 et
1512 286 1563 342 illa
1585 301 1651 361 quae
1673 301 1760 360 super
1787 285 1926 362 lapidem

170 384 218 440 Dei
242 387 347 454 erecta,
370 382 439 456 qrria
464 381 501 436 ab
533 381 596 453 ipso
617 379 732 452 incepit,
755 381 786 433 et
808 395 874 434 cum
897 379 959 452 ipso
982 379 1013 434 in
1064 379 1147 451 justa
1162 378 1371 434 murumsedet
1386 382 1463 445 suut,
1492 377 1584 432 relato
1610 376 1702 449 capite
1722 377 1844 434 candida
1870 393 1925 434 ve-

169 473 278 529 coelesti
300 472 458 528 Jerusalem
489 473 555 542 post
589 469 677 524 finem
715 467 811 523 saeculi
856 483 1013 540 permane·
1067 468 1161 523 latura
1174 467 1284 540 capitis,
1297 471 1328 522 ut
1344 483 1405 522 mos
1426 470 1468 520 est
1490 464 1665 521 mulierum:
1693 465 1749 520 hoc
1771 470 1815 521 est
1838 465 1925 537 quod

169 561 222 618 bit.
244 561 314 628 Quae
341 559 429 616 etiam
463 559 497 614 ad
538 557 705 630 predictam
742 556 907 611 columnam
939 571 1014 611 rerae
1068 557 1139 628 ipsae
1159 557 1190 612 in
1212 555 1316 611 auxilio
1340 569 1471 626 supernae
1495 552 1655 608 altitudinis
1671 557 1700 609 et
1714 553 1745 609 in
1759 554 1926 610 stabilitate

172 648 318 705 Trinitatis
328 663 408 703 versa
423 651 474 714 cst,
501 647 638 719 qrroniam
666 661 717 718 per
741 649 869 699 sanctam
887 648 918 701 et
939 642 1013 700 inei·
1068 644 1289 701 conversationis
1312 643 1401 700 beatae
1422 642 1537 716 quletis,
1558 642 1663 698 blande
1692 658 1723 698 aa
1741 642 1863 698 dulciter
1883 643 1923 696 li·

169 737 287 793 labilem
313 737 480 793 trinitatem
507 735 673 796 confortata,
696 733 807 789 reducit
838 732 950 788 animas
977 731 1013 788 ad
1068 739 1141 808 gatae
1159 737 1226 788 sunt
1246 733 1314 788 forti
1329 732 1452 804 ligatura
1486 730 1681 802 subjectionis,
1715 732 1806 786 Deum
1829 735 1926 801 caput

169 825 302 897 patriam.
1069 821 1198 880 omnium
1219 820 1348 877 fidelium
1367 820 1397 874 in
1415 819 1550 875 albedine
1572 817 1628 891 piae
1647 817 1806 874 deuotionis
1828 833 1924 871 reno-

205 914 288 980 Quod
304 913 414 970 veroin
437 914 506 984 ipsis
520 911 694 983 imaginibus
718 910 860 981 conspicis
884 908 1016 965 similitu·
1068 908 1167 976 raudo,
1183 913 1216 964 ut
1230 909 1347 964 maritus
1362 908 1396 963 ab
1420 923 1510 964 uxore
1533 908 1643 963 sincera
1665 907 1803 962 charitate
1823 907 1923 964 hono-

171 1002 281 1066 dinem,
291 1001 396 1057 hocest
414 1002 489 1073 quod
505 1000 614 1056 eaedem
634 1000 753 1055 virtutes
775 998 926 1054 unanimes
949 999 1016 1052 sunt
1068 997 1127 1056 reri
1140 997 1238 1069 debet.
1258 999 1292 1052 Et
1314 996 1408 1052 media
1430 997 1518 1050 trium
1544 996 1726 1066 superiorum
1755 998 1861 1066 atquae
1884 991 1924 1050 ad

170 1089 201 1144 in
211 1088 377 1144 diversitate
386 1089 529 1144 donorum
546 1088 605 1143 llei.
620 1087 801 1158 Quapropter
816 1087 926 1142 indutae
948 1087 1016 1140 snut
1069 1085 1214 1142 dexteram
1230 1085 1377 1157 ejusstant
1400 1085 1509 1140 vestitae
1538 1089 1614 1140 stant
1638 1083 1744 1139 tunicis
1773 1082 1922 1150 candidis,

171 1176 257 1231 etiam
271 1180 303 1231 ut
309 1175 420 1247 priores
441 1174 582 1247 imagines
601 1174 684 1246 quasi
706 1174 836 1229 sericinis
862 1174 1015 1228 indumen·
1070 1175 1138 1246 quia
1149 1191 1200 1246 per
1213 1174 1344 1229 eamdem
1362 1175 1495 1228 virtutem
1511 1171 1614 1229 dirime
1632 1172 1788 1244 majestatis
1803 1171 1833 1226 in
1849 1187 1923 1226 sua-

169 1263 221 1332 tis;
244 1280 310 1336 qum
333 1267 401 1319 sunt
421 1263 571 1331 circueas,
597 1265 629 1317 ut
644 1260 720 1317 circa
742 1263 870 1335 reliquas
895 1261 1016 1316 uirtutes
1070 1262 1198 1335 vissimal
1212 1262 1390 1319 beatitudine
1416 1265 1553 1316 emanant
1576 1260 1750 1316 lucidissima
1767 1264 1796 1315 et
1813 1259 1923 1314 candi·

171 1350 338 1407 suavissima
355 1366 452 1421 opera,
473 1366 537 1422 que
556 1350 587 1404 in
609 1349 704 1405 divina
728 1350 791 1422 leae
814 1351 937 1405 cultores
964 1348 1016 1403 Dei
1070 1351 1185 1409 tissima
1200 1349 1611 1423 oparaaaruminuominibus
1630 1349 1754 1405 stabilita
1777 1348 1920 1417 sublege

170 1439 229 1511 ipse
255 1439 408 1496 exhibent:
438 1439 573 1494 iacientes
592 1455 627 1494 ea
641 1439 671 1493 ln
689 1439 804 1510 justitia
824 1438 962 1506 veritatis,
987 1439 1016 1492 et
1073 1440 1185 1496 Domini
1209 1441 1255 1496 cui
1281 1441 1440 1510 conjunctas
1465 1441 1541 1494 sunl.
1560 1437 1614 1494 Sed
1635 1436 1813 1509 quodetiam
1837 1436 1922 1492 rides

169 1528 299 1585 candidis
319 1527 532 1595 calceamentis;
562 1526 631 1599 quia
658 1527 689 1582 in
720 1527 821 1582 ardore
851 1541 950 1582 earam
971 1531 1013 1580 est
1070 1528 1333 1584 dissimilitudinem
1348 1527 1378 1582 in
1392 1526 1508 1595 eis,boc
1528 1531 1570 1581 est
1590 1527 1668 1598 quod
1695 1525 1818 1581 diversas
1844 1524 1925 1580 vires

170 1616 255 1672 etiam
264 1616 371 1672 candor
391 1615 531 1688 sequendi
548 1616 713 1688 exemplum
737 1597 881 1671 bonorum
901 1618 1016 1670 actuum
1036 1591 1178 1674 Bliabent
1204 1617 1234 1672 in
1264 1617 1331 1683 Deo,
1360 1614 1540 1671 concorditer
1568 1614 1665 1686 ipsum
1698 1618 1796 1668 tamen
1811 1603 1925 1668 'colen-

169 1705 200 1760 in
214 1705 391 1760 bominibus.
401 1704 456 1760 Sed
471 1704 522 1760 illa
535 1720 600 1775 quae
621 1719 640 1758 a
662 1703 771 1759 dextris
795 1703 889 1758 media
912 1702 1016 1758 barum
1071 1712 1123 1762 tes,
1824 1761 1826 1766 ¹

168 1793 257 1849 mum
282 1797 324 1848 est
342 1809 414 1865 quas
440 1792 470 1848 in
493 1797 620 1848 extrema
641 1797 722 1864 parte
750 1791 879 1862 ejusdem
900 1789 1017 1861 parietis
1106 1795 1226 1864 Propter
1250 1791 1328 1862 quod
1355 1789 1451 1862 imago
1479 1805 1544 1862 qum
1568 1788 1678 1845 stetin
1707 1788 1802 1845 media
1830 1788 1923 1846 trium

169 1881 259 1952 rides,
283 1885 344 1937 tota
373 1884 461 1936 tantae
480 1880 615 1952 puritatis
638 1885 783 1951 tantaeque
799 1879 937 1935 claritatis
953 1878 1016 1933 exi·
1071 1881 1252 1954 superiorum
1266 1879 1434 1951 praefigurat
1460 1877 1677 1944 abstinentiam,
1701 1877 1841 1950 quoniam
1858 1879 1924 1950 ipsa

170 1970 230 2038 stit,
250 1973 283 2024 at
306 1985 367 2041 prce
383 1970 475 2025 mullo
504 1969 659 2040 splendore
680 1967 789 2024 nullam
812 1967 875 2040 ejus
892 1967 1017 2022 iormam
1071 1971 1102 2028 in
1123 1969 1218 2042 primo
1238 1969 1394 2024 certamine
1417 1971 1460 2022 est
1481 1966 1564 2039 quasi
1585 1965 1727 2022 ciritas'et
1750 1966 1920 2023 firmamen-

169 2059 293 2131 perteete
322 2057 429 2113 intueri
454 2056 555 2130 possis,
586 2056 723 2128 qnoniam
753 2056 844 2111 uirtus
867 2056 917 2111 illa
950 2070 1017 2110 cum
1071 2065 1144 2126 tum,
1164 2063 1250 2130 atqua
1279 2061 1482 2112 ornamentum
1507 2055 1561 2111 sibi
1595 2054 1805 2111 adherentium
1827 2055 1920 2112 virtu·

170 2147 262 2202 salute
276 2162 351 2201 rarae
370 2144 588 2202 confortationis
611 2161 665 2216 per
690 2144 800 2200 donum
828 2149 933 2200 sancte
954 2143 1016 2199 tri·
1071 2152 1142 2217 tum,
1160 2146 1310 2202 continens
1339 2161 1368 2201 se
1398 2163 1413 2200 a
1440 2149 1557 2217 peccato
1578 2144 1609 2200 in
1631 2142 1769 2217 gravitate
1792 2160 1920 2200 morum.

171 2234 279 2303 nitatis,
308 2233 339 2288 in
362 2234 420 2289 tine
445 2237 549 2289 sanetae
576 2233 681 2289 veteris
716 2231 889 2288 austeritatis
922 2247 1018 2288 exsur-
1071 2238 1114 2292 lta
1131 2235 1209 2308 quod
1232 2234 1438 2307 perserutatrix
1454 2238 1484 2289 et
1501 2233 1658 2288 recusatrix
1684 2237 1728 2288 est
1747 2237 1920 2288 cunctorum

171 2339 251 2395 gens,
277 2321 373 2379 omnis
396 2322 542 2394 perlucida
563 2325 592 2378 et
614 2337 688 2394 pura
713 2327 765 2390 est,
792 2336 892 2376 carens
916 2325 1016 2376 cuncta
1071 2323 1226 2398 puerilium
1251 2323 1282 2378 in
1297 2321 1390 2386 malis,
1415 2321 1524 2376 nullam
1544 2319 1733 2391 petulantiam
1752 2320 1864 2376 babens
1890 2321 1920 2375 in

172 2411 376 2484 indignatione
402 2410 543 2466 diabolica
565 2408 805 2465 inclaritatelaeti
829 2409 928 2480 gaudii
941 2425 1016 2464 una·
1072 2419 1298 2484 se,etapparens
1313 2409 1395 2483 quasi
1419 2415 1512 2465 rnater
1532 2409 1563 2465 in
1589 2408 1794 2464 medioearum
1824 2409 1921 2464 virtu·-

173 2499 489 2566 nimitatishominum,
509 2500 549 2553 ita
566 2503 599 2553 ut
622 2514 682 2570 praa
708 2497 894 2553 multitudine
918 2497 1018 2568 gloria
1071 2506 1132 2557 tum
1147 2515 1213 2572 quae
1222 2497 1367 2555 Trinitatis
1381 2497 1502 2570 gloriam
1517 2497 1638 2552 ininitio
1652 2498 1726 2553 datie
1741 2498 1812 2570 legia
1839 2497 1921 2553 auti·

172 2595 201 2646 et
217 2589 336 2645 honoris
365 2605 452 2660 quem
483 2588 570 2644 babet
589 2587 621 2642 in
655 2587 832 2654 coelestibus3
865 2587 946 2642 nulla
967 2602 1018 2642 ra·
1072 2592 1121 2664 qul
1136 2589 1236 2663 populi
1250 2587 1411 2659 designant.
1422 2588 1456 2642 Et
1465 2586 1551 2642 babet
1565 2585 1595 2641 in
1612 2586 1705 2658 capita
1720 2601 1771 2641 suo
1798 2587 1829 2641 in
1859 2603 1919 2642 mo·

171 2678 249 2734 tione
272 2677 484 2733 inestimabilis
499 2675 674 2733 unanimitas
697 2676 797 2749 ipsius,
822 2675 903 2748 qnasi
922 2677 1018 2732 torma
1072 2679 1142 2734 dum
1164 2693 1278 2732 coronae
1307 2676 1446 2730 circulum
1475 2673 1567 2730 crocei
1589 2673 1695 2730 eoloris
1717 2673 1815 2731 dextra
1838 2679 1921 2745 parte

172 2766 245 2837 ejus,
267 2767 304 2821 ab
333 2765 392 2821 ullo
420 2765 536 2821 mortali
568 2764 686 2820 bomine
713 2765 805 2820 valeat
830 2763 1017 2828 considerari,
1072 2766 1257 2838 insculptum,
1282 2779 1395 2836 semper
1421 2777 1556 2828 accensae,
1583 2763 1652 2835 quia
1672 2760 1734 2834 ipsa
1767 2777 1819 2833 per
1839 2779 1920 2819 surn-

172 2854 228 2910 nisi
242 2859 382 2926 quantum
393 2851 614 2921 pararentue
642 2851 776 2924 dignatus
793 2851 889 2906 inerit.
922 2851 955 2906 at
968 2849 1018 2905 illa
1036 2882 1057 2938 C
1073 2870 1153 2910 mum
1179 2857 1265 2923 caput
1289 2855 1424 2907 coronata
1447 2856 1490 2906 est
1515 2866 1615 2908 croceo
1640 2851 1720 2907 radio
1750 2849 1922 2922 splendidis·

173 2960 238 3014 qum
267 2959 354 3014 super
388 2957 504 2998 murum
530 2945 586 2996 stat
617 2941 708 3012 nigris
733 2939 931 2994 calceamentis
957 2939 1019 2993 cal-
1073 2942 1140 3001 simi
1151 2941 1229 3004 solis,
1254 2939 1444 2996 scilioatr‘itii
1469 2940 1520 2994 llei
1538 2939 1569 2994 in
1596 2940 1677 3009 culus
1708 2939 1835 2994 claritate
1865 2943 1922 2994 tota

172 3037 252 3088 ceata
270 3036 322 3099 est,
347 3029 415 3102 qnia
440 3028 550 3099 tamlin
582 3028 683 3084 altiore
713 3028 853 3100 dignitate
874 3043 961 3100 quam
987 3027 1019 3082 in
1072 3031 1334 3103 comprehensaest
1350 3031 1378 3084 et
1400 3028 1511 3084 nullum
1536 3033 1674 3100 appetens
1691 3027 1747 3082 nisi
1770 3027 1855 3082 illum
1872 3027 1920 3098 qni

174 3121 283 3176 minore
298 3123 365 3174 ante
374 3117 602 3173 incarnationem
618 3116 682 3172 Filii
704 3117 762 3172 mei
786 3115 887 3172 mortis
903 3116 1018 3187 signnm
1071 3121 1158 3176 etiam
1177 3119 1207 3174 in
1230 3119 1330 3176 dextra
1352 3121 1433 3188 parte
1458 3115 1623 3172 salvationis
1643 3116 1746 3171 anime
1760 3131 1825 3172 cam
1844 3131 1918 3170 sam·

173 3208 366 3279 etrestigium
386 3207 442 3262 init
464 3206 495 3261 in
513 3206 690 3262 hominibus.
722 3205 778 3261 Sed
815 3204 893 3276 quod
918 3221 1020 3260 omncs
1072 3207 1271 3282 pernocendit.
1289 3206 1414 3262 Undeut
1431 3205 1508 3260 vides
1533 3221 1550 3259 a
1574 3205 1673 3260 dextra
1697 3205 1827 3276 ejusdem
1849 3203 1919 3260 ima·

173 3297 234 3351 sine
262 3296 357 3368 palliis
382 3298 459 3365 sunt,
484 3294 606 3350 horest
644 3293 721 3366 quod
759 3292 866 3365 pariter
889 3296 1020 3348 terrenos
1072 3295 1287 3370 giniscolumba
1310 3293 1433 3363 advolat,
1457 3309 1506 3348 ora
1525 3308 1576 3348 suo
1598 3291 1711 3364 spirans
1733 3292 1764 3348 in
1788 3291 1918 3347 eanidem

174 3385 268 3440 cultus
291 3388 320 3439 et
342 3383 513 3440 exteriorem
552 3385 661 3437 textum
702 3380 803 3454 legalis
832 3381 1021 3437 institutionis
1073 3385 1259 3457 scripturam,
1280 3381 1417 3454 quoniam
1444 3382 1474 3436 in
1492 3381 1608 3437 dextera
1637 3379 1759 3437 coelestis
1777 3379 1917 3452 prosperi-

174 3473 340 3547 abjecerunt
362 3472 535 3528 intrinsecus
557 3470 806 3542 reramjnstitiam
824 3468 1020 3542 inspicientes,
1073 3472 1139 3530 tatis
1153 3472 1235 3528 adest
1248 3470 1358 3526 donum
1378 3485 1454 3525 verm
1478 3469 1679 3540 simplicitatis,
1703 3469 1835 3525 videlicet
1861 3467 1918 3539 Spi·
1969 3495 1970 3528 l

174 3566 280 3632 praeter
292 3559 417 3616 mediam
428 3558 544 3613 illarum
574 3557 663 3613 triam
689 3572 754 3629 quaa
767 3556 798 3611 in
821 3557 916 3628 prima
939 3560 1020 3629 parte
1072 3562 1145 3618 ritus
1160 3561 1250 3616 sancti
1271 3560 1301 3614 in
1324 3558 1632 3631 abstinentiaquaeque
1651 3561 1727 3616 bona
1751 3574 1804 3630 per
1821 3573 1918 3630 super
1969 3605 1970 3614 ,

174 3650 304 3722 ejusdem
330 3647 407 3704 muri
431 3646 555 3714 stabant,
580 3662 645 3719 qma
669 3646 757 3718 pallio
780 3646 921 3714 induitur,
946 3661 1022 3716 quo·
1073 3667 1141 3706 nam
1159 3647 1378 3721 inspirationem
1399 3647 1429 3703 in
1453 3648 1609 3704 salvatione
1637 3648 1798 3704 animarum
1818 3661 1917 3702 accen

174 3738 254 3795 uiam
269 3738 333 3810 ipsa
362 3737 416 3792 sub
444 3734 611 3791 defensione
633 3733 682 3790 liei
702 3734 734 3790 in
761 3733 844 3789 initio
868 3739 1021 3806 precepta
1074 3736 1178 3805 dentis,
1193 3740 1226 3790 ut
1251 3734 1336 3789 eliam
1357 3733 1408 3789 illa
1428 3733 1518 3789 uirtus
1538 3733 1718 3790 demonstrat
1740 3733 1771 3788 ia
1792 3729 1919 3804 supradi-

174 3826 349 3884 austeritatis
376 3823 519 3879 desudans
546 3823 721 3879 circumdata
753 3827 797 3877 est
831 3822 1019 3894 eomprehen-
1073 3821 1230 3880 ctisrerbis
1245 3839 1303 3878 suaa
1319 3821 1536 3878 admonitionis.

174 3907 387 3971 sione'amoris
422 3910 481 3979 liei,
512 3912 542 3966 in
578 3927 636 3981 qna
676 3910 820 3966 coelestem
851 3911 1020 3966 thesaurum
1108 3912 1171 3968 Alia
1186 3927 1253 3968 vero
1263 3911 1358 3982 imago
1368 3925 1433 3982 qua
1449 3913 1523 3966 esta
1544 3908 1649 3966 destris
1678 3910 1750 3982 ejus,
1780 3909 1919 3981 significat

176 4001 332 4069 abscondit,
350 3999 474 4072 ‘abjecto
512 3997 653 4054 desiderio
684 3997 853 4053 carnalium.
895 3999 928 4053 Et
956 3997 1021 4052 dom
1074 4000 1246 4070 largitatem,
1281 3998 1400 4072 puerilis
1438 3997 1629 4071 simplicitatis
1661 3997 1840 4067 existentem,
1871 4012 1919 4053 nec

174 4085 265 4140 trium
283 4085 465 4158 superiorum
490 4101 554 4158 qua
576 4086 611 4142 ad
631 4087 775 4142 dexteram
799 4085 907 4142 scilicet
929 4091 958 4141 et
984 4085 1021 4142 ad
1074 4088 1193 4146 omnino
1223 4086 1359 4142 astutiam
1386 4091 1436 4142 eut
1473 4087 1608 4143 duritiam
1644 4087 1778 4142 adversus
1808 4087 1918 4143 dolores

175 4172 320 4228 sinistram
335 4173 439 4230 mediae
451 4174 585 4245 imaginis
599 4179 685 4245 stant,
715 4177 744 4230 et
771 4175 835 4231 duae
859 4175 948 4231 trium
973 4174 1019 4228 in·
1039 4175 1463 4244 [thominumhabenteacum
1482 4191 1540 4248 qua
1556 4173 1729 4230 abstinentia
1755 4191 1785 4230 se
1808 4187 1918 4247 semper

174 4261 324 4331 terior-um,
343 4262 439 4319 media
463 4263 595 4319 videlicet
610 4268 639 4320 et
654 4279 716 4336 quar
734 4263 770 4319 ad
792 4264 936 4319 sinistram
956 4264 1019 4335 ejus
1073 4265 1167 4322 aufert
1179 4263 1214 4320 ab
1226 4263 1306 4319 omni
1326 4263 1480 4336 asperitate
1498 4263 1529 4319 in
1557 4263 1664 4320 dextris
1682 4262 1825 4320 bonorum
1849 4279 1915 4334 ope·

176 4353 226 4419 est,
254 4366 315 4406 non
334 4351 441 4407 habent
474 4352 629 4408 muliebria
651 4351 795 4408 velamina
808 4352 840 4407 in
876 4352 1019 4425 capitibus
1072 4369 1148 4418 rum,
1161 4353 1202 4408 sie
1224 4352 1346 4408 tendens
1373 4352 1410 4407 ad
1439 4354 1540 4414 Deum,
1566 4351 1634 4423 quia
1660 4351 1778 4424 largitas
1803 4351 1916 4407 initium

175 4439 235 4494 snis
265 4440 360 4508 nudis,
390 4443 504 4495 tantum
531 4439 604 4496 albis
639 4440 767 4497 crinibus
794 4443 913 4508 stantes,
950 4440 1021 4513 quia
1074 4441 1250 4514 operationis
1266 4439 1392 4510 ejusest,
1409 4455 1476 4496 cum
1503 4439 1630 4513 primum
1651 4438 1825 4495 abstinentia
1849 4453 1916 4510 opus

175 4528 220 4583 lex
246 4531 276 4583 et
297 4528 446 4601 prophetie
470 4544 523 4600 per
545 4529 681 4584 virtutem
706 4544 838 4600 supernae
862 4529 1019 4599 majestatis
1074 4547 1157 4588 suum
1172 4529 1347 4601 aggreditur.
1358 4530 1428 4594 Quae
1451 4529 1537 4584 babet
1558 4528 1590 4584 in
1617 4533 1732 4600 pectore
1761 4543 1812 4584 sno
1837 4525 1917 4602 quasi

175 4619 343 4670 emanantes
377 4619 406 4670 et
432 4615 520 4671 ritem
557 4631 590 4671 ae
626 4620 749 4672 mortem
786 4632 839 4671 sua
852 4616 1020 4673 tortitudine
1073 4620 1335 4691 leonemtanqunm
1351 4618 1499 4690 speculum
1514 4617 1650 4684 lucidum,
1666 4615 1717 4689 qui
1731 4615 1812 4673 estin
1836 4614 1916 4672 corda

175 4701 369 4771 ostendentes,
395 4718 460 4758 cum
482 4703 593 4758 duobus
612 4704 763 4776 praeceptis
795 4704 919 4774 geminae
947 4704 1020 4761 dile·
1075 4707 1151 4764 illius
1171 4707 1260 4762 Filius
1282 4722 1364 4763 meus
1386 4707 1514 4764 cbristus
1547 4707 1638 4773 lesus,
1665 4706 1710 4761 leo
1738 4705 1915 4768 fortissimus,

175 4790 278 4846 edonis
293 4807 346 4863 per
358 4792 491 4848 eamdem
512 4791 638 4848 divinam
661 4792 822 4863 potentiam
842 4794 1020 4867 subsequen·
1075 4795 1164 4852 veluti
1184 4795 1333 4867 speculum
1358 4794 1413 4866 pile
1439 4799 1468 4851 et
1491 4795 1649 4867 splendida
1673 4794 1833 4851 dilectionis
1856 4809 1917 4850 con·

176 4879 253 4934 tibus
279 4883 365 4950 atque
398 4879 587 4937 constantiam
620 4880 731 4936 intima
759 4881 1022 4954 circumspectionis
1075 4886 1198 4941 clusum.
1215 4883 1299 4950 Quod
1328 4888 1426 4940 autem
1447 4883 1550 4939 acollu
1568 4899 1620 4940 suo
1636 4887 1728 4955 gestat
1756 4883 1835 4940 velut
1862 4897 1915 4938 ser·
1969 4881 1970 4926 t

177 4967 348 5023 habentibus
371 4967 401 5023 iu
424 4967 586 5037 contrariis,
615 4973 645 5024 et
659 4969 797 5042 gaudium
821 4971 970 5027 suavitatis
990 4971 1023 5027 in
1075 4977 1192 5047 pentem
1219 4972 1319 5044 pallidi
1342 4971 1447 5028 coloris
1470 4973 1501 5028 in
1514 4975 1591 5029 torta
1607 4972 1717 5028 llexura
1743 4971 1863 5044 virgulae
1883 4967 1916 5024 ad

177 5055 283 5111 divinis
318 5055 444 5112 fideliter
480 5057 566 5112 soluti
599 5059 667 5112 sunt
687 5057 724 5114 ab
744 5058 825 5113 omni
843 5059 1022 5130 subjectione
1076 5064 1175 5132 pectus
1198 5060 1285 5115 etiam
1311 5059 1403 5131 ipsius
1431 5059 1657 5131 dependentem:
1683 5060 1737 5116 boc
1776 5064 1819 5116 est
1845 5055 1916 5132 quod

176 5143 264 5199 ullius
278 5142 385 5200 doloris
397 5160 448 5201 seu
460 5145 557 5218 laquel
569 5145 680 5212 mortis,
692 5145 723 5201 in
735 5145 827 5218 capite
855 5145 886 5202 in
908 5147 1022 5204 Christo
1077 5149 1160 5221 quasi
1175 5149 1247 5204 colla
1261 5147 1417 5204 fortissima
1430 5147 1715 5222 scilicetpaticntlam
1735 5149 1813 5205 idem
1834 5147 1916 5204 Filius

177 5232 393 5288 videlicetFilio
409 5248 485 5305 meo,
508 5234 587 5291 nuda
614 5238 712 5290 tamen
730 5249 813 5290 coma
826 5233 968 5304 fulgentes
992 5237 1023 5292 in
1077 5251 1159 5293 meus
1184 5236 1426 5310 prudentissimus
1453 5237 1484 5294 in
1509 5237 1619 5310 pallore
1634 5236 1803 5309 angustiatae
1828 5232 1914 5292 carnis

178 5320 301 5376 candore
329 5321 513 5394 virginitatis,
543 5322 612 5396 qaia
630 5322 763 5380 divinitas
789 5321 948 5395 virgineam
969 5341 1024 5380 na·
1076 5325 1214 5382 sustinuit
1223 5325 1363 5382 flexuram
1377 5341 1529 5400 plenarum
1551 5321 1616 5382 culn
1632 5325 1802 5381 exaltatione
1829 5320 1913 5379 crucis

178 5414 274 5466 turam
295 5411 326 5467 in
348 5411 464 5484 Virgine
486 5413 578 5468 laria
600 5412 682 5468 ratde
715 5411 822 5468 dilexit.
862 5411 917 5468 Sed
945 5413 1024 5486 qnod
1077 5414 1108 5468 in
1123 5413 1330 5470 medicamento
1352 5413 1483 5470 videlicet
1507 5413 1638 5471 omnium
1663 5413 1814 5468 vulnerum
1842 5407 1912 5484 qnod
