3984 6034
115 291 172 348 685
773 293 1023 354 scivias-tte.
1044 297 1093 364 lli,
1109 293 1202 354 visto
1222 294 1264 353 ill.
1632 313 1635 322 “
1812 300 1863 360 aaa

112 425 353 495 concupiscentiis
376 425 469 481 carnis
496 441 555 480 suae
579 424 750 490 offerentes3
771 427 853 497 quasi
873 427 964 481 fatens
982 429 1005 480 Α
1021 427 1128 481 modo?
1139 426 1313 497 Sapientiam
1329 431 1358 480 et
1372 426 1524 480 consiliam
1538 423 1644 497 quoda
1668 443 1713 482 mo
1730 428 1757 482 in
1781 430 1867 485 corde

112 514 341 584 etputridaipsa
360 514 628 568 caroeorumdeua
649 515 695 577 sit,
722 515 964 569 uolentesoculoa
1018 515 1263 570 suohabueruut:
1289 515 1497 569 suaseutentia
1522 515 1551 569 iu
1572 517 1666 571 loriam
1696 523 1862 588 posueruut,

112 617 181 655 suos
202 601 313 672 erigere
344 603 381 656 ad
398 603 489 656 ileum
514 602 565 672 qui
588 601 721 657 formarit
744 603 818 668 iilos,
842 604 890 658 sed
913 619 962 656 vo·
1017 602 1116 658 sibiex
1135 603 1191 658 boc
1215 603 1366 674 pecuniam
1388 601 1549 673 iniquitatis
1573 603 1602 658 iu
1630 604 1751 660 aliorum
1769 607 1863 676 perdi·

110 690 351 744 luntatemsuam
369 705 422 760 pro
442 692 501 745 lieo
526 689 674 756 habentes,
698 692 836 762 quoniam
865 706 964 745 secun·
1017 693 1094 746 tione
1117 674 1297 762 recipientes.
1323 691 1505 761 Quapropter
1537 697 1693 748 mercatum
1721 693 1802 748 illum
1834 695 1865 751 in

109 777 181 832 dum
196 776 249 833 hoc
264 778 381 845 usunt3
401 783 434 832 ut
448 777 478 832 in
501 776 620 849 seipsis
643 778 780 834 ordinant
807 785 837 832 et
856 778 963 834 consti·
1017 795 1115 835 amara
1127 779 1295 852 poeuitentia
1314 777 1468 848 abiicient3
1498 779 1542 834 rel
1563 779 1634 834 mihi
1658 780 1725 836 inde
1749 781 1779 836 iu
1798 783 1864 852 igue

108 869 206 919 tuunt.
225 867 388 921 ltocautem
403 865 468 920 ideo
481 882 540 920 non
563 865 690 932 iaciunt;
706 871 856 938 ntegrum
879 867 962 921 iilum
1017 868 1071 923 diri
1087 867 1197 922 ardoris
1211 865 1436 938 respondebunt.
1456 867 1526 922 Nam
1543 867 1593 938 qui
1606 867 1749 924 virentem
1769 869 1864 942 digui-

111 953 164 1024 qui
183 952 276 1023 gignit
296 953 394 1008 cibum
422 954 490 1008 vitre
512 957 627 1008 aeternae
657 954 833 1025 possideant,
856 956 907 1009 sed
932 957 963 1009 ut
1016 961 1104 1010 tatem
1125 971 1212 1027 qoem
1238 955 1356 1026 spiritus
1382 954 1413 1009 in
1435 954 1632 1025 spiritualibus
1668 955 1795 1028 apicibus
1825 957 1864 1012 vi-

112 1041 208 1096 absint
217 1040 253 1095 ab
265 1057 300 1096 eo
315 1042 562 1112 etimprenitentes
577 1041 608 1096 in
623 1047 795 1112 perpetuum
806 1044 961 1109 intereant,
1016 1043 1118 1110 vitient,
1132 1047 1244 1098 mortuo
1263 1041 1357 1112 pretio
1381 1057 1551 1112 comparans
1574 1044 1609 1098 ad
1634 1043 1756 1098 fetorem
1771 1050 1863 1099 scatu-

112 1129 253 1200 quoniam
276 1129 325 1183 ilie
343 1145 430 1200 quern
462 1145 515 1200 pro
543 1129 601 1183 ileo
625 1130 723 1183 colunt
747 1135 877 1183 monitus
900 1132 960 1182 est:
1017 1129 1116 1185 rientis
1134 1129 1295 1201 putredinis
1318 1130 1475 1200 perducere
1496 1135 1630 1186 conatur:
1661 1147 1693 1186 cx
1709 1131 1771 1203 ipsa
1789 1147 1864 1202 prte-

112 1216 189 1271 sicut
203 1217 302 1287 stipsi
326 1216 434 1270 mortni
452 1221 529 1283 sunt,
553 1217 689 1271 videlicet
713 1223 770 1270 tam
801 1217 963 1271 venditores
1017 1218 1189 1289 sumptionis
1231 1217 1415 1289 perversitate
1444 1218 1507 1288 (uisi
1533 1219 1617 1273 citius
1650 1219 1800 1291 paeniteat)
1833 1220 1864 1276 in

111 1319 203 1374 quam
214 1312 360 1374 emptores
381 1303 587 1375 spiritualium,
610 1305 663 1359 hoc
684 1319 746 1358 esse
768 1305 964 1360 desiderantes
1015 1306 1207 1379 perditionem
1247 1306 1432 1372 detrudetur,
1463 1311 1496 1362 ut
1532 1322 1667 1362 accensos
1700 1309 1730 1363 in
1756 1307 1864 1380 Spiritu

113 1393 192 1463 quud
206 1408 224 1446 a
237 1407 283 1446 me
297 1392 553 1464 nonquresieruut.
572 1391 704 1462 Numqui
718 1396 891 1462 potestatem
910 1408 963 1463 per
1017 1400 1115 1450 sancto
1137 1394 1266 1448 desertor
1290 1393 1396 1446 erroris
1417 1395 1643 1466 relinquensque
1669 1396 1765 1450 omniu
1789 1395 1865 1450 filius

111 1495 248 1536 vesanam
263 1479 523 1550 concupiscentiam
546 1479 664 1547 invadit,
688 1481 728 1534 ita
750 1480 827 1552 quod
841 1481 964 1536 rationa-
1016 1482 1158 1538 columba
1173 1481 1283 1546 Petrus,
1296 1482 1456 1534 transeunti
1472 1482 1582 1536 turbini
1600 1483 1696 1554 quiin
1716 1484 1863 1539 teterrima

112 1569 172 1623 bile
190 1569 299 1624 donum
327 1568 451 1639 Spiritus
465 1569 557 1622 saneti
579 1569 681 1622 verraie
703 1570 789 1634 iacit;
817 1569 963 1639 quomodo
1016 1569 1165 1642 nigredine
1193 1567 1286 1622 lucem
1309 1567 1423 1622 volebat
1451 1569 1604 1625 absorbere
1625 1569 1712 1624 dicit:
1736 1570 1866 1626 Pecunia

111 1662 213 1726 posset
234 1671 269 1711 ex
284 1655 334 1710 tali
358 1655 521 1710 venditione
552 1656 678 1711 salvarit
704 1657 774 1727 quia
794 1656 881 1712 bomo
911 1656 962 1727 qui
1018 1663 1068 1714 luo
1088 1662 1180 1713 tecum
1193 1654 1232 1710 sil
1248 1654 1281 1709 in
1296 1655 1506 1726 perditionem:
1528 1661 1666 1729 quoniam
1685 1657 1794 1714 donum
1815 1660 1866 1714 Dei

111 1743 302 1798 substantiam
316 1759 398 1798 snam
419 1742 520 1798 alienia
534 1744 643 1810 rendit,
659 1734 698 1800 'ea
714 1759 771 1800 uon
789 1745 875 1800 debet
900 1760 962 1800 am·
981 1713 1002 1767 B
1017 1742 1324 1815 existimaslipecuuic
1338 1743 1489 1814 possideri.
1506 1746 1574 1800 Nou
1588 1744 1719 1800 estasim
1732 1745 1866 1819 ltdipurr

112 1833 190 1903 plius
203 1831 255 1886 ati.
278 1833 311 1887 st
337 1832 481 1903 quomodo
509 1832 626 1887 deberet
649 1833 736 1888 etiam
762 1833 963 1888 mercatorilte
1016 1831 1219 1906 neque-sorsin
1232 1845 1366 1885 ammone
1384 1832 1450 1888 isto
1480 1834 1533 1890 Gor
1546 1836 1623 1888 euim
1643 1835 1730 1906 tuum,
1745 1851 1804 1890 uon
1823 1839 1867 1890 eat

113 1920 158 1974 nti
176 1924 273 1989 empta
295 1920 452 1974 salvatione
472 1935 591 1992 querna
610 1921 668 1974 ileo
683 1921 798 1976 nolebat
820 1922 960 1992 recipere,
1016 1926 1126 1979 rectum
1140 1935 1238 1977 corum
1254 1920 1723 1994 Dect.dct.v111).ilocta1eest:
1744 1923 1868 1979 Pecunia

113 2009 164 2064 sed
187 2008 334 2063 testinavit
360 2023 424 2062 eam
450 2008 570 2079 adipisci
591 2010 724 2080 pecnnia,
748 2025 836 2080 qaam
866 2015 964 2065 tamen
1017 2005 1493 2081 fallaciscontidentiretriaquam
1526 2009 1658 2065 babesiu
1682 2009 1865 2067 alienarent

115 2103 147 2151 nt
161 2096 368 2167 adipisceretur
381 2102 460 2151 recto
472 2095 583 2166 judicio
608 2112 660 2150 suo
678 2097 754 2151 Deus
773 2095 836 2152 lieri
857 2098 964 2168 permi-
1018 2099 1178 2166 domiuum,
1194 2097 1255 2170 ipsa
1270 2105 1366 2154 autem
1380 2103 1408 2152 te
1433 2096 1542 2153 habens
1557 2105 1591 2154 ut
1608 2098 1784 2170 mancipium
1807 2101 1867 2155 imo

114 2184 255 2239 sitiilam
283 2183 457 2256 quibusdam
480 2182 737 2254 lieusindignatus
758 2184 829 2239 iliud
853 2201 903 2240 eos
921 2185 965 2240 in·
1018 2188 1198 2254 utnibilom,
1215 2189 1319 2245 sittibi
1335 2188 1365 2241 iu
1394 2187 1558 2258 perditione
1579 2188 1748 2258 gehennalis
1771 2189 1864 2260 ignis;

115 2273 175 2328 rari
203 2273 359 2343 permittit;
378 2287 433 2344 pro
457 2287 514 2343 quo
545 2277 644 2326 tamen
666 2274 777 2328 occuito
795 2273 905 2344 jndicio
931 2273 964 2328 in
1019 2277 1042 2330 si
1067 2279 1122 2332 hoc
1144 2278 1252 2333 douram
1278 2277 1356 2349 quod
1383 2275 1463 2346 ignei
1480 2275 1605 2346 Spiritus
1620 2275 1710 2331 sancti
1737 2282 1789 2342 cst,
1816 2293 1868 2349 per

114 2360 250 2434 praesenti
266 2377 317 2416 eos
332 2361 424 2431 punit,
440 2367 469 2414 et
484 2375 542 2414 uon
562 2360 593 2414 iu
617 2360 731 2427 iuturo;
756 2365 789 2415 ut
806 2362 964 2416 secundum
1020 2365 1098 2420 nefas
1111 2367 1241 2437 pecuniae
1255 2369 1464 2436 comparatum,
1490 2364 1674 2436 impoenitens
1702 2365 1865 2432 retinueris,

113 2450 193 2522 quod
216 2450 247 2504 in
275 2447 420 2504 oblivione
453 2447 576 2520 Spiritus
601 2450 692 2503 suncti
727 2454 905 2518 amaverunt,
935 2453 965 2505 iu
1020 2453 1866 2525 quoniamintransitoriascientiaauimeetuaeaccensionem

114 2554 146 2592 se
165 2538 236 2609 ipsis
250 2536 436 2604 contundunt,
461 2536 503 2590 ita
518 2536 597 2608 quod
616 2538 966 2607 perconlusionembauc
1019 2542 1109 2612 ipsius
1131 2542 1285 2597 acutissimi
1315 2540 1497 2612 inspectoris,
1527 2541 1665 2596 fallaciter
1700 2541 1868 2597 existimasti

114 2628 152 2682 ad
174 2627 230 2682 boc
251 2625 448 2697 perducuntur
462 2632 495 2680 ot
512 2624 549 2680 ad
573 2626 665 2680 beorn
686 2626 717 2680 iu
740 2627 965 2697 paenitentiam·
1019 2631 1141 2701 pecunia
1157 2629 1315 2701 possideri3
1332 2645 1419 2701 quam
1442 2627 1552 2683 diiiisus
1566 2645 1596 2683 es
1615 2633 1643 2683 te
1658 2645 1742 2701 posse
1762 2631 1868 2686 babere

114 2719 284 2781 venantum
300 2714 377 2769 uude
391 2718 420 2768 et
434 2715 497 2768 brec
510 2720 627 2785 peracta
648 2715 848 2769 remissionem
871 2715 902 2769 in
923 2714 966 2769 tu-
1019 2719 1094 2774 dono
1110 2718 1169 2773 Dei.
1200 2717 1228 2773 Si
1258 2723 1357 2772 autem
1384 2715 1420 2770 ob
1435 2729 1550 2770 causam
1579 2715 1653 2770 banc
1680 2715 1866 2786 poenitueris:

111 2809 178 2859 turo
191 2808 419 2874 consequuntur.
436 2802 581 2866 Quosdam
600 2807 697 2858 autem
712 2803 742 2856 iu
767 2803 821 2858 laec
848 2804 962 2869 tolerat,
1020 2805 1092 2862 illud
1107 2806 1185 2877 quod
1201 2805 1294 2860 emisti
1319 2804 1455 2860 dimittes.
1473 2802 1685 2875 pecuniamque
1708 2819 1795 2876 quarn
1814 2817 1868 2875 pro

115 2908 175 2947 non
190 2890 371 2962 inpraesenti
394 2905 444 2945 eos
458 2888 599 2957 crucians,
624 2890 675 2944 sed
690 2890 767 2961 justa
781 2906 815 2945 ex
835 2907 921 2946 carisa
935 2891 966 2945 in
1020 2894 1084 2966 ipso
1098 2894 1201 2950 dedisti
1217 2893 1258 2949 sic
1271 2893 1414 2966 perditam
1427 2891 1544 2959 senties,
1556 2891 1624 2963 quis
1638 2891 1716 2964 quod
1727 2896 1869 2946 eternum

114 2982 248 3036 futurum
265 2978 411 3047 differens,
435 2977 506 3049 quie
524 2978 699 3033 voluntatem
719 2993 801 3033 suurn
827 2995 881 3050 pro
908 2981 967 3035 ileo
986 2985 1074 3057 cest,
1089 2996 1155 3035 cum
1169 2979 1230 3035 luto
1252 2978 1372 3034 mercari
1395 2977 1509 3033 uoluisti
1526 2977 1561 3033 ab
1572 2977 1633 3040 iilo,
1650 2977 1701 3050 qui
1717 2981 1744 3034 te
1764 2978 1869 3034 torma·

13 3119 16 3132 ‚
116 3070 245 3136 habent3
268 3071 426 3140 quaproter
453 3071 482 3122 et
501 3067 563 3138 ipse
584 3067 627 3120 eis
652 3066 682 3121 in
708 3067 806 3122 tuturo
829 3069 966 3136 ostendit,
1021 3071 1059 3124 vit
1078 3083 1112 3124 ex
1127 3069 1208 3124 iimo.
1231 3068 1286 3124 Sed
1309 3073 1337 3122 te
1354 3067 1384 3120 in
1410 3065 1460 3120 illa
1488 3065 1634 3136 emptione
1657 3067 1791 3136 durante,
1806 3083 1863 3122 non

113 3158 194 3231 quod
217 3157 350 3211 voluntas
379 3169 481 3210 eorum
503 3155 574 3226 ipsis
597 3155 628 3208 in
654 3154 760 3210 amaris
793 3156 968 3212 cruciatibus
1020 3157 1140 3214 habebis
1160 3161 1272 3229 partera
1294 3156 1365 3210 lucis
1379 3155 1409 3209 in
1432 3154 1574 3210 consortio
1606 3167 1798 3226 supernorum
1821 3170 1871 3209 an·

116 3247 217 3319 prosit.
233 3244 289 3301 Sed
304 3249 333 3299 et
347 3245 421 3299 alios
435 3249 494 3298 tam
510 3244 541 3298 in
558 3243 697 3315 presenti
718 3260 806 3316 quam
824 3245 855 3300 iu
870 3245 968 3300 tuturo
1021 3246 1153 3318 gaiorum
1166 3260 1173 3312 ;
1185 3245 1325 3317 quoniam
1338 3244 1370 3298 in
1384 3257 1517 3298 sermone
1544 3242 1651 3314 lingum
1672 3247 1730 3298 tues
1753 3243 1870 3314 rapaci-

116 3335 213 3408 pnnit,
239 3334 376 3407 qnoniam
405 3334 499 3387 claros
521 3347 623 3387 eorum
663 3331 826 3387 inteilectus
845 3333 875 3388 in
896 3333 968 3404 ipsis
1021 3336 1109 3386 tatem
1124 3332 1218 3387 cordis
1232 3333 1274 3386 tui
1289 3331 1445 3404 protulisti,
1463 3330 1538 3386 aliud
1565 3329 1770 3402 concupiscens
1784 3346 1872 3404 quam

116 3425 204 3479 vilem
219 3439 253 3477 ac
264 3419 511 3493 contemptibilem
525 3435 577 3475 sua
592 3425 697 3491 sponte
708 3435 738 3476 se
753 3420 829 3486 iacit,
850 3420 969 3477 imitans
1022 3419 1095 3475 cives
1110 3425 1226 3476 aeterne
1240 3419 1378 3475 claritatis
1392 3418 1566 3475 desiderent.
1585 3418 1666 3478 Unde
1681 3423 1710 3475 et
1726 3433 1774 3475 cor
1789 3425 1871 3475 tuum

115 3510 304 3569 diabolumin
318 3508 704 3580 malissais.atiosq·10que
726 3510 762 3563 ad
786 3509 842 3564 hoc
865 3523 970 3580 perra·
1022 3508 1053 3564 in
1074 3510 1126 3564 huc
1154 3509 1340 3580 perversitate
1366 3522 1463 3562 eoram
1480 3509 1538 3562 Deo
1566 3507 1706 3578 injustum
1734 3511 1794 3562 est:
1816 3508 1872 3563 hoc

116 3600 181 3658 nire
196 3598 359 3672 permittit3
373 3601 407 3653 ut
429 3597 525 3669 ipsum
550 3597 657 3652 malurn
678 3597 708 3651 in
733 3597 902 3667 paenitentia
924 3613 970 3653 eo
1021 3596 1122 3653 volens
1140 3596 1247 3652 habere
1263 3611 1315 3668 per
1339 3595 1513 3668 emptionem
1534 3595 1675 3666 pecunie,
1690 3596 1768 3666 quod
1785 3595 1874 3666 gratis

118 3703 186 3744 rrum
200 3686 400 3752 contundatur,
426 3701 492 3740 cum
514 3700 545 3739 se
566 3699 621 3755 pro
642 3688 808 3755 perpetrata
830 3684 971 3755 injustitia
1022 3686 1114 3742 alteo
1132 3685 1298 3741 donandum
1324 3689 1376 3740 est.
1408 3685 1506 3755 itaque
1535 3683 1693 3738 desertores
1719 3683 1806 3754 bajus
1831 3683 1874 3739 di·

117 3776 224 3832 acriter
252 3774 415 3846 punientes,
444 3773 523 3828 iilam
556 3772 640 3844 qnasi
672 3771 822 3842 putridum
852 3773 972 3828 cadaver
1023 3774 1082 3829 vini
1112 3773 1198 3845 pacti,
1223 3773 1291 3846 qnia
1318 3772 1390 3828 iliud
1421 3785 1550 3844 quaerere
1583 3771 1722 3826 deberent
1743 3771 1870 3841 gratuito

117 3863 269 3935 abjiciunt.
285 3862 462 3926 Quibusdam
476 3875 545 3916 vero
560 3875 596 3916 ne
606 3860 868 3930 hocadipiscantur
887 3860 969 3916 mise
1023 3863 1098 3919 douo
1113 3861 1237 3934 Spiritus
1248 3861 1338 3916 sancti
1364 3866 1392 3915 et
1405 3875 1464 3914 non
1479 3859 1599 3926 iaciunt,
1613 3859 1692 3930 justo
1701 3857 1809 3930 judicio
1823 3874 1876 3930 per

116 3953 269 4010 ricorditer
300 3950 426 4016 resistit;
450 3949 520 4020 quia
548 3949 572 4004 si
603 3949 639 4003 ad
663 3949 736 4005 iliud
760 3948 969 4022 pertingerent,
1025 3951 1163 4006 mevania
1191 3949 1352 4005 simulacris
1375 3952 1597 4020 comparantur;
1615 3947 1753 4019 quoniam
1777 3946 1874 4002 utillo

119 4056 220 4112 poenss
247 4038 423 4110 gehennales
454 4053 513 4092 non
540 4035 711 4109 effugientes
735 4038 767 4092 in
795 4039 837 4092 eis
860 4038 973 4094 fortiter
1026 4053 1099 4110 opus
1113 4051 1253 4093 mannum
1268 4035 1418 4091 existentia
1445 4051 1459 4087 a
1483 4033 1609 4088 vertutis
1636 4032 1782 4089 consortio
1808 4034 1878 4087 sunt

120 4128 244 4184 cruciari
266 4130 456 4182 mererentur.
481 4126 650 4197 Quicunque
675 4129 773 4180 autem
794 4125 973 4196 prostituerit
1025 4141 1124 4193 vacua,
1140 4125 1189 4181 sed
1216 4124 1363 4180 tamenab
1388 4121 1556 4177 infidelibus
1570 4137 1623 4193 pro
1650 4122 1707 4176 lieo
1731 4121 1873 4188 coluntur,

121 4221 174 4272 aut
195 4216 250 4270 sibi
274 4213 457 4286 usurpaverit
485 4213 652 4268 cathedram
674 4213 823 4285 potestatis
845 4213 877 4269 in
899 4227 972 4268 con·
1026 4213 1067 4268 sic
1080 4217 1108 4268 et
1124 4212 1171 4267 isti
1199 4227 1252 4284 per
1275 4209 1505 4266 contrarietatem
1528 4214 1708 4265 terrenorum
1724 4223 1877 4265 maneriam

121 4305 188 4360 silio
208 4302 299 4374 petris
327 4302 372 4357 soi
387 4302 439 4373 qui
466 4301 590 4372 poeonia
615 4306 669 4368 est,
692 4302 832 4374 quoniam
846 4302 972 4373 ipsapa-
991 4279 1237 4357 ”illuminatione
1262 4298 1384 4371 Spiritus
1405 4286 1495 4352 sancti
1518 4301 1658 4366 carentes,
1680 4297 1799 4353 telimas
1817 4313 1877 4353 ma·

121 4397 168 4448 ter
181 4392 260 4447 illins
274 4390 397 4446 efficitur
409 4390 441 4445 in
451 4394 588 4457 mercatu,
604 4389 660 4460 ipsi
674 4389 866 4462 perditionem
878 4388 974 4461 acqui·
1026 4388 1108 4462 gistri
1129 4386 1304 4453 alliciuntur,
1325 4401 1384 4441 uon
1403 4384 1487 4440 eiecti
1501 4384 1532 4440 in
1548 4384 1673 4456 suspirio
1700 4385 1807 4441 animae
1820 4401 1879 4442 soe

120 4496 191 4538 reus
210 4480 247 4535 ab
279 4481 329 4535 illa
358 4477 500 4550 dignitate
523 4495 530 4545 ;
554 4485 584 4534 et
606 4479 655 4535 ille
687 4480 738 4550 qui
761 4479 842 4534 dedit
866 4484 895 4534 et
923 4476 973 4550 qui
1026 4476 1115 4533 veluti
1129 4475 1224 4532 officio
1234 4476 1284 4530 iiio
1298 4474 1356 4528 sint
1370 4473 1494 4544 indigui,
1508 4473 1557 4528 sad
1575 4473 1607 4528 in
1630 4472 1770 4546 flagrante
1783 4489 1881 4546 super·

123 4568 234 4640 accepit
247 4567 425 4638 abjiciendas
438 4570 491 4635 est,
512 4566 582 4638 quia
606 4564 630 4620 si
648 4565 761 4621 homini
784 4581 871 4637 pecus
888 4581 973 4621 suum
1026 4565 1074 4622 bia
1088 4564 1160 4620 iilud
1174 4563 1210 4618 ab
1225 4561 1390 4618 bominibus
1405 4560 1580 4632 accipientes
1595 4561 1771 4616 uoluntatem
1787 4577 1881 4617 meam

121 4658 223 4714 furtim
242 4656 370 4711 ablatum
388 4659 419 4710 at
433 4653 485 4710 aiii
505 4654 704 4710 venundatum
725 4653 828 4722 tuerit3
856 4655 905 4710 ille
926 4652 973 4709 cui
1028 4654 1058 4709 in
1072 4654 1129 4708 hoc
1159 4667 1219 4707 non
1242 4651 1470 4706 considerantes.
1496 4648 1679 4720 Quapropter
1691 4648 1786 4704 nescio
1805 4649 1882 4705 unde

123 4746 252 4802 ablatam
268 4749 321 4810 est,
345 4747 492 4815 repertum
513 4757 579 4798 cum
602 4743 684 4798 omni
700 4743 767 4813 iure
791 4742 907 4815 repetit,
923 4741 975 4814 qni
1028 4741 1086 4798 sint
1112 4739 1198 4796 iliiet
1227 4737 1311 4811 quasi
1343 4737 1432 4794 alieni
1461 4742 1556 4793 sunta
1573 4751 1635 4805 me;
1654 4735 1723 4809 quia
1745 4735 1782 4791 ob
1806 4735 1880 4792 banc

121 4849 193 4892 saro
216 4831 349 4890 vendidit
371 4836 423 4887 aut
443 4831 494 4903 qui
513 4830 592 4899 emit,
621 4831 729 4903 absque
749 4830 975 4887 contradictione
1027 4825 1199 4899 injustitiam
1213 4841 1300 4882 suam
1330 4824 1355 4880 si
1382 4825 1423 4880 sic
1436 4823 1693 4898 perseveraverint,
1714 4839 1731 4880 a
1751 4838 1798 4878 me
1817 4839 1883 4894 pro-

123 4928 248 4996 uterqne
277 4919 404 4977 dimittet
433 4919 516 4975 illud.
547 4919 592 4975 Sic
622 4924 651 4975 et
671 4919 797 4991 dignitas
825 4919 975 4991 potestatis
1026 4915 1095 4988 jacti
1107 4920 1185 4971 sunt.
1199 4914 1228 4971 Si
1248 4918 1345 4970 antem
1367 4929 1401 4969 ex
1427 4914 1596 4969 totocorde
1622 4911 1819 4985 poenituerint,
1834 4925 1884 4968 cos

124 5027 193 5084 quaa
205 5010 366 5065 secundam
386 5007 528 5079 justitiam
563 5023 659 5062 meam
674 5007 759 5064 debet
784 5007 934 5078 possideri,
949 5007 975 5063 si
1028 5003 1198 5076 suspiciens,
1226 5001 1363 5074 gaudium
1387 5015 1474 5073 super
1488 5001 1564 5072 ipsos
1578 4999 1680 5055 luciam
1701 4999 1881 5072 angelorum.

124 5115 179 5172 per
193 5098 323 5170 aliquem
337 5094 443 5152 ruravo
457 5111 577 5152 manere
592 5095 740 5168 diripitur,
748 5100 777 5151 et
789 5096 820 5150 in
830 5095 902 5151 aiios
912 5111 975 5167 per·
1064 5093 1132 5160 Sed,
1147 5091 1393 5164 quamvisinjuste
1408 5093 1496 5160 agant
1511 5087 1562 5160 qni
1576 5103 1712 5159 perverso
1721 5087 1823 5144 ardore
1831 5086 1884 5142 has

124 5203 207 5245 verse
226 5185 399 5257 dissipatum
410 5199 429 5238 a
442 5197 490 5239 me
509 5199 576 5238 eum
595 5181 725 5239 districto
752 5182 864 5255 judicio
879 5183 976 5254 requi·
1030 5181 1185 5253 dignitates
1207 5178 1382 5244 desiderant,
1397 5192 1451 5232 nec
1471 5175 1512 5232 eis
1527 5175 1762 5232 consentiendum
1783 5173 1818 5230 sit
1833 5172 1885 5246 qui

125 5277 211 5345 uitur,
225 5290 259 5330 ac
272 5278 423 5346 prepterea
437 5271 486 5326 ille
499 5271 551 5343 qui
565 5287 631 5327 eam
640 5271 672 5326 in
691 5275 850 5328 mercatum
866 5271 973 5342 posuit,
1029 5284 1077 5324 eas
1092 5284 1143 5323 sua
1155 5265 1286 5339 nequitia
1300 5263 1435 5320 invadere
1468 5264 1612 5330 nituntur,
1640 5267 1672 5318 at
1688 5261 1798 5318 dictum
1822 5265 1883 5344 ast3

127 5365 173 5421 rel
202 5363 254 5436 qai
286 5377 351 5418 eam
376 5359 495 5431 indigne
526 5359 715 5431 comparauit,
749 5359 872 5415 utilitate
899 5359 977 5415 illins
1030 5355 1092 5429 ipsa
1105 5361 1203 5411 tamen
1230 5352 1372 5426 regimina
1385 5351 1463 5408 bona
1487 5351 1523 5407 ad
1550 5349 1707 5406 utilitatem
1732 5349 1885 5406 bominum

123 5451 324 5526 iustoiudicio
337 5448 589 5522 uterquecarebit,
617 5448 686 5519 qnia
705 5448 848 5520 tempium
863 5448 977 5504 nomini
1030 5459 1048 5500 a
1064 5445 1122 5500 lieo
1135 5443 1208 5499 bene
1223 5440 1358 5513 disposita
1373 5445 1449 5508 sunt,
1466 5455 1518 5494 neo
1545 5437 1587 5494 eis
1602 5437 1727 5510 superbe
1755 5440 1785 5494 et
1800 5435 1887 5509 perti.

124 5557 193 5600 msc
213 5543 424 5604 enumeratum,
446 5536 558 5592 donum
588 5534 700 5607 rapina
723 5536 864 5592 fecerunt.
896 5534 978 5599 Quo·
1030 5533 1140 5590 nacitor
1160 5529 1353 5588 resistendum
1382 5531 1433 5595 est,
1454 5528 1504 5585 sed
1526 5526 1623 5600 potius
1645 5526 1677 5583 in
1698 5539 1882 5584 amoremne
