3984 6034
63 166 126 220 733
701 165 947 223 sciisse-ule.
967 166 1014 234 lll,
1025 166 1115 223 visio
1132 168 1202 223 xlii.
1775 176 1829 231 lbi

63 294 131 351 illis
158 294 209 367 qui
230 310 283 349 nos
304 293 438 349 invocant
462 292 673 363 subvenientes,
709 302 738 351 et
770 295 966 355 diabolicasA
1015 298 1113 355 fluum
1137 300 1196 371 Ego
1213 314 1281 355 cnm
1301 300 1374 356 meis
1401 302 1546 359 sodalibus
1566 303 1641 360 hene
1668 306 1727 362 scio
1749 308 1826 378 quod

64 390 154 441 artes
178 384 337 441 calcantes:
363 386 391 439 et
418 382 543 456 eosqui
567 400 620 439 nos
650 384 757 440 imitari
784 386 927 441 voluerint
980 389 1058 441 lues
1075 387 1125 443 ille
1150 388 1287 461 uunquus
1306 388 1402 458 draco,
1427 389 1479 463 qui
1502 408 1588 464 super
1610 409 1756 451 summum
1776 411 1828 450 vo·

64 473 106 529 ad
123 474 226 530 beatas
240 471 405 529 mansiones
418 473 617 543 perducentes.
979 475 1039 530 lare
1053 476 1181 547 uoluisti,
1194 478 1245 533 scd
1261 477 1323 549 ipse
1347 479 1421 534 Dens
1435 479 1466 535 in
1484 481 1660 552 profundum
1678 488 1706 538 ιο
1722 484 1826 555 preaci-

105 560 250 628 Quaaaua
279 574 425 617 auiusuuu
466 577 493 616 is
523 576 616 618 cassa
640 578 797 619 rosirsanu.
826 563 848 619 0
872 578 925 618 uos
978 562 1082 635 pitavit
1094 564 1199 636 abyssi.

64 650 240 723 peregrine
274 665 384 705 sumus.
417 648 490 715 Quid
514 651 644 718 fecimus,
669 652 703 707 ad
737 656 852 723 peccata
876 651 924 707 de·
1013 652 1087 709 Vrar.
1100 653 1157 708 Nos
1175 657 1270 708 eutem
1281 670 1382 709 omnes
1397 653 1426 708 in
1442 655 1559 710 excelsis
1569 657 1741 714 habitamus.

62 738 211 795 viantes?
231 738 310 794 filice
328 738 403 809 regis
424 753 485 793 esse
505 738 664 808 debuimus,
679 740 727 795 sed
743 740 773 794 in
793 740 923 795 umbram
1015 740 1073 794 Fin.
1093 740 1159 796 a.0
1180 757 1229 795 vos
1250 743 1361 812 regales
1379 743 1509 811 virtutes,
1533 760 1621 815 quam
1641 748 1778 817 speciose
1796 750 1827 802 et

62 832 259 899 peccatorum
282 826 485 882 cecidimus.0
512 826 608 883 vivens
631 829 683 895 sol,
711 834 870 901 portarios
894 830 923 884 in
978 843 1066 900 qnam
1080 827 1221 901 fulgentes
1234 830 1303 887 estis
1318 831 1350 885 in
1372 847 1487 887 summo
1502 834 1573 899 sole,
1586 839 1615 888 οι
1633 850 1719 907 quam
1734 835 1825 891 dulcis

63 916 206 974 humeris
230 914 286 971 tuis
305 915 335 969 in
351 914 541 986 justissimam
568 916 774 985 hereditatem,
791 934 877 989 quam
894 918 923 973 in
977 920 1021 971 est
1035 920 1128 972 restra
1141 918 1270 986 mansio;
1292 922 1321 973 et
1343 917 1409 974 ideo
1427 936 1445 974 o
1464 936 1506 974 ve
1522 920 1605 990 mibi,
1620 920 1689 993 quis
1711 922 1825 977 evolsis

64 1006 166 1062 Adam
188 1003 378 1075 perdidimus.
412 1003 435 1059 0
466 1004 525 1059 ilex
552 1018 662 1075 regum,
687 1004 719 1060 iu
744 1010 794 1061 tuo
823 1006 922 1077 praelio
978 1004 1047 1076 fugi.

64 1106 248 1165 pugnamus.
1014 1093 1087 1149 Vrur.
1102 1095 1125 1152 0
1138 1094 1269 1167 fugitiva,
1284 1096 1361 1164 veni,
1376 1096 1440 1153 veni
1460 1096 1497 1153 ad
1513 1112 1575 1167 nos,
1598 1103 1626 1153 et
1640 1100 1716 1154 Deus
1733 1098 1823 1153 susci·

104 1182 253 1237 luvocario
276 1194 377 1235 rineuis
396 1195 494 1235 aurun.
520 1179 543 1235 Ο
566 1178 657 1235 dulcis
682 1179 827 1250 diviuitas,
853 1185 921 1236 eto
976 1183 1087 1253 piette.

65 1270 170 1327 suavis
199 1268 267 1336 rita,
292 1267 323 1322 iu
347 1283 405 1340 qua
434 1268 577 1341 perferam
605 1273 712 1325 vastem
743 1272 920 1339 preclaram,
1013 1270 1071 1325 Fin.
1093 1288 1119 1325 s.
1140 1271 1197 1327 Ab!
1219 1272 1271 1326 ah!
1297 1272 1410 1328 fervens
1433 1271 1583 1327 delectatio
1608 1272 1754 1329 absorbuit
1776 1286 1824 1327 me

65 1358 144 1415 illud
168 1356 309 1429 accipiens
328 1356 405 1429 quod
421 1356 533 1428 perdidi
559 1358 589 1412 in
611 1357 705 1429 prima
721 1358 918 1431 apparitione:
974 1355 1150 1427 inpeccatis,
1167 1362 1196 1412 et
1209 1357 1275 1413 ideo
1285 1359 1321 1413 ad
1331 1374 1382 1413 vos
1398 1374 1456 1413 uon
1471 1374 1540 1413 ausa
1554 1375 1618 1414 enin
1633 1360 1750 1415 intrare.

65 1448 104 1504 ad
122 1452 152 1502 te
168 1447 291 1518 suspiro,
304 1451 332 1502 et
346 1462 446 1501 omnes
458 1446 577 1501 virtutes
588 1446 698 1503 invoco.
1010 1447 1090 1502 viss.
1113 1445 1175 1501 Noli
1194 1446 1297 1501 timere
1314 1463 1365 1501 nec
1391 1446 1502 1519 fugere,
1527 1446 1596 1518 quia
1613 1451 1713 1520 pastor
1729 1446 1822 1503 bonus

103 1536 274 1591 Responsuu
297 1548 445 1590 rsnrnrnu.
470 1533 492 1591 0
515 1533 583 1590 felix
607 1534 749 1591 animast
782 1552 799 1591 o
829 1536 920 1593 dulcis
976 1534 1119 1607 queritin
1134 1535 1412 1607 teperditamovem
1426 1550 1518 1590 snam.

64 1628 203 1679 creatura
219 1622 279 1690 Dei,
302 1638 366 1693 qne
387 1621 526 1678 aedillcata
551 1638 580 1679 as
598 1622 630 1679 in
658 1624 801 1696 profunda
820 1596 960 1682 altitu·B
1011 1623 1072 1679 l'in.
1092 1642 1120 1678 s.
1138 1624 1218 1678 Nunc
1237 1628 1282 1679 est
1296 1623 1369 1679 mini
1391 1639 1504 1679 necesse
1527 1628 1561 1679 ut
1578 1622 1742 1696 suscipiatis
1763 1638 1819 1693 me,

63 1710 137 1767 dine
153 1710 303 1783 sapientie
318 1710 380 1778 liei,
397 1710 521 1766 multum
536 1726 624 1767 amaa.
972 1711 1111 1784 quoniam
1133 1711 1164 1767 iu
1189 1712 1355 1767 vulneribus
1376 1710 1460 1781 feteo,
1484 1711 1589 1785 quibus
1610 1711 1746 1785 antiquus
1759 1728 1819 1769 sar·

104 1800 220 1855 Finaurs
237 1814 332 1854 ausas.
349 1798 371 1855 0
392 1798 514 1855 libenter
529 1799 642 1855 veniam
665 1800 700 1857 ad
720 1816 780 1871 ros,
797 1808 830 1857 ut
844 1818 918 1875 pres·
971 1816 1044 1873 pens
1060 1801 1331 1856 mecontaminavit.

65 1888 163 1944 beatis
178 1886 251 1942 mihi
266 1888 395 1943 osculum
412 1886 516 1943 cordis.
856 1920 860 1929 .
1009 1889 1084 1945 Vter.
1108 1890 1198 1945 Curre
1225 1888 1260 1944 ad
1284 1905 1348 1957 nos,
1376 1894 1405 1943 οι
1425 1905 1545 1961 mquam
1570 1888 1690 1961 vestigia
1706 1887 1767 1956 itta,
1789 1888 1821 1945 in

104 1978 252 2033 viaruraa.
264 1976 319 2031 Nos
330 1975 467 2032 debemus
480 1975 603 2032 militare
614 1980 720 2047 tecuae,
733 1993 749 2032 o
760 1976 819 2033 lilia
833 1980 916 2051 regis.
971 1974 1076 2046 quibus
1094 1991 1244 2048 nunquam
1266 1976 1350 2032 cedes
1374 1975 1406 2031 in
1425 1976 1561 2052 societate
1575 1982 1683 2045 nostre,
1699 1982 1728 2032 et
1745 1977 1820 2032 Deus

105 2066 167 2121 Fun.
183 2080 211 2120 a.
232 2065 254 2122 0
278 2064 371 2136 gravis
386 2064 467 2121 labor
482 2070 512 2121 et
538 2082 555 2121 ο
580 2065 685 2122 ιιιιιοιιι
708 2067 822 2139 pondus
840 2070 919 2139 quod
971 2064 1083 2120 curabit
1096 2069 1134 2121 te.

66 2154 198 2211 sustineo
214 2155 244 2209 in
258 2158 335 2209 veste
349 2154 436 2227 hujus
456 2153 533 2223 vitea,
551 2154 619 2227 quis
635 2155 720 2211 nimis
739 2172 825 2228 grave
847 2156 918 2213 mihi
1008 2153 1069 2209 l'rn.
1084 2170 1112 2211 a.
1133 2154 1193 2226 ligo
1215 2153 1358 2227 peccatrix
1377 2170 1442 2226 quse
1457 2153 1517 2225 fugi
1532 2153 1619 2209 vitam
1633 2155 1720 2227 plena
1739 2153 1820 2210 ulce-

66 2250 111 2301 est
127 2248 228 2299 contra
239 2257 355 2299 carnem
369 2257 510 2314 pugnare.
970 2240 1052 2297 ribus
1064 2242 1177 2297 reniam
1195 2243 1229 2297 ad
1246 2258 1305 2312 vos,
1322 2248 1353 2297 ul
1374 2242 1527 2313 prebeatis
1552 2242 1624 2298 milri
1646 2247 1759 2299 mutum
1773 2258 1819 2298 re·

105 2334 180 2387 Viur.
202 2330 335 2387 Oanima
355 2331 500 2385 voluntate
525 2328 574 2386 Dei
590 2330 755 2401 constituta,
772 2336 801 2388 οι
819 2332 918 2389 ofelis
971 2329 1154 2402 demptionis.

67 2416 311 2473 instrumentum:
344 2433 433 2489 quare
458 2423 517 2473 tam
548 2418 651 2475 debilis
677 2435 707 2475 es
731 2421 916 2490 contrahes,
1008 2419 1085 2473 Vser.
1102 2419 1236 2475 Oanima
1250 2419 1382 2492 fugitiva,
1397 2424 1459 2475 esto
1474 2418 1601 2489 robusta,
1627 2423 1656 2475 et
1679 2420 1819 2476 inducte

68 2506 147 2579 quod
178 2508 253 2563 Deus
278 2506 414 2563 contrivit
439 2507 471 2562 in
489 2508 617 2580 virginee
633 2510 756 2566 natural
777 2511 816 2566 Tu
833 2510 918 2566 debas
972 2522 1052 2562 arnse
1068 2508 1151 2563 lucis.

68 2594 99 2649 iu
113 2595 196 2651 nobis
210 2610 346 2667 superare
360 2594 517 2652 diabolum.
1008 2596 1066 2651 ιιιο.
1083 2613 1110 2652 s.
1131 2598 1153 2652 0
1168 2596 1262 2651 omnis
1277 2595 1383 2652 militia
1404 2596 1514 2668 remum
1530 2596 1679 2666 virtutum,
1696 2600 1724 2651 et
1737 2614 1755 2651 o
1770 2612 1818 2652 vos

104 2686 163 2741 Flu.
191 2701 219 2740 s.
250 2684 422 2752 Succurrite,
456 2700 503 2739 me
539 2684 711 2755 adjurando,
744 2690 776 2741 ut
807 2687 918 2742 valeam
971 2683 1092 2739 candida
1105 2684 1166 2739 lilia
1182 2683 1245 2754 ejus
1256 2699 1324 2739 cum
1342 2698 1424 2739 rosea
1444 2699 1584 2755 purpura,
1603 2684 1743 2741 incuncta
1767 2700 1819 2739 sos

66 2774 231 2829 consistere.
971 2773 1008 2828 ed
1023 2788 1079 2839 me,
1093 2772 1162 2845 quia
1173 2772 1328 2844 peregrina
1342 2788 1359 2826 a
1372 2772 1452 2827 vobis
1480 2773 1618 2841 exsulari,
1643 2778 1672 2827 et
1687 2773 1819 2845 adjuvate

103 2862 241 2918 Sciauna.
254 2862 312 2917 fler.
338 2858 408 2917 Vide
430 2860 500 2933 quid
520 2860 593 2916 illud
612 2862 649 2917 eit
671 2878 729 2934 quo
750 2879 781 2919 es
803 2863 916 2935 induta,
935 2893 956 2951 c
972 2877 1030 2932 me,
1048 2864 1081 2917 ut
1099 2861 1130 2916 in
1145 2860 1286 2932 sauguine
1308 2860 1371 2917 Filii
1387 2861 1438 2916 liei
1451 2860 1560 2933 possim
1574 2876 1735 2933 resurgere.
1752 2863 1786 2917 Et
1799 2880 1817 2917 c

68 2950 129 3007 lilia
140 2948 316 3017 salvationis,
331 2952 360 3005 et
373 2952 433 3005 estc
444 2948 554 3005 stabilis
562 2953 591 3005 et
606 2964 754 3023 uunquam
768 2953 861 3009 cades.
970 2966 1037 3005 sera
1065 2950 1205 3005 medicina
1236 2949 1393 3017 humilitas,
1427 2951 1525 3021 prebe
1561 2950 1634 3006 inihi
1656 2951 1815 3020 auxilinm3

106 3040 167 3095 ιιιο.
183 3056 210 3094 s.
234 3038 255 3090 fl
276 3036 371 3093 nescio
401 3037 471 3109 quid
499 3037 612 3105 faciam,
637 3046 687 3096 aut
710 3040 762 3097 ubi
783 3041 916 3114 fugiam?
970 3038 1039 3111 quis
1054 3040 1188 3111 superbia
1202 3038 1232 3093 in
1255 3038 1353 3094 multis
1368 3037 1446 3093 vitiis
1460 3039 1566 3094 multes
1579 3038 1726 3095 cicatrices
1743 3039 1818 3095 milii

69 3129 91 3183 0
104 3144 147 3183 vae
159 3124 230 3183 milii
246 3141 305 3180 non
319 3141 437 3197 possum
453 3126 590 3199 perficere
604 3127 632 3183 id
644 3144 702 3200 (ιιιο
713 3146 776 3185 sum
792 3131 916 3187 indum?
969 3127 1124 3199 imponens
1138 3127 1300 3182 vulneravit
1315 3142 1373 3182 me.
1388 3127 1469 3182 Nunc
1489 3126 1570 3197 fugio
1588 3126 1624 3183 ad
1645 3132 1684 3195 te,
1709 3130 1739 3183 et
1751 3126 1832 3183 ideo‘

69 3220 150 3275 Certe
162 3216 234 3271 illud
244 3214 308 3269 volo
323 3214 457 3285 abjicere.
969 3216 1081 3289 suscipe
1094 3232 1151 3271 ιιιο.

104 3298 177 3357 Vtar.
214 3301 236 3357 0
270 3301 370 3358 infelix
399 3303 584 3372 couscientia,
614 3321 632 3360 o
666 3305 770 3361 misera
798 3308 914 3379 anima3
1019 3306 1118 3362 unsis.
1135 3307 1273 3362 Oomnes
1287 3304 1417 3373 virtutes,
1432 3304 1568 3376 suscipite
1588 3305 1735 3377 lugentem
1749 3320 1817 3376 pec·

7 3448 8 3463 ¹
68 3404 157 3461 quaro
171 3389 321 3445 abscondis
334 3390 691 3450 feciemtuamcoremtuo
707 3395 863 3452 Crantore?
968 3393 1102 3450 ostricom
1116 3393 1146 3448 in
1159 3393 1218 3447 suis
1247 3394 1425 3449 cicatricibus
1448 3398 1568 3465 propter
1594 3395 1715 3449 vulnera
1735 3391 1816 3448 Chri·

104 3476 229 3532 Scissum
256 3477 318 3534 Dar.
342 3480 384 3534 Τιι
407 3480 510 3547 nescis,
532 3496 586 3537 nec
605 3482 695 3553 rides,
710 3499 763 3539 nec
786 3486 860 3556 sapia
883 3486 915 3542 il·
969 3483 1016 3548 sti,
1032 3489 1060 3537 οι
1075 3482 1222 3553 perducite
1237 3498 1301 3538 eam
1314 3483 1347 3537 ad
1360 3498 1416 3536 me.

68 3566 130 3621 lum
143 3566 193 3637 qui
204 3571 232 3621 ιο
248 3567 404 3624 constituit.
1005 3571 1078 3626 Vsar.
1090 3637 1094 3646 ,
1105 3571 1240 3625 Volumus
1266 3576 1294 3625 ιο
1316 3571 1464 3634 reducere,
1485 3572 1514 3625 et
1538 3572 1718 3625 columnate
1740 3569 1817 3625 dese·

105 3654 160 3710 Fin.
174 3670 200 3710 a.
219 3656 293 3711 Deus
307 3656 413 3713 creavit
430 3657 582 3726 mundum,
608 3674 666 3713 non
688 3659 760 3715 facio
781 3660 823 3715 illi
839 3662 914 3733 inju-
968 3676 1043 3729 rere,
1072 3665 1101 3714 et
1129 3660 1224 3715 omnis
1250 3660 1374 3715 coelestis
1396 3659 1497 3714 militis
1523 3660 1631 3731 gaude
1653 3672 1740 3730 super
1764 3663 1814 3713 te:

71 3742 143 3799 riam
158 3742 182 3797 si
196 3743 262 3799 volo
277 3744 320 3799 uti
334 3744 394 3801 illo.
967 3764 1037 3820 argo
1053 3749 1134 3805 decet
1148 3763 1201 3803 nos
1215 3748 1246 3804 in
1256 3747 1429 3820 symphonia
1443 3762 1557 3803 souare.

105 3833 248 3889 Dueouns.
260 3833 358 3901 l'atna,
374 3834 462 3901 fatue,
478 3834 548 3907 quid
563 3836 679 3907 prodest
693 3835 746 3892 tibi
761 3835 913 3895 laboraret
1004 3840 1103 3893 fluum
1120 3837 1143 3894 0
1157 3837 1261 3892 misera
1284 3836 1355 3903 fllia,
1371 3836 1436 3890 solo
1454 3841 1482 3891 ta
1496 3834 1640 3907 amplecti,
1663 3834 1732 3906 quia
1751 3849 1816 3890 ma-

70 3920 185 3993 Respice
200 3922 342 3979 muudum
363 3926 393 3978 οι
406 3924 597 3996 amplectetur
618 3929 645 3979 te
668 3940 774 3997 magun
790 3926 911 3983 honore.
966 3942 1041 3998 gnus
1068 3927 1197 3982 medicus
1224 3925 1297 3980 dura
1321 3929 1351 3979 et
1373 3938 1472 3979 amera
1498 3924 1618 3979 vulnera
1644 3927 1814 3995 propterte

105 4008 177 4065 viar.
203 4010 279 4065 lleul
304 4009 379 4066 beni
405 4028 456 4067 nos
475 4011 595 4067 virtutes
620 4014 791 4086 plangamus
817 4020 847 4071 et
871 4018 913 4073 lu·
967 4032 1069 4087 passus
1088 4020 1140 4071 est.

71 4114 196 4171 geemus,
212 4098 280 4171 quia
290 4099 351 4153 oris
366 4098 481 4155 Domini
494 4100 569 4171 fugit
583 4100 680 4157 vitam
1003 4106 1149 4161 Drsaosus.
1165 4104 1234 4169 flue
1251 4117 1292 4169 es,
1307 4105 1356 4157 ant
1378 4102 1455 4157 unde
1476 4100 1581 4158 venis?
1599 4100 1640 4156 'fu
1654 4100 1816 4171 amplexata

104 4188 331 4260 liuuimrss.Ego
347 4187 505 4255 humilitas,
529 4188 631 4261 regina
652 4189 802 4260 virtutum,
826 4191 910 4246 dico:
931 4184 999 4247 Des
1014 4208 1070 4258 me,
1094 4196 1123 4246 et
1143 4206 1197 4263 epo
1219 4191 1295 4246 foras
1319 4188 1404 4245 eduxi
1425 4194 1474 4257 te;
1498 4188 1549 4243 sed
1570 4203 1648 4243 nunc
1666 4188 1696 4243 in
1719 4203 1814 4243 rerer·

71 4276 167 4332 Venite
189 4276 223 4332 ad
245 4292 302 4343 me,
328 4292 429 4332 omnes
446 4277 574 4345 virtutes,
597 4282 626 4333 et
645 4278 789 4335 enutriam
812 4296 862 4335 ros
877 4281 914 4337 ad
967 4280 1049 4335 sione
1065 4285 1115 4334 tue
1127 4278 1280 4335 confundis
1295 4294 1351 4345 me,
1376 4292 1431 4348 ege
1446 4279 1545 4334 autem
1565 4292 1665 4349 pugna
1684 4292 1748 4332 mea
1762 4276 1813 4332 de-

69 4364 269 4437 rcquirendam
294 4366 436 4436 perditam
460 4366 626 4423 drachmam
651 4371 680 4423 et
695 4368 732 4423 ad
748 4384 811 4424 eam
827 4384 911 4425 coro·
964 4366 1065 4439 jiciam
1079 4372 1117 4423 te.
1142 4427 1146 4436 ,

71 4456 193 4511 nandum
207 4455 238 4510 in
250 4454 463 4528 perseverantia
477 4455 599 4512 felicem.
1003 4457 1061 4512 Frn.
1082 4474 1109 4511 a.
1137 4456 1196 4528 ligo
1210 4472 1312 4513 omnes
1325 4456 1387 4511 rias
1407 4459 1472 4511 tuse
1488 4455 1579 4511 males
1597 4470 1658 4510 osse
1681 4455 1815 4526 cognovi,

104 4544 175 4599 viar.
199 4544 221 4599 0
247 4543 370 4615 gloriosa
397 4544 498 4615 regins
517 4548 546 4599 et
569 4560 587 4599 o
609 4542 780 4600 suavissima
798 4546 912 4602 medie·
966 4556 994 4600 οι
1009 4545 1074 4600 ideo
1095 4544 1159 4617 fugi
1185 4562 1203 4600 a
1225 4549 1270 4613 te;
1296 4546 1381 4601 modo
1404 4549 1511 4610 entem,
1536 4559 1554 4598 o
1580 4542 1691 4613 illusor,
1718 4558 1816 4615 pugno

70 4630 134 4699 tris,
151 4630 274 4687 libenter
289 4633 445 4688 veniemus.
965 4638 1064 4690 contre
1078 4638 1116 4690 te.

103 4722 198 4777 Ηιιιιιι.
211 4721 278 4777 Ideo
293 4720 485 4777 dilectissime
508 4720 586 4790 filice,
607 4724 691 4777 teneo
711 4737 761 4778 ros
776 4722 807 4778 in
821 4723 912 4797 regali
1002 4724 1060 4779 lin.
1084 4740 1111 4777 a.
1135 4721 1216 4778 Unde
1239 4726 1290 4777 ιιιο
1313 4722 1414 4795 regina
1435 4721 1592 4787 humilitas,
1618 4723 1668 4776 tuo
1691 4720 1815 4777 medice·

70 4808 203 4864 thalamo,
227 4809 250 4866 0
270 4808 338 4865 ulie
361 4807 459 4877 lsrael,
490 4808 542 4865 sub
569 4810 673 4867 arbore
691 4810 839 4867 suscitavit
861 4828 911 4867 ros
965 4811 1045 4867 mine
1058 4810 1163 4883 adiuva
1181 4824 1237 4865 me.

70 4897 237 4967 fleus,unde
252 4896 282 4952 in
306 4897 362 4953 hoc
383 4900 514 4969 tempore
540 4898 732 4955 recordamini
753 4900 909 4972 plantatio·
1001 4900 1101 4957 ιιιιιιιι..
1127 4897 1286 4956 Orictoria
1308 4914 1372 4970 que
1396 4901 1530 4956 eumdem
1554 4900 1585 4955 in
1608 4900 1680 4955 doelo
1696 4913 1815 4971 supera·

71 4984 112 5041 nis
126 4985 195 5058 ejus.
211 4986 338 5043 Gaudete
348 5001 429 5057 ergo,
441 4985 510 5042 filice
523 4986 600 5043 Sion.
965 4988 1011 5056 sti,
1026 5004 1110 5044 curre
1124 5002 1190 5043 cnm
1204 4985 1349 5042 sodalibus
1371 4988 1429 5042 tuis
1445 4995 1473 5043 οι
1487 5003 1589 5044 οιιιιιοι
1610 4986 1699 5059 ligate
1713 4986 1815 5043 diebo-

105 5074 250 5131 Drsaouns.
273 5074 341 5140 Once
366 5079 409 5129 ast
429 5075 491 5130 hec
511 5079 645 5148 potestas,
662 5076 740 5149 quod
759 5078 854 5135 nullus
874 5078 912 5135 sit
964 5079 1027 5135 lum
1036 5079 1124 5134 hunc.

71 5169 168 5236 preter
182 5162 293 5219 Deum?
312 5162 371 5235 Ege
392 5167 489 5218 autem
504 5162 583 5219 dico:
600 5163 654 5229 Qui
676 5164 801 5221 soluerit
820 5182 867 5222 me
882 5172 910 5223 et
1000 5166 1129 5222 Virroau
1151 5182 1186 5222 an
1211 5180 1348 5222 vraroras.
1379 5165 1401 5219 0
1425 5164 1589 5222 fortissime
1611 5170 1640 5221 et
1665 5165 1813 5237 gloriosis-

72 5251 239 5309 sinluntatem
259 5266 353 5307 meam
382 5252 474 5324 sequi,
504 5250 577 5307 dabo
599 5251 641 5309 illi
665 5254 779 5321 omnia;
795 5259 828 5311 tu
844 5271 909 5313 vero
963 5256 1044 5311 simae
1060 5253 1175 5323 milites,
1199 5254 1295 5310 venite
1310 5257 1339 5309 et
1361 5253 1494 5325 adjuvate
1506 5270 1553 5309 me
1581 5254 1669 5309 istum
1684 5254 1815 5311 fallacem

71 5356 131 5398 cum
149 5340 205 5397 tuis
219 5338 387 5412 sequacibus
414 5338 486 5395 nihil
509 5337 597 5396 hebes
612 5341 691 5412 quod
717 5342 786 5398 dara
807 5345 908 5415 possis,
963 5344 1086 5401 sincere.

71 5428 233 5503 quinetiam
248 5426 712 5501 vosomnesnescitisquidsitis.
1000 5435 1076 5490 viar.
1105 5433 1128 5489 0
1155 5432 1323 5489 dulcissima
1358 5430 1490 5489 bellatrix
1518 5431 1548 5487 in
1580 5436 1708 5488 torrente
1735 5432 1815 5489 fonte
