3984 6034
98 203 166 261 loir
414 201 517 261 mnan
534 200 697 262 niviuou.
718 201 820 261 OPER.
841 200 1011 261 sidrunis
1029 201 1181 261 flouiuis.
1191 200 1315 263 -PARS
1332 202 1380 275 ΙΙΙ,
1402 202 1542 261 visiox.
1776 206 1844 262 inte

132 334 311 421 tiatorpent,
333 340 439 395 lteram
452 342 521 396 onte
555 356 620 395 nem
639 341 705 412 post
722 340 833 395 mullos
850 337 938 395 tribn-
957 337 1100 408 dbimns,
1117 338 1286 413 quimedici
1306 354 1367 396 esse
1382 339 1520 396 deberent
1538 342 1640 396 etnon
1656 338 1768 394 sunit·
1789 336 1844 393 Sed

131 409 279 467 “tim
267 428 299 467 *ἢ
313 410 477 468 immittit
490 428 522 467 Υθ
535 411 693 467 mabill!
681 415 740 469 ‘ht'
998 428 1136 501 quoniam
1155 430 1324 500 potestalem
1356 428 1505 501 loquendi,
1530 428 1638 501 ligandi
1663 434 1691 486 et
1716 426 1845 484 solvendi

129 516 184 571 xv.
205 515 269 572 Ilias
291 519 388 571 antem
411 515 483 572 istos
515 515 566 589 qui
592 514 734 587 injustitia
759 519 886 588 torpent,
910 520 945 571 ut
998 516 1115 585 habent,
1133 517 1240 573 idcirco
1265 522 1296 572 ut
1314 518 1499 573 ferocissimae
1517 516 1618 572 bestiae
1645 532 1697 572 nos
1716 516 1842 589 capiunt.

94 604 249 673 praelatum
265 609 318 671 est,
334 604 413 659 canis
426 605 538 676 igneas,
564 604 615 660 sed
629 620 689 661 non
701 605 803 660 ardens
821 607 852 661 in
870 605 943 661 libro
996 605 1108 661 Scelere
1123 622 1239 679 quoque
1260 620 1361 661 eorum
1385 620 1471 678 snper
1490 622 1540 661 uos
1560 605 1675 675 eadunt,
1692 605 1844 678 omnisque

94 691 208 749 Sca'oi'aa
230 693 372 765 designat,
388 693 451 748 aliis
472 693 503 747 in
521 693 688 751 fortitudine
710 694 877 750 fortioribus
894 710 944 749 eos
996 692 1122 749 Ecclesia
1144 710 1196 765 ρετ
1222 710 1271 750 eos
1294 695 1405 764 erescit,
1421 694 1489 767 quia
1504 694 1582 767 quod
1598 695 1711 766 justum
1728 696 1770 749 est
1785 710 1844 749 non

94 780 345 853 subsequentibus,
370 781 402 835 in
431 780 536 853 quibus
559 780 693 837 homines
719 782 838 854 quidam
862 782 944 839 recti·
996 782 1128 849 clamant,
1154 782 1304 855 legemque
1326 783 1489 850 destruant,
1514 783 1757 854 quemadmodum
1781 781 1842 854 lupi

95 870 225 925 tudinem
245 870 428 941 inspicientes
449 870 702 943 supradictamque
724 871 869 927 levitatem
890 870 943 928 de·
997 886 1085 942 agnos
1118 872 1266 939 devorant,
1300 876 1386 943 atque
1414 871 1445 926 io
1477 872 1594 943 crapula
1622 887 1737 926 voraces
1765 874 1842 937 sunt,

96 962 237 1030 ponentes
251 958 286 1013 ad
308 958 450 1031 justitiam
465 976 495 1014 se
517 964 694 1016 convertent.
716 961 830 1018 lustitia
846 962 943 1033 itaque
999 960 1196 1033 adulteriaque
1208 960 1421 1033 quamplurima
1437 964 1614 1032 perpetrant,
1631 965 1660 1015 et
1673 963 1791 1031 propter
1806 963 1845 1015 ta·

95 1046 131 1100 ab
144 1047 339 1102 incarnatione
354 1048 418 1103 Fuit
433 1046 484 1102 llei
498 1063 551 1119 per
572 1048 698 1120 plurima
718 1049 860 1105 curricula
879 1050 943 1106 die·
998 1044 1036 1099 lia
1057 1052 1171 1117 paccata
1192 1045 1300 1118 absque
1325 1044 1520 1101 misericordia
1550 1060 1602 1099 nos
1626 1043 1765 1115 judicant.
1788 1044 1843 1099 Ra·

94 1149 158 1189 rum
176 1135 211 1190 ad
225 1136 334 1190 excelsa
358 1135 515 1191 sanctitatis
535 1136 614 1191 velot
632 1152 686 1208 per
699 1136 836 1209 quasdam
854 1136 943 1191 scalas
997 1138 1093 1205 ptores
1117 1134 1204 1190 etiam
1236 1134 1419 1191 ecelesiarum
1452 1138 1529 1204 sunt,
1555 1138 1585 1190 at
1611 1150 1663 1205 per
1693 1133 1844 1189 avaritiam

93 1222 126 1277 in
146 1222 202 1278 tide
223 1223 364 1278 calholica
387 1224 525 1289 ascendit,
546 1223 670 1295 etquasi
692 1223 848 1295 purissimo
872 1240 943 1280 auro
998 1238 1177 1296 quacunque
1202 1228 1321 1296 possunt
1348 1222 1521 1295 deglutiunt,
1549 1228 1634 1296 atque
1657 1238 1722 1279 eum
1742 1221 1844 1277 officiis

93 1312 236 1366 bonorum
260 1328 380 1384 operum
404 1312 519 1384 perlusa
544 1317 574 1367 et
594 1313 758 1384 perlucida
783 1313 815 1369 in
842 1314 943 1369 eadem
998 1312 1057 1367 suis
1077 1328 1131 1369 uos
1156 1328 1297 1385 pauperes
1319 1317 1347 1368 et
1370 1328 1476 1384 egenos
1497 1312 1614 1378 laniant,
1632 1327 1664 1366 aa
1683 1328 1712 1365 se
1725 1310 1802 1381 ipsos
1817 1313 1845 1364 et

93 1401 150 1455 tide
170 1400 285 1467 etlulsit,
303 1416 355 1457 nec
371 1402 430 1457 nlla
452 1402 623 1473 indignitate
644 1418 799 1474 pravorum
823 1419 943 1476 operum
999 1417 1051 1456 noa
1065 1401 1271 1457 contaminant.
1293 1400 1475 1473 Quapropter
1487 1400 1567 1471 justo
1581 1399 1688 1471 judicio
1710 1398 1845 1470 dijudice-

93 1488 213 1557 sorduit,
230 1489 280 1545 sed
301 1488 476 1545 invincibilis
499 1490 632 1562 perstitit.
659 1490 765 1547 Diebus
786 1496 882 1547 antem
905 1493 942 1547 il·
998 1506 1062 1545 mas
1083 1495 1112 1545 et
1130 1490 1288 1546 dividamus
1310 1505 1359 1546 eos
1375 1490 1443 1561 quia
1468 1489 1633 1545 seductores
1650 1489 1742 1559 magis
1757 1502 1844 1559 quam

93 1576 140 1646 lis,
154 1577 283 1649 inquam,
309 1577 438 1647 plurima
459 1578 639 1650 longitudine
664 1581 813 1652 usquead
839 1596 944 1652 supra·
962 1618 984 1673 B
999 1578 1128 1635 doctores
1151 1578 1295 1646 existant,
1328 1582 1357 1633 et
1379 1579 1433 1634 hoe
1456 1578 1543 1633 etiam
1569 1577 1674 1633 idcirco
1707 1576 1846 1631 iaciamus

94 1666 185 1722 dictos
208 1666 360 1722 muliebris
383 1666 506 1722 latitatis
529 1667 591 1723 dies
613 1668 774 1738 transactis,
796 1669 826 1724 in
842 1670 944 1726 eadem
998 1683 1034 1723 ne
1056 1682 1217 1739 pereamus,
1240 1666 1379 1740 quoniam
1408 1668 1432 1722 si
1459 1666 1498 1723 sic
1522 1665 1776 1737 perseveraverint,
1803 1669 1846 1719 to·

94 1755 152 1811 ssde
181 1771 234 1827 per
273 1756 411 1827 quasdam
443 1756 595 1811 descensus
623 1757 834 1828 indignationes
859 1758 946 1830 coepit
996 1762 1056 1812 tam
1080 1756 1228 1828 regionem
1252 1755 1305 1811 sibi
1328 1756 1506 1828 subjiciendo
1528 1755 1739 1812 disturbabant.
1766 1755 1847 1810 Nunc

95 1843 238 1909 inclinari,
264 1847 294 1899 et
316 1844 488 1915 quibusdam
514 1844 639 1899 tenebris
653 1845 804 1917 injustitiae
825 1846 942 1903 obtene·
997 1850 1093 1901 aulem
1109 1845 1238 1901 dinanius
1257 1844 1310 1914 eis,
1329 1846 1408 1918 qood
1425 1845 1581 1900 secundum
1600 1845 1708 1916 justam
1732 1842 1846 1915 religio-

94 1933 182 1989 brari.
209 1934 279 1987 Nam
299 1932 411 2004 justitia
425 1936 454 1987 et
476 1933 611 1989 honestas
632 1949 757 2003 morum,
776 1940 944 2008 caeteraeque
998 1918 1065 1989 nem
1087 1934 1217 1989 habitum
1232 1939 1261 1990 et
1279 1934 1407 1990 officium
1432 1951 1517 1990 suum
1543 1934 1717 2005 compleant,
1745 1948 1846 2003 quem·

95 2022 250 2092 dignitates
275 2022 414 2076 virtutum
438 2038 455 2077 a
477 2021 578 2077 diebus
601 2021 702 2078 diluvii
723 2023 756 2078 ia
778 2024 945 2082 hominibus
999 2023 1155 2079 admodum
1176 2022 1288 2096 antiqui
1316 2026 1414 2079 Patres
1442 2022 1493 2078 illa
1520 2021 1742 2091 constituerunt,
1766 2021 1848 2075 vela

95 2111 234 2183 paulatim
257 2116 417 2179 creverant,
443 2115 471 2165 et
496 2110 531 2166 ad
546 2110 661 2183 fastigia
679 2127 731 2166 sua
743 2114 883 2184 paulatim
896 2130 945 2168 as·
999 2110 1081 2168 nobis
1106 2110 1251 2181 recedant,
1274 2115 1303 2167 et
1323 2128 1356 2167 ea
1378 2128 1442 2183 quae
1459 2111 1568 2167 habeut
1588 2110 1762 2182 relinquant.
1781 2110 1848 2166 llaa

95 2199 254 2255 cendernnt
274 2214 364 2271 usqne
385 2199 421 2254 ad
446 2197 506 2254 iiics
527 2199 746 2271 prophetaram,
763 2201 813 2273 qui
827 2202 891 2258 illas
905 2203 945 2257 ita
999 2204 1026 2255 ct
1052 2200 1097 2255 his
1117 2198 1224 2255 similia
1256 2200 1354 2256 divino
1384 2200 1495 2271 judicio
1524 2200 1637 2255 excitati
1668 2199 1723 2253 illis
1743 2198 1849 2253 aeriter

96 2288 363 2354 corroboraverunt,
388 2291 422 2342 nt
444 2286 603 2342 marimum
635 2288 818 2359 splendorem
854 2306 944 2363 usque
998 2292 1170 2359 proponent,
1186 2292 1273 2361 atqua
1296 2306 1383 2361 super
1401 2305 1449 2344 eos
1471 2288 1613 2345 irruentes
1628 2288 1741 2343 dicent:
1765 2287 1848 2343 «No-

96 2377 131 2433 ad
146 2377 250 2432 Filium
274 2375 325 2432 llei
343 2376 455 2431 darent.
480 2378 513 2431 Et
532 2377 635 2433 deinde
655 2377 685 2433 in
707 2379 845 2449 apostolis
859 2385 944 2434 coete-
999 2376 1095 2431 lunius
1108 2377 1159 2431 hos
1175 2392 1297 2448 regnare
1312 2392 1399 2449 super
1414 2392 1475 2446 nos,
1492 2392 1557 2432 eum
1574 2374 1699 2449 praediis,
1718 2379 1746 2430 et
1760 2374 1846 2446 agris,

96 2466 193 2536 risque
213 2465 379 2521 doctoribus
401 2479 453 2537 per
473 2465 629 2535 plurimam
650 2465 862 2536 longitudinem
886 2468 945 2523 die·
999 2468 1027 2519 et
1040 2464 1159 2537 reliquis
1180 2465 1366 2520 saecularibus
1388 2464 1485 2532 rebus,
1510 2481 1596 2537 super
1610 2480 1681 2537 quas
1702 2463 1848 2535 principes

95 2570 162 2610 rum
182 2554 213 2609 in
236 2553 338 2610 eadem
371 2552 512 2625 dignitate
544 2556 573 2609 et
593 2553 747 2625 splendore
770 2555 947 2612 durarerunt
998 2552 1147 2608 constituti
1171 2568 1280 2609 sumus.
1298 2574 1312 2605 s
1330 2554 1362 2609 Et
1383 2553 1528 2625 quomodo
1544 2553 1625 2609 decet
1644 2551 1846 2607 uttonsianm

97 2660 187 2715 usque
201 2644 261 2699 tere
280 2643 315 2699 nd
337 2647 433 2698 ortam
447 2642 560 2713 praelati
574 2643 718 2698 secularis
734 2638 850 2715 judicis,
876 2662 946 2703 moe-
998 2641 1079 2697 stolis
1102 2642 1260 2697 et·casulis
1284 2642 1343 2697 suis
1366 2643 1463 2713 plures
1486 2641 1593 2697 milites
1619 2646 1647 2696 et
1661 2641 1745 2712 plura
1766 2652 1847 2695 arma

96 2732 169 2787 chire
192 2732 284 2803 magis
307 2747 393 2803 quam
413 2731 527 2786 timoris
548 2731 598 2786 llei
620 2732 749 2799 cultoris,
772 2738 839 2788 ante
863 2735 945 2805 cujus
999 2746 1087 2802 quani
1103 2747 1155 2786 nos
1169 2730 1313 2786 habeant?
1327 2730 1383 2787 Sed
1407 2734 1436 2786 et
1459 2746 1530 2785 num
1550 2730 1723 2787 conreuiens
1746 2732 1799 2793 est,
1815 2731 1849 2782 ut

98 2820 212 2876 initium
236 2820 375 2892 paulatim
397 2820 560 2875 decrescere
581 2824 609 2875 et
634 2820 671 2875 nd
692 2821 833 2876 deteriora
859 2822 945 2878 incli-
998 2818 1118 2875 ctericus
1142 2820 1225 2875 miles
1253 2821 1300 2891 sit,
1317 2824 1346 2875 et
1370 2820 1453 2875 miles
1476 2818 1613 2875 aleriensi
1635 2818 1715 2875 Unde
1738 2817 1848 2874 abstra-

98 2910 165 2965 nari
181 2914 341 2980 caeperunt,
359 2909 434 2964 sicut
458 2909 545 2965 etiam
561 2924 576 2963 a
594 2907 703 2964 diluvio
721 2924 813 2981 usqae
828 2909 864 2964 ad
878 2926 945 2981 pro·
965 2908 1102 2970 chamus
1117 2908 1159 2965 eis
1180 2910 1256 2981 quod
1272 2926 1331 2965 non
1347 2914 1423 2964 recte
1446 2910 1496 2965 sed
1517 2908 1624 2981 injuste
1646 2908 1761 2965 habent.
1778 2905 1848 2963 iiiii-

98 2999 197 3071 phetas
220 2998 360 3070 paulatim
383 3013 498 3053 sursum
519 2998 718 3054 ascenderant.
738 2997 946 3054 Adiebusau·
1000 3002 1102 3071 genter
1126 3002 1222 3053 autem
1252 2997 1467 3054 consideremus
1491 2998 1560 3070 quid
1584 3013 1651 3053 cum
1682 3010 1787 3067 magna
1808 2993 1849 3049 di·

97 3094 156 3143 tem
172 3088 300 3159 eJusdem
315 3086 420 3159 judicis
443 3087 524 3142 radix
539 3086 701 3159 iniquitatis
716 3102 749 3142 ac
767 3086 872 3142 oblivio
883 3088 947 3159 jus-
1001 3088 1140 3143 scretione
1164 3103 1217 3158 pro
1247 3086 1400 3143 animabus
1424 3088 1624 3144 detunctorum
1647 3085 1776 3141 oblatum
1800 3082 1847 3152 sit,

97 3177 170 3232 titire
184 3182 214 3234 et
235 3176 393 3233 honestatis
411 3180 481 3231 ortae
504 3180 580 3241 sunt,
606 3192 672 3247 quo
694 3175 736 3231 ita
756 3192 785 3231 se
799 3176 947 3233 dilatando
1001 3182 1030 3233 et
1045 3176 1115 3233 illud
1139 3176 1180 3232 eis
1203 3176 1411 3249 relinquamus,
1436 3176 1575 3249 quoniam
1596 3177 1652 3232 hoc
1675 3173 1776 3247 rapina
1791 3188 1848 3227 non

98 3270 127 3320 et
141 3265 328 3337 propagando
350 3264 433 3337 quasi
458 3264 488 3318 in
511 3264 646 3319 muliebri
665 3264 812 3320 debilitata
834 3280 948 3335 procas·
1001 3269 1053 3321 est.
1084 3264 1272 3336 Omnipotens
1300 3264 1378 3321 enim
1405 3266 1489 3321 Pater
1517 3268 1592 3321 recte
1614 3263 1711 3320 dirisil
1737 3261 1845 3326 omnio,

98 3358 197 3409 serunt
219 3354 367 3421 usquead
391 3353 482 3408 alium
498 3357 638 3408 rectorem
661 3352 801 3427 spiritalis
821 3354 948 3409 nominis
1002 3354 1104 3409 caelum
1118 3354 1224 3408 scilicet
1237 3354 1408 3420 coelestibus,
1429 3356 1536 3409 terram
1559 3368 1627 3408 nero
1649 3350 1848 3415 terrestribos;

98 3446 281 3513 gestatorem,
306 3443 357 3514 qui
378 3440 563 3514 prudentiam
586 3444 617 3496 et
636 3441 777 3496 malitiam
805 3442 948 3513 serpentis
1001 3445 1088 3514 atque
1102 3442 1156 3496 hoc
1177 3442 1264 3497 modo
1282 3442 1361 3514 justa
1381 3442 1483 3497 divisio
1505 3442 1581 3497 inter
1603 3442 1678 3497 illios
1698 3438 1848 3496 liominum

97 3531 217 3597 habuit,
242 3546 329 3602 quem
349 3529 491 3600 judicium
524 3528 576 3583 Dei
599 3529 712 3584 occidit.
739 3530 772 3584 ln
792 3530 947 3600 cujasdie·
1002 3528 1047 3596 sit,
1080 3529 1213 3585 videlicet
1238 3530 1315 3602 quod
1341 3530 1482 3601 spiritales
1511 3531 1642 3586 homines
1668 3544 1701 3584 ea
1730 3528 1847 3595 habent,

98 3620 152 3676 bus
173 3619 292 3690 praelata
314 3617 461 3690 iniqnitas,
484 3622 571 3689 atque
594 3618 749 3689 superllure
768 3618 949 3674 consuetudi·
1002 3631 1067 3688 qnm
1083 3616 1117 3671 ad
1138 3616 1214 3687 ipsos
1236 3617 1404 3689 respiciunt,
1427 3618 1576 3673 saculares
1599 3622 1695 3673 autem
1718 3616 1768 3670 illa
1783 3629 1849 3686 quai

98 3707 294 3763 nesiitiorum
311 3705 465 3761 hominum
490 3722 543 3777 per
568 3705 695 3760 divinam
707 3706 947 3762 examinationem
1002 3704 1044 3760 eis
1071 3707 1254 3775 conveniunt,
1281 3706 1321 3762 ita
1350 3712 1381 3763 ut
1409 3710 1511 3762 neutra
1535 3722 1600 3778 pars
1624 3706 1746 3761 istorum
1762 3703 1848 3758 aliem

98 3796 134 3851 ad
157 3792 358 3865 purgationem
391 3798 539 3866 caeperunt
562 3793 744 3861 incalescere,
770 3799 799 3850 et
826 3794 946 3865 fervere,
1001 3809 1054 3865 per
1077 3794 1210 3865 rapinam
1234 3794 1390 3867 opprimat.
1408 3796 1483 3850 Dens
1499 3794 1616 3867 quidem
1632 3809 1691 3849 non
1712 3791 1850 3864 praecepit

98 3890 185 3956 atque
204 3898 322 3953 spumas
336 3883 450 3954 ejicere.
467 3883 546 3939 Unde
564 3887 593 3938 et
607 3888 666 3938 tam
687 3884 790 3938 acriter
805 3888 833 3939 et
847 3885 947 3941 acerbe
1002 3887 1034 3938 nt
1048 3882 1144 3937 tunica
1158 3888 1187 3938 et
1202 3884 1321 3955 pallium
1337 3883 1419 3939 alteri
1435 3882 1495 3938 tilio
1510 3882 1637 3950 daretur,
1655 3886 1683 3937 et
1702 3883 1775 3937 alter
1791 3896 1849 3935 nn-

99 3988 177 4029 nunc
197 3971 338 4041 colantur,
364 3978 393 4028 et
414 3972 556 4043 aspumis
578 3973 638 4028 sais
656 3978 827 4045 purgantur,
844 3978 876 4029 nt
893 3973 947 4029 ho·
1001 3972 1055 4027 dus
1070 3976 1241 4039 remaneret,
1257 3973 1306 4028 sed
1323 3972 1409 4043 jussit
1432 3976 1464 4028 ut
1489 3972 1536 4027 isti
1556 3970 1685 4043 pallium,
1709 3969 1751 4027 illi
1774 3967 1849 4023 tuni-

100 4063 192 4119 mines
214 4062 245 4117 in
270 4062 406 4132 periculis
424 4062 486 4117 istis
507 4078 613 4133 magno
636 4078 759 4118 moerore
784 4067 810 4116 et
831 4063 947 4119 tristitia
1001 4076 1034 4115 ea
1058 4060 1243 4116 tribueretur.
1275 4048 1398 4117 Palliurn
1424 4062 1521 4147 ilaqip
1549 4060 1700 4116 saculares
1732 4061 1850 4131 propter

98 4156 344 4206 commoveantur.
369 4150 424 4206 Sed
449 4150 511 4205 dies
534 4152 666 4206 moeroris
685 4155 714 4207 et
731 4150 853 4206 tristitiie
874 4168 945 4207 noa-
1004 4149 1203 4221 amplitudinis
1223 4150 1368 4205 saecularis
1387 4165 1472 4217 ciirae,
1493 4154 1522 4205 et
1545 4153 1663 4221 propter
1686 4147 1759 4203 illios
1782 4161 1849 4201 suos

100 4241 169 4296 dum
185 4240 298 4295 adsunt.
966 4212 1055 4312 ”qui
1071 4254 1185 4310 semper
1205 4242 1335 4295 creseunt
1349 4244 1378 4295 et
1399 4240 1628 4311 multiplicantur
1646 4239 1785 4305 babeant3
1803 4239 1849 4291 tu·

99 4345 173 4414 Quia
188 4362 329 4428 supernus
339 4345 433 4415 juga
455 4344 667 4418 querimoniam
692 4345 812 4416 puppim
830 4346 948 4404 mim
1003 4328 1067 4383 nica
1090 4345 1156 4383 vero
1180 4328 1302 4400 spiritali
1323 4329 1431 4401 populo
1456 4329 1636 4396 concedatur,
1665 4344 1701 4382 ne
1724 4328 1755 4381 in
1774 4326 1851 4381 victu

133 4417 303 4499 suspiciens,
321 4417 479 4473 vindictam
500 4434 585 4472 annm
594 4433 692 4499 super
708 4418 949 4499 prevaricatores
1004 4417 1096 4473 autin
1112 4417 1378 4487 vestitudeliciant,
1393 4423 1421 4473 et
1443 4418 1659 4489 neplusquam
1682 4430 1797 4471 necesse
1813 4413 1851 4469 sil

134 4489 287 4560 “ultimi“l
302 4488 575 4560 ‘imminetulm
588 4504 705 4559 ’ΝΜ
719 4489 854 4545 Ecfllfflae
872 4505 948 4560 W·
1003 4506 1178 4579 possideant.
1203 4507 1384 4577 Quapropter
1408 4506 1573 4576 judicamus
1600 4509 1628 4561 ot
1656 4504 1790 4575 eligimus
1818 4505 1850 4556 iit

134 4559 212 4623 lotos
227 4578 281 4631 per
296 4560 390 4615 multo
416 4559 660 4616 incommodorum
682 4559 795 4639 judicto
822 4560 948 4630 inducet,

134 4631 223 4685 donec
245 4630 341 4685 debito
358 4630 571 4712 examinatione
585 4630 716 4755 perpati
740 4648 798 4714 per·
808 4634 948 4712 paeniten-
1244 4683 1248 4693 ,
1463 4684 1468 4695 ,
1528 4683 1534 4695 ,
1616 4681 1647 4694 ,.
1695 4682 1699 4693 .
1772 4679 1777 4691 .

134 4701 207 4756 stam
229 4701 416 4782 resp-piscant
440 4704 469 4757 ,p
488 4718 532 4757 m
550 4717 584 4757 0,
604 4717 620 4756 0
642 4717 765 4784 qma,
786 4704 819 4758 5„
835 4701 949 4757 recum,
1003 4681 1302 4755 ubicunqaepaltium
1326 4699 1392 4739 cum
1406 4687 1504 4738 tunica
1527 4699 1557 4737 in
1580 4682 1756 4754 spiritalibus
1770 4696 1850 4735 inre·

134 4771 362 4828 dinerertitatas
386 4771 425 4827 od
447 4772 579 4829 bonorem
593 4772 746 4845 dipni'loti's
760 4787 818 4829 sna
828 4778 948 4830 reverte
1002 4772 1083 4827 nitur
1100 4771 1139 4827 ibi
1155 4772 1273 4843 pallium
1284 4772 1478 4839 subtrahatur,
1494 4778 1523 4828 et
1544 4770 1740 4842 indigentibus
1754 4770 1849 4836 detur,

136 4846 193 4897 ‘W-
1003 4876 1038 4915 ne
1059 4876 1111 4932 ρετ
1133 4860 1262 4932 inopiam
1293 4867 1511 4917 consumantur.
1541 4862 1574 4916 Et
1595 4860 1636 4916 sie
1657 4858 1772 4914 tandein
1798 4872 1851 4929 per

135 4949 201 5004 lllll.
221 4946 334 5003 lustitia
356 4947 434 5003 enim
457 4952 610 5021 postquam
634 4950 669 5005 ad
693 4965 851 5021 supernum
868 4950 945 5022 jadi-
1002 4950 1076 5005 lianc
1088 4949 1254 5021 judicialem
1269 4950 1439 5015 sententiam
1454 4950 1554 5005 omnia
1565 4949 1618 5004 ista
1633 4946 1789 5003 secundum
1802 4961 1850 5000 ro-

99 5052 162 5091 cem
186 5036 333 5109 querelam
359 5051 440 5090 suam
455 5040 488 5091 at
509 5052 596 5108 supra
620 5036 728 5092 dietum
743 5042 787 5093 est
800 5037 946 5108 direxerit,
1002 5038 1126 5093 luntates
1145 5054 1209 5093 suas
1231 5038 1367 5111 perlicere
1387 5038 1576 5093 conabuntur.
1598 5035 1654 5093 Sed
1672 5034 1851 5108 pontificales

99 5122 149 5179 ille
170 5140 254 5179 roces
277 5123 469 5195 querimonias
493 5125 556 5196 ejus
581 5125 749 5197 suscipiens,
766 5126 845 5198 justo
865 5126 948 5197 judi·
1001 5126 1165 5198 dignitates,
1192 5142 1349 5200 omnesque
1367 5126 1398 5182 iu
1414 5126 1537 5198 spiritali
1557 5125 1656 5181 habitu
1671 5123 1724 5180 sub
1740 5123 1782 5179 eis
1798 5123 1849 5179 de-

99 5214 143 5269 cio
158 5212 381 5268 suoi-indictam
404 5228 486 5268 suam
510 5229 597 5285 snper
617 5214 850 5285 prevaricatores
865 5216 948 5272 recti·
1002 5220 1113 5286 gentes,
1134 5214 1191 5272 illis
1216 5232 1281 5271 cam
1303 5217 1435 5272 clausura
1463 5214 1528 5271 coeli
1553 5212 1689 5287 primitus
1717 5211 1849 5267 resistere

47 5351 58 5369 ,
99 5301 207 5357 tudinis
229 5306 316 5374 atque
337 5301 521 5372 tyrannidem
537 5302 723 5357 inimicorum
741 5318 842 5358 eorum
860 5319 948 5376 super
1002 5304 1125 5360 multum
1150 5304 1328 5361 laborabunt.
1353 5304 1408 5360 Sed
1433 5320 1497 5360 cum
1518 5303 1635 5359 tandem
1649 5299 1850 5374 praesenserint

100 5404 150 5444 eos
169 5389 293 5462 grassari
316 5390 473 5462 permittet,
497 5390 538 5446 sia
560 5390 597 5447 ad
621 5390 743 5447 invicem
764 5391 945 5449 dicentium:
1002 5394 1079 5466 quod
1099 5408 1151 5449 nec
1174 5399 1312 5466 potestate
1337 5394 1455 5465 ligandi,
1475 5408 1527 5448 nea
1546 5392 1686 5457 solvendi,
1710 5405 1763 5444 nec
1781 5406 1847 5446 con·

100 5498 116 5531 a
137 5478 272 5545 Quandiu
291 5494 409 5552 rapaces
427 5480 511 5553 lapos
533 5480 602 5538 istos
623 5481 770 5554 patiemur
787 5487 817 5538 et
842 5483 947 5538 tolera·
1001 5483 1160 5539 tirmationo
1175 5484 1353 5540 oblationum
1378 5499 1506 5549 suarum,
1530 5498 1584 5538 nea
1609 5480 1730 5553 strepitu
1752 5495 1847 5536 armo·

1003 4595 1101 4650 omnia
1122 4611 1186 4666 quae
1207 4595 1343 4667 praedicta
1366 4601 1434 4651 sunt
1458 4600 1532 4650 reete
1558 4594 1737 4659 dividantur;
1764 4596 1850 4663 atque
