3984 6034
101 225 156 284 ars
727 181 915 283 smvms'-
935 223 1001 281 nm.
1021 221 1058 293 11,
1078 222 1169 282 visio
1190 223 1234 278 iv.
1806 226 1858 282 na

101 361 212 420 dotoin
230 361 339 435 Spiritu
361 365 469 417 sancto.
493 359 664 427 Quomodo?
687 359 739 420 ilie
751 377 840 418 sonus
858 360 894 417 de
908 377 955 417 me
972 363 1147 434 Apotestato
1171 377 1223 416 trra
1249 377 1279 418 se
1298 360 1404 416 habere
1424 365 1559 433 putantes
1581 363 1738 435 autequam
1761 377 1812 418 eos
1826 359 1859 416 iu
1893 437 1902 457 ι

102 454 190 508 Patre
210 468 263 524 per
285 450 390 508 Filium
415 465 511 505 meum
533 451 563 504 in
585 455 683 506 sancto
705 451 815 522 Spiritu
829 450 857 506 ei
872 451 955 506 datus
1010 455 1106 506 mente
1132 451 1259 522 ipsorum
1282 449 1431 522 contingat
1455 456 1484 504 et
1506 451 1593 506 ullam
1622 450 1681 506 rim
1707 449 1785 506 illius
1806 451 1857 506 ob·

101 546 165 606 est;
183 542 233 613 qui
245 545 288 595 est
307 556 359 596 rox
382 540 411 595 in
434 539 497 610 ipsa
520 555 660 594 resonans
683 539 765 612 quasi
783 541 852 595 tuba
868 540 898 594 in
913 539 954 594 ci·
1009 539 1129 593 tineent.
1146 539 1202 595 etii
1221 543 1317 594 autom
1334 539 1465 594 infirmos
1479 539 1578 594 oculos
1600 540 1651 594 sed
1665 540 1754 594 lortes
1770 538 1858 610 pedes
1936 572 1941 578 ι

101 629 203 685 ritate.
221 629 497 684 Etaliomodonon
520 629 666 699 loqrritur3
690 629 746 683 nisi
773 629 813 683 sic
835 629 866 683 in
886 628 954 683 liliis
1009 626 1126 694 babent,
1154 633 1183 683 et
1204 635 1300 682 tamen
1329 643 1424 682 coram
1454 627 1553 682 eadem
1578 627 1704 699 imagine
1727 627 1859 683 debiliter

102 717 174 772 suis.
191 718 373 788 Quapropter
396 723 425 771 et
444 717 484 771 ita
502 715 674 771 fortissimus
695 717 768 772 Deus
782 717 955 772 admonetur
1010 717 1173 784 ambulant;
1206 716 1342 788 quoniam
1375 715 1430 786 ipsi
1453 715 1578 771 debilem
1607 715 1796 772 intentionem
1823 715 1858 770 ed

102 822 158 876 per
182 806 285 862 Filium
308 821 393 860 sunm
415 810 447 859 ut
460 805 691 877 pareatpeccatis
707 805 869 872 bominum,
889 819 955 877 qum
1010 804 1204 875 opusbonum
1217 807 1325 872 tenent,
1341 819 1407 860 oum
1423 803 1576 860 iortiteriu
1592 803 1728 876 operibus
1740 803 1859 874 justitia

102 898 225 964 propter
238 893 436 965 paenitentiam
451 893 512 947 sine
527 891 687 963 perditione
703 893 853 948 toleranda
875 898 954 959 sunt,
1009 893 1142 949 incedere
1170 885 1324 962 deberent3
1350 893 1400 948 sed
1426 893 1456 948 in
1480 892 1677 948 ecclesiasticis
1700 892 1858 948 institutio·

102 982 175 1052 quie
188 982 252 1052 ipse
276 981 363 1037 Filius
385 981 435 1036 liei
456 981 668 1035 humanitatem
686 981 749 1036 sine
774 984 889 1052 peccato
909 997 954 1035 as·
1011 981 1096 1037 nibus
1119 981 1288 1054 simpliciter
1308 997 1367 1038 non
1390 987 1520 1050 currunt,
1545 982 1613 1053 quia
1638 981 1730 1052 magis
1745 981 1780 1036 ed
1802 986 1859 1034 ter·

103 1069 238 1141 sumpsit.
263 1070 317 1135 out
349 1085 406 1123 nou
429 1069 529 1123 debuit
549 1068 631 1123 indui
652 1069 762 1139 polluta
781 1085 866 1124 carue
891 1085 957 1140 qum
1011 1085 1081 1125 rena
1104 1084 1191 1142 quam
1227 1071 1264 1126 ad
1294 1069 1419 1126 coelestin
1446 1075 1572 1124 mentem
1598 1069 1707 1139 tlgunt;
1737 1077 1767 1122 et
1794 1066 1859 1122 ideo

102 1157 389 1228 desemiuepeecati
413 1161 625 1226 conceptaest;
652 1158 788 1228 qnoniam
812 1159 885 1213 Deus
905 1157 956 1228 ju·
1010 1159 1087 1230 apud
1111 1160 1199 1214 deum
1233 1159 1312 1214 stulti
1337 1163 1413 1226 snut,
1442 1158 1580 1228 quoniam
1611 1173 1664 1228 per
1693 1157 1859 1212 saecularem

103 1252 233 1312 stnsest,
249 1251 279 1300 et
313 1245 382 1316 quia
404 1244 543 1316 splendor
565 1244 687 1300 caelestis
711 1246 794 1316 regni
817 1261 876 1300 non
891 1249 955 1298 tau·
1011 1246 1196 1318 prudentiam
1229 1245 1472 1317 conlprehendere
1500 1246 1600 1300 volunt
1628 1245 1706 1316 quod
1745 1243 1860 1314 assequi

103 1335 184 1404 gitur
212 1334 271 1388 ulla
295 1334 408 1388 inacula
426 1333 525 1388 sordis.
557 1334 589 1387 tit
609 1335 756 1404 quomodo
777 1349 839 1388 esse
862 1338 957 1404 possut
1011 1349 1070 1390 nou
1091 1339 1221 1404 ponunt.
1252 1333 1307 1389 Sed
1332 1349 1365 1388 er
1387 1333 1423 1387 iis
1447 1349 1511 1404 qnae
1536 1331 1618 1388 illum
1654 1331 1802 1386 turbidum
1832 1335 1860 1384 et

104 1429 139 1477 ut
153 1423 241 1478 bomo
256 1423 306 1494 qni
321 1422 462 1476 immensa
476 1422 603 1476 loeditate
618 1423 777 1476 maculatus
791 1427 834 1477 est
852 1437 954 1494 super·
1012 1423 1136 1478 rubeum
1157 1423 1298 1495 fulgorem
1324 1421 1487 1494 inspiciunt,
1514 1421 1562 1475 alii
1589 1421 1619 1476 iu
1644 1419 1761 1491 praelata
1785 1421 1858 1474 imu-

104 1527 178 1566 num
204 1526 326 1582 reguum
348 1510 478 1578 intraret,
505 1509 562 1564 nisi
586 1526 639 1581 per
663 1509 766 1566 Filium
783 1527 879 1566 meum
894 1510 956 1564 sine
1011 1510 1077 1582 gine
1100 1511 1173 1566 bena
1189 1511 1284 1566 ornati
1297 1511 1409 1565 lortiter
1430 1510 1584 1578 incedunt;
1601 1509 1669 1582 quia
1688 1509 1741 1564 ista
1757 1523 1859 1580 quem·

104 1599 193 1654 sorde
214 1599 417 1654 incarnatum?
442 1597 493 1670 qui
522 1605 684 1669 peccatores
712 1599 831 1671 suscipit
847 1601 878 1654 in
894 1615 955 1670 poe·
1011 1598 1053 1654 vis
1081 1603 1196 1654 terrena
1214 1598 1388 1672 possideant,
1409 1603 1506 1654 tamen
1528 1597 1559 1654 in
1588 1597 1745 1652 visceribus
1765 1596 1861 1652 Eccle-

104 1688 231 1743 nitentia
252 1692 399 1759 purgatos.
426 1688 457 1742 lit
482 1687 546 1757 quis
569 1692 665 1758 posset
696 1687 751 1742 buc
782 1688 875 1744 iacere
902 1688 956 1742 nisi
1011 1687 1061 1742 site
1087 1692 1221 1743 ornatum
1251 1686 1384 1742 laborum
1402 1701 1522 1741 suorum
1543 1689 1701 1758 portantes,
1717 1685 1747 1738 in
1764 1683 1862 1738 divina

104 1777 203 1832 Deus?
230 1777 308 1832 Unde
323 1781 352 1831 et
376 1775 498 1831 Ecclesia
524 1776 560 1830 ad
582 1775 658 1831 lilios
681 1793 749 1832 suus
767 1777 955 1847 convertitur,
1010 1776 1072 1847 lege
1099 1776 1201 1846 pedem
1229 1773 1410 1830 rectitudinis
1435 1789 1543 1844 ponere
1570 1789 1626 1828 non
1656 1771 1859 1843 dedignentur,

103 1869 135 1918 et
149 1879 198 1918 eos
209 1868 340 1918 materna
353 1863 505 1917 dilectione
520 1863 606 1918 luvet.
1010 1881 1076 1922 oum
1107 1865 1248 1920 mandatis
1286 1863 1338 1920 Dei
1371 1863 1539 1919 obedientes
1573 1864 1742 1935 peregrinos
1774 1859 1862 1914 susci·

141 1951 197 2006 Sed
212 1952 290 2023 qnod
314 1951 392 2005 rides
411 1951 491 2022 qrrud
510 1967 544 2004 ex
569 1951 712 2023 praedietis
736 1952 894 2008 intentione
907 1952 956 2009 alii
1011 1955 1103 2026 pinnt‚
1127 1955 1221 2010 nudos
1249 1951 1385 2020 vestiunt,
1400 1957 1429 2008 et
1450 1949 1610 2006 esurientes
1622 1951 1713 2005 alunt.
1732 1949 1754 2004 Ο
1771 1963 1859 2020 quam

103 2040 262 2111 quemdam
281 2055 388 2111 purum
404 2044 432 2094 et
446 2039 573 2094 lucidum
593 2041 787 2111 splendorem,
813 2042 863 2096 alii
889 2057 956 2097 vero
1010 2043 1106 2099 felices
1128 2041 1175 2098 isti
1197 2039 1276 2111 sunt,
1300 2040 1439 2113 quoniam
1462 2041 1518 2095 huo
1545 2038 1630 2094 modo
1657 2040 1747 2094 boum
1771 2035 1860 2092 susci·

103 2127 262 2200 quemdam
278 2127 424 2184 turbidum
446 2134 476 2182 et
497 2128 621 2184 rubeum
643 2129 785 2201 fulgorem
803 2131 838 2185 ad
860 2132 956 2186 orien·
1009 2131 1104 2203 piuut,
1130 2130 1205 2186 unde
1231 2134 1259 2184 el
1286 2130 1347 2201 ipse
1379 2128 1489 2184 babitnt
1510 2143 1576 2183 cum
1600 2126 1667 2182 illis.
1690 2125 1746 2181 Alii
1763 2131 1859 2180 autem

102 2222 166 2272 tem
189 2222 356 2287 vergentem
384 2215 564 2287 inspiciunt:
594 2220 649 2273 boc
669 2223 712 2274 est
733 2219 812 2290 quod
839 2235 874 2274 ex
891 2220 957 2275 liliis
1010 2236 1042 2275 er
1075 2221 1138 2292 ipse
1163 2219 1333 2291 imagineee
1353 2219 1498 2290 rapientes
1525 2233 1590 2272 earn
1618 2216 1800 2288 impugnant.
1831 2217 1861 2269 et

104 2306 238 2362 Ecclesiae
264 2321 337 2376 quos
382 2305 445 2376 ipsa
474 2305 641 2362 innocentia
679 2307 873 2379 corruptionis
897 2325 956 2363 suae
1009 2311 1177 2364 constitutas
1207 2308 1403 2364 ordinationes
1427 2307 1490 2378 ejus
1513 2305 1698 2378 opprimunt;
1720 2303 1860 2376 quoniam

104 2409 159 2464 per
201 2393 337 2448 virtutem
378 2393 430 2448 liei
460 2398 601 2464 procreat,
639 2395 758 2466 quidam
799 2398 956 2467 puritatem
1008 2397 1050 2468 hi,
1072 2403 1202 2452 materna
1228 2395 1336 2452 viscera
1359 2401 1387 2450 et
1408 2395 1503 2450 drilcia
1532 2395 1709 2450 nutrimenta
1728 2393 1859 2448 Ecclesiae

104 2481 265 2552 spiritualis
296 2482 360 2536 vitm
388 2483 419 2536 iu
441 2482 624 2538 serenissima
652 2484 759 2540 virtute
786 2486 954 2556 fulgentem,
1011 2487 1185 2555 deserentes,
1211 2485 1290 2541 illam
1313 2484 1399 2539 variis
1424 2484 1571 2538 erroribus
1598 2483 1730 2552 inligant,
1753 2486 1782 2537 et
1796 2481 1861 2537 ideo

104 2576 221 2625 terrena
243 2570 351 2625 scilieet
367 2571 582 2640 conculcantes,
607 2577 727 2644 propter
749 2589 876 2628 amorem
898 2574 956 2629 seri
1009 2574 1178 2629 constitutas
1201 2575 1280 2644 leges
1302 2571 1363 2642 ejus
1388 2565 1506 2626 diversis
1528 2569 1765 2642 oppressionibus
1791 2569 1863 2624 dila·

104 2659 176 2714 solis
197 2659 374 2713 attendunt:
398 2659 515 2730 qnidam
535 2666 632 2716 autem
655 2662 785 2716 carnales
808 2662 957 2717 lacnltntes
1010 2663 1105 2729 uisnt;
1122 2663 1158 2718 de
1180 2661 1283 2734 quibus
1313 2661 1430 2732 quidam
1461 2675 1513 2730 per
1535 2659 1661 2714 fructum
1701 2657 1803 2730 primm
1826 2657 1861 2712 ad

104 2764 179 2818 quies
203 2748 293 2802 multa
312 2747 462 2802 diversitas
489 2748 625 2803 vitiorum
660 2750 809 2819 perturbat
844 2750 956 2806 baben·
1010 2752 1101 2824 ipsam
1126 2751 1276 2806 humiliter
1311 2752 1510 2814 revertuntur;
1538 2748 1606 2818 quia
1632 2746 1709 2818 quud
1732 2746 1859 2818 graviter

106 2843 158 2904 tes,
175 2842 203 2890 et
220 2843 316 2890 tamen
340 2835 369 2890 in
384 2841 461 2891 recta
483 2836 539 2891 llde
561 2836 684 2892 lldeliter
706 2837 850 2904 ardentes,
867 2837 955 2895 etiam
1010 2840 1209 2912 deliquerunt,
1235 2839 1321 2910 digne
1346 2836 1511 2908 poenitendo
1530 2839 1650 2907 propter
1679 2833 1858 2889 restauratio·

104 2930 225 2995 propter
243 2939 396 2994 supernam
419 2923 641 2979 retributionem
666 2925 701 2980 ad
730 2932 838 2981 aeterna
862 2927 956 2999 auspi·
975 2926 1153 2996 cnemvitae
1178 2925 1302 2997 graviter
1324 2924 1353 2978 iu
1374 2939 1403 2979 se
1420 2922 1564 2995 puniunt:
1591 2922 1710 2994 quidem
1725 2935 1795 2977 vero
1810 2936 1861 2992 per

104 3014 182 3063 rant.
200 3010 233 3062 Et
255 3025 288 3063 ex
302 3009 338 3063 iis
367 3008 418 3079 qui
440 3007 537 3078 ipsum
552 3025 660 3080 purum
678 3013 708 3064 et
722 3009 848 3066 lucidum
864 3013 957 3083 splen·
1011 3019 1206 3086 contemptum
1229 3012 1427 3068 obdurationis
1451 3013 1482 3066 iu
1501 3011 1627 3067 elatione
1648 3009 1750 3066 mortis
1770 3025 1861 3065 rema-

105 3097 208 3152 dorem
230 3097 414 3152 considerent
435 3097 555 3168 quidem
578 3097 670 3152 claros
697 3099 797 3153 oorrlos
822 3106 851 3154 et
868 3100 957 3156 lortes
1010 3107 1091 3170 nont,
1119 3102 1256 3175 quoniam
1287 3101 1343 3172 ipsi
1375 3101 1463 3156 vitam
1497 3099 1688 3171 negligentes,
1717 3097 1859 3153 obdurato

104 3185 195 3254 pedes
219 3184 336 3250 babent,
359 3199 391 3239 ac
416 3185 447 3238 in
461 3190 561 3240 ventre
580 3184 716 3256 imaginis
731 3190 863 3258 potenter
876 3189 956 3243 ince·
1011 3193 1096 3248 corde
1122 3193 1241 3261 propter
1276 3193 1474 3242 contumacem
1506 3191 1534 3241 et
1555 3185 1785 3257 impoenitentem
1812 3201 1859 3239 ve-

104 3273 187 3342 dunt,
203 3272 272 3344 quia
298 3273 330 3328 bi
354 3289 420 3328 eum
440 3272 566 3329 coelestia
593 3279 738 3330 sectantur
768 3275 797 3330 in
821 3277 957 3332 mandata
1011 3278 1137 3336 cordiam
1156 3278 1297 3350 judicium
1324 3275 1426 3332 mortis
1447 3275 1617 3346 suscipiunt,
1642 3272 1721 3329 utin
1742 3273 1860 3344 mystica

106 3361 267 3416 Doivisnm
285 3360 372 3433 justae
399 3361 638 3418 considerationis
660 3369 690 3418 et
716 3364 956 3422 incessumbunas
1010 3366 1119 3422 visione
1168 3382 1220 3420 sua
1270 3362 1398 3420 Ezechiel
1438 3361 1539 3418 dicit:
1581 3361 1641 3416 ileu
1686 3358 1804 3431 tepebit,
1833 3362 1861 3414 el

104 3450 362 3506 consummationis
382 3456 509 3522 ponunt;
531 3451 572 3505 ita
595 3452 703 3508 scilicet
717 3453 747 3507 in
776 3455 879 3511 intime
893 3473 956 3512 am·
1008 3455 1144 3527 princeps
1172 3453 1307 3512 induetur
1326 3467 1456 3518 mmrore,
1479 3454 1508 3505 el
1531 3464 1638 3506 munuc
1658 3447 1759 3520 populi
1781 3451 1863 3504 terre

104 3539 242 3611 plexione
267 3543 405 3594 materna
428 3538 588 3594 dilectionis
611 3541 792 3598 ambulantes
812 3546 888 3615 quod
904 3562 957 3602 nec
1009 3543 1262 3598 conturbabuntur.
1303 3540 1468 3597 &condem
1501 3538 1579 3594 aiom
1620 3553 1718 3592 eorum
1745 3537 1862 3606 feoiom

105 3629 137 3683 in
165 3627 352 3684 caduniense
380 3626 411 3682 in
436 3629 550 3684 aeternis
571 3629 754 3686 devotionem
778 3649 837 3688 sure
862 3634 956 3692 inten-
1009 3631 1060 3700 eis,
1083 3635 1111 3686 et
1144 3631 1300 3686 secundum
1333 3628 1449 3700 judicio
1492 3641 1591 3682 eorum
1624 3625 1766 3696 judicabo
1801 3641 1861 3695 eor,

105 3715 194 3769 donis
213 3716 359 3770 muniunt.
387 3715 444 3770 Alii
463 3721 561 3772 autem
576 3718 707 3774 intirmos
731 3721 831 3775 oculos
854 3727 885 3776 et
904 3723 957 3778 de·
1009 3723 1038 3776 et
1072 3719 1161 3778 scient
1197 3719 1266 3792 quin
1292 3734 1344 3791 epo
1373 3717 1508 3774 Dominus
1549 3714 1661 3787 (Erech.
1697 3716 1756 3784 vu).
1787 3714 1862 3780 Quid

104 3805 178 3860 biles
197 3805 423 3876 pedeshabeut3
444 3807 583 3877 qnoniam
606 3824 660 3862 nec
684 3809 792 3864 claram
817 3809 956 3866 intentio·
1010 3807 1087 3863 boo?
1109 3808 1214 3863 Anima
1234 3807 1265 3862 in
1287 3821 1345 3879 qua
1367 3805 1471 3876 regalis
1494 3801 1677 3858 rationalitas
1710 3805 1764 3868 eet,
1794 3815 1860 3857 cum

107 3910 175 3948 nem
196 3910 248 3948 nec
268 3893 372 3950 fortem
396 3895 603 3951 exhibitionem
625 3898 660 3952 ad
685 3899 956 3970 opusperiectionis
1010 3895 1230 3952 delectationem
1265 3893 1375 3965 peccati
1401 3892 1500 3947 adesse
1533 3888 1633 3956 seutit;
1658 3887 1727 3961 quia
1749 3889 1860 3944 malum

105 3985 216 4050 tenent,
251 3983 325 4036 unde
351 3983 495 4038 ethuoet
519 3984 588 4040 illuc
616 3994 736 4042 aventu
753 3989 955 4058 projiciuntur,
1011 3985 1097 4054 novit,
1114 3991 1182 4038 tuuc
1197 3984 1349 4055 lugubrem
1365 3994 1514 4036 assensum
1538 3977 1859 4042 assumit.0nomodo'l

105 4073 175 4142 quia
195 4070 226 4126 iu
239 4071 435 4126 diversitatem
458 4089 571 4127 moram
595 4090 647 4144 per
667 4076 760 4129 varias
782 4077 956 4132 tentationes
1009 4074 1081 4139 Quia
1106 4073 1149 4128 illi
1182 4073 1370 4135 rationalitas,
1400 4068 1543 4142 sapientia
1568 4073 1597 4123 et
1621 4067 1739 4121 scientie
1771 4068 1859 4122 allen

105 4161 241 4215 elationis
261 4161 433 4215 tunduntur.
458 4160 512 4215 Sed
538 4165 567 4215 et
584 4160 640 4232 ipsi
656 4164 789 4217 baculum
817 4164 847 4218 in
863 4165 954 4220 mani·
1010 4161 1149 4233 inspirata
1166 4167 1226 4230 est;
1250 4166 1278 4217 et
1300 4160 1365 4216 ideu
1395 4157 1526 4231 quamvis
1556 4155 1671 4226 corpori
1692 4155 1861 4224 consentiat,

105 4250 158 4303 bus
180 4249 240 4302 suis
261 4252 524 4316 tenent,etcoram
554 4248 682 4321 imagine
711 4252 952 4307 volitautaceam
973 4239 1106 4305 litamen
1128 4251 1279 4322 indignum
1313 4249 1398 4304 babet
1433 4248 1552 4312 malurn,
1581 4246 1709 4300 sentiens
1730 4245 1858 4299 hoouou

104 4336 261 4407 nliqrsando
280 4335 329 4389 sed
355 4335 562 4406 tamentepide
584 4337 697 4405 lernnt;
722 4339 862 4409 quoniam
891 4355 956 4395 con·
1010 4353 1072 4394 esse
1100 4339 1218 4395 bonnm.
1249 4339 1328 4394 Unde
1360 4352 1424 4392 oum
1452 4335 1571 4391 dirersis
1610 4333 1780 4390 criminibus
1808 4349 1861 4406 per

105 4431 250 4479 tamarem
279 4423 413 4478 liduciam
437 4423 469 4476 in
495 4424 629 4494 operibus
650 4427 709 4479 suis
732 4432 882 4496 ponentes,
904 4429 954 4482 iic-
1009 4434 1176 4499 operantem
1198 4442 1312 4482 carnem
1336 4423 1492 4496 polluitur;
1508 4424 1564 4478 alta
1580 4422 1705 4492 suspiria
1726 4421 1855 4489 trabeas,

103 4513 198 4566 clasiae
223 4513 274 4567 Dei
295 4512 368 4566 falso
392 4527 508 4566 rumore
527 4529 558 4566 se
579 4513 743 4578 ostendunt,
769 4531 802 4568 ac
825 4531 888 4569 earu
907 4517 956 4571 in·
1009 4517 1124 4572 anhelat
1148 4517 1184 4572 ed
1220 4516 1322 4571 ileum.
1348 4515 1476 4585 Cumque
1499 4511 1688 4566 criminosum
1718 4525 1792 4581 opus
1817 4509 1860 4564 ibi

104 4600 217 4655 tardum
238 4601 287 4654 sed
312 4605 410 4654 tamen
428 4600 603 4671 insipienter
622 4617 676 4672 per
697 4603 865 4658 saecularem
885 4621 954 4676 pru·
1009 4621 1075 4660 cum
1099 4604 1202 4675 spiritu
1228 4601 1371 4674 superbire
1398 4601 1550 4672 impletum
1576 4599 1688 4655 luerit:
1712 4603 1779 4652 tuno
1794 4613 1861 4652 cur-

60 4722 62 4725 ·
103 4690 230 4744 dentiam
254 4692 366 4754 notant,
391 4689 460 4760 quia
480 4703 547 4744 cum
562 4704 614 4760 per
626 4691 722 4745 lictum
739 4691 954 4749 simulationem
1010 4709 1063 4764 pus
1084 4694 1163 4748 velut
1193 4690 1404 4764 ignominiosus
1432 4689 1567 4761 princeps
1596 4686 1734 4742 induetur
1756 4686 1861 4742 conlu-

103 4778 247 4849 sapientes
274 4785 416 4850 apparent
442 4778 474 4832 in
497 4785 654 4848 conspectu
676 4778 845 4848 bominum
875 4781 956 4836 stulti
1009 4781 1101 4847 sione,
1132 4779 1326 4851 principatum
1360 4791 1445 4832 suum
1479 4775 1510 4830 iu
1547 4773 1696 4830 munditiis
1728 4773 1862 4830 videlicet

103 4866 179 4937 apud
205 4868 296 4922 boum
320 4880 372 4937 per
396 4866 514 4920 inanem
535 4866 658 4936 gloriam
678 4867 856 4924 eilloitmtur.
881 4869 954 4934 Qui·
1008 4883 1158 4935 exercens3
1189 4867 1326 4938 quoniam
1360 4870 1392 4920 ut
1418 4863 1503 4918 bomo
1546 4863 1624 4918 dolet
1653 4877 1719 4916 oum
1755 4861 1861 4918 vilibus

103 4957 169 5010 dam
192 4969 260 5010 vero
285 4969 401 5010 serenos
423 4955 519 5010 oculos
544 4956 594 5010 sed
614 4955 772 5011 imbecilles
795 4956 882 5027 pedes
903 4957 954 5011 ba·
1009 4956 1184 5012 vestimentis
1206 4957 1349 5027 operitur;
1376 4953 1415 5009 ita
1442 4954 1530 5010 etiam
1553 4956 1666 5016 moeret,
1697 4967 1764 5008 cum
1784 4951 1860 5006 inla-

101 5046 213 5109 bentes,
239 5052 306 5100 ante
327 5046 407 5100 illam
439 5046 598 5116 imaginem
623 5047 676 5102 bae
697 5051 726 5102 ct
748 5047 815 5102 illoc
836 5047 867 5100 in
887 5063 954 5102 aere
1009 5045 1072 5100 miae
1099 5044 1257 5100 ramerud
1281 5043 1478 5099 conlusionem
1510 5042 1554 5096 sui
1577 5041 1698 5111 abipso
1720 5040 1858 5112 procedit.

102 5140 257 5207 vagantum
283 5133 353 5206 quie
373 5149 440 5188 cnm
457 5133 527 5206 ipsis
550 5135 646 5190 divina
667 5140 811 5206 praecepta
835 5151 888 5206 per
907 5135 952 5191 iu·
1007 5135 1187 5207 Quapropter
1201 5138 1230 5190 et
1241 5149 1329 5205 prava
1344 5149 1433 5204 opera
1452 5132 1569 5186 illorum
1588 5130 1740 5190 bominum
1761 5129 1858 5201 quiin

101 5225 208 5279 tultum
227 5221 466 5279 considerationis
500 5227 570 5278 nota
602 5224 671 5290 sint,
698 5221 728 5278 in
758 5223 832 5294 pede
855 5228 953 5279 mmen
1006 5223 1090 5278 malis
1121 5223 1231 5278 actibus
1249 5222 1308 5277 suis
1325 5221 1360 5276 ed
1388 5226 1494 5276 terram
1521 5220 1660 5290 prostrati
1679 5223 1747 5275 sunt
1767 5235 1783 5274 a
1804 5234 1860 5274 ote·

101 5311 302 5384 completionis
328 5311 530 5372 claudicantes,
564 5312 604 5365 sie
630 5327 743 5382 sponsae
767 5311 872 5367 Christi
899 5327 954 5383 per
1005 5311 1125 5367 lentibus
1158 5311 1325 5383 praeceptis;
1363 5309 1622 5377 conturbabuntur,
1664 5308 1731 5378 quia
1771 5307 1859 5364 vesti-

102 5402 264 5457 disenrsum
309 5400 436 5472 propria».
474 5399 669 5455 instabilitatis
706 5400 950 5467 demonstrantur,
1006 5406 1101 5457 mente
1120 5401 1229 5466 salutis,
1261 5399 1359 5456 idest
1386 5398 1597 5454 beatitudinem
1627 5411 1693 5452 oum
1718 5397 1775 5452 Deo
1799 5412 1859 5456 uon

103 5496 134 5545 nt
158 5490 189 5545 in
222 5490 326 5545 umbra
359 5489 531 5561 sapientiam
562 5492 735 5561 querentes,
770 5505 893 5562 eantque
921 5490 951 5546 in
1005 5491 1129 5558 babent3
1154 5489 1291 5564 quoniam
1322 5487 1426 5560 quibus
1456 5488 1517 5544 hnc
1540 5485 1662 5544 inlicitae
1691 5485 1781 5554 deest,
1806 5485 1859 5542 hos
