3984 6034
109 207 157 260 dil
730 206 875 262 scivias.
893 235 924 246 -
941 207 1004 261 Llll.
1026 207 1062 274 ll,
1084 206 1172 263 visio
1194 208 1236 261 Vl.
1806 213 1858 268 dl'l

106 340 285 413 eordesipse
313 339 459 404 deserens,
478 343 590 396 ametor
605 338 727 412 justitiae
750 341 869 408 Iteisit3
883 357 957 414 quo·
975 341 1061 398 essu
1092 345 1121 398 et
1157 342 1201 398 illi
1232 343 1283 415 qui
1314 343 1367 399 sub
1396 345 1591 402 sacerdotibus
1618 347 1647 404 iu
1676 348 1792 406 servitio
1816 350 1857 404 al-

103 430 186 485 uiem
200 429 232 485 in
251 429 402 484 sanctitate
423 434 606 485 consecratus
629 430 687 486 ileo
708 445 760 484 suo
775 434 827 497 est,
852 429 954 485 ridell·
1009 429 1076 485 turis
1102 431 1159 486 mel
1189 432 1317 504 proxime
1342 433 1515 500 ministrant,
1532 435 1662 506 ejusdem
1678 439 1776 493 risoris
1799 454 1857 494 ma-

103 524 191 574 ceta
224 518 388 574 cunalibus
411 517 646 589 concupiscentiis
678 519 710 573 in
737 519 874 590 operibus
902 533 954 573 ua·
1008 519 1055 573 riti
1075 525 1153 586 suut,
1178 521 1423 592 quemadmodum
1443 522 1520 578 idem
1545 525 1783 583 Paulus‘tidelem
1805 527 1857 582 do·

104 607 252 663 scentiam
274 607 402 663 liliorum
427 606 594 663 abstractus.
621 607 700 663 Unde
727 607 769 662 ita
797 607 908 663 sobrius
925 613 955 664 et
1007 607 1129 663 utrinam
1156 609 1322 665 bominibus
1350 625 1401 682 per
1425 625 1471 667 me
1499 613 1631 680 praebens
1663 615 1775 670 locutus
1800 621 1853 686 est,

102 697 277 767 impollutus
299 695 436 758 existens,
458 711 564 767 panem
588 695 670 750 illum
698 697 748 768 quii
781 711 834 768 pro
863 697 954 753 saltria
1007 695 1120 751 diceus:
1139 695 1262 753 Dimum
1280 696 1340 754 rint
1355 697 1441 754 anuas
1453 699 1551 756 uacus
1563 699 1693 774 uiriqur'
1709 701 1857 775 filiissutr

101 785 259 841 homiuum
283 783 314 838 in
334 799 432 838 mense
461 785 684 839 consecrationis
707 785 953 857 ponitur‚oil'erre
1008 783 1076 839 mire
1097 785 1224 858 prauus,
1254 790 1282 842 et
1309 785 1371 844 suis
1397 787 1527 844 domibus
1555 789 1657 861 (idisti.
1687 791 1760 857 Quid
1783 791 1855 848 boc?

100 877 207 946 potest
221 873 292 938 Ouid
308 873 382 929 boc?
396 871 508 928 Scilicet
521 873 590 944 quia
603 872 774 929 sacrificium
787 873 858 930 illud
874 874 953 946 quod
1008 873 1057 928 isti
1085 875 1136 946 qui
1164 873 1210 930 sui
1235 875 1393 948 juvaminis
1420 877 1560 949 obsequio
1591 879 1786 936 sacerdotibus
1805 897 1853 936 as·

102 968 148 1018 est
172 963 230 1018 sita
250 961 418 1028 virentium,
444 967 475 1016 et
500 962 616 1018 reiectio
646 964 822 1031 animarum,
847 979 951 1035 specu·
1006 959 1126 1026 sistunt,
1149 962 1207 1018 sint
1230 963 1316 1018 auius
1347 963 1444 1020 uxoris
1471 964 1550 1021 fideli
1569 967 1771 1038 coniunctione
1795 983 1854 1024 ma·

100 1051 532 1123 lamqueoruniumrirtatom,
556 1067 622 1122 quae
650 1057 844 1123 persanctaur
865 1054 951 1108 inuo-
1006 1049 1065 1105 riti.
1096 1051 1129 1106 Et
1163 1067 1226 1124 quae
1256 1057 1300 1107 est
1329 1069 1402 1108 uxor
1424 1053 1496 1109 ittet
1529 1053 1667 1112 Videlicet
1698 1057 1855 1112 castissima

100 1140 230 1195 centiam
244 1140 274 1193 in
289 1139 382 1196 torma
396 1138 536 1194 castitatis
547 1139 707 1211 perspicuo
725 1146 802 1206 sunt,
820 1141 856 1195 ab
871 1142 952 1197 omni
1005 1152 1110 1208 sponsa
1124 1155 1188 1211 quau
1213 1139 1292 1196 uuila
1312 1142 1497 1213 corruptione
1521 1144 1587 1199 laedi
1610 1149 1713 1215 potest,
1738 1149 1770 1200 ut
1790 1159 1854 1202 mu·

99 1228 188 1283 sorde
221 1225 446 1281 mundissimum
480 1231 532 1281 est.
567 1227 750 1300 Quapropter
772 1233 801 1284 et
832 1229 875 1284 illi
899 1230 949 1301 qui
1005 1221 1059 1276 liar
1080 1222 1130 1279 illa
1153 1225 1348 1298 corrumpitur
1371 1243 1434 1299 qam
1451 1228 1626 1300 virginitatis
1649 1231 1750 1302 liorem
1770 1231 1852 1287 etiu-

100 1316 181 1371 idem
203 1313 376 1371 sacrificium
402 1315 620 1384 oblaturisuut,
644 1316 706 1372 siue
729 1317 865 1388 spurcitia
890 1319 952 1390 pot·
1005 1313 1168 1369 nocentiam
1194 1330 1276 1370 suum
1306 1316 1402 1388 perdit
1425 1332 1512 1389 quiens
1538 1319 1566 1373 in
1590 1319 1673 1375 initio
1697 1321 1852 1392 desponsa·

98 1405 248 1460 tutionum
274 1419 338 1459 esse
366 1402 483 1470 debent,
511 1421 542 1460 ae
578 1404 666 1460 etiarn
701 1406 881 1461 continentes
915 1407 950 1462 ab
1005 1399 1092 1454 tionis
1113 1419 1171 1456 strae
1195 1402 1292 1470 babet,
1315 1419 1381 1458 crim
1405 1407 1499 1460 adbuc
1524 1422 1589 1462 curu
1613 1423 1785 1481 sponsosuo
1806 1410 1852 1466 iu·

98 1491 268 1565 epulatione
283 1497 312 1548 er
326 1491 475 1560 ebrietate,
491 1509 507 1548 a
518 1494 594 1564 joco,
619 1494 720 1561 arira,
736 1500 823 1567 atque
845 1513 863 1550 a
882 1495 950 1551 levi.
1004 1495 1139 1561 corrupta
1172 1496 1281 1547 munet.
1314 1493 1393 1548 Uude
1415 1499 1444 1549 et
1474 1493 1520 1549 isti
1547 1496 1765 1569 desponsatores
1786 1515 1851 1556 cum

96 1582 197 1637 buset
219 1581 418 1653 incompositis
434 1581 577 1648 morlbus;
593 1582 714 1637 eedsiut
737 1583 767 1636 in
789 1585 949 1639 reuerentia
1004 1577 1057 1633 buc
1078 1593 1168 1634 uxore
1189 1579 1307 1649 iustitie
1335 1587 1393 1634 tant
1424 1581 1548 1638 fideliler
1576 1592 1789 1653 contemnitis,
1820 1591 1853 1641 ¹¹¹

97 1670 161 1737 illa,
177 1674 211 1725 ut
224 1669 435 1724 successoribus
454 1658 641 1742 antiquarium
663 1677 778 1741 patrum
793 1671 828 1727 de
843 1673 949 1744 qsribus
1003 1671 1031 1722 st
1045 1665 1080 1720 iis
1095 1669 1145 1739 qui
1170 1666 1314 1738 adjutorio
1333 1683 1433 1724 eorum
1458 1670 1487 1724 iu
1504 1670 1607 1742 spiritu
1631 1677 1661 1727 et
1683 1689 1758 1746 aqua
1774 1689 1852 1746 rege·

96 1757 223 1832 plantati
237 1763 304 1814 eunt
330 1758 473 1824 conuenit.
490 1764 520 1813 et
543 1759 574 1813 iu
596 1759 736 1830 dignitato
756 1761 807 1815 illa
834 1767 868 1817 ut
895 1762 948 1817 bo·
1002 1755 1095 1809 aurati
1114 1759 1190 1819 suut,
1216 1755 1292 1810 boue
1313 1759 1442 1830 exempla
1470 1758 1611 1814 virtuturn
1639 1762 1796 1832 praebeant,
1820 1768 1852 1818 ut

97 1847 244 1902 curabiles
269 1852 408 1918 patronos
435 1847 527 1903 decet.
567 1849 599 1903 Et
622 1849 708 1904 etiam
732 1848 771 1904 ita
789 1849 887 1904 vivunt
910 1865 947 1905 nc
1002 1846 1032 1896 et
1052 1842 1139 1898 etiam
1164 1842 1260 1898 sufficio
1283 1861 1336 1899 suo
1351 1845 1429 1917 quod
1448 1847 1484 1902 ad
1509 1847 1659 1904 munimen
1680 1851 1850 1907 ecclesiasti-

96 1933 301 2006 sintduplices
328 1933 359 1989 iu
384 1934 650 2008 duabuspersonis,
675 1937 704 1992 id
728 1941 772 1992 est
796 1953 833 1991 ne
860 1937 947 1994 simut
1002 1945 1042 1985 cae
1057 1929 1214 1986 mansionis
1241 1932 1376 2003 pertinet,
1396 1932 1473 1988 ddeu
1491 1934 1682 1993 sollicitudine
1703 1938 1849 2006 insudent,

96 2023 129 2079 iu
145 2023 277 2080 saeculari
303 2027 331 2079 et
352 2023 544 2096 inspirituali
564 2025 610 2079 via
630 2025 789 2094 ambulent,
807 2025 876 2098 quia
894 2025 948 2082 dii·
1007 2020 1251 2090 quemadmodum
1275 2021 1420 2077 saecularis
1443 2021 1530 2078 iromu
1544 2023 1612 2080 liliis
1632 2027 1692 2082 suis
1707 2034 1737 2082 et
1750 2028 1848 2084 domui

96 2111 175 2167 ficita
189 2115 234 2168 cst
246 2112 359 2168 dnobus
373 2113 498 2167 dominic
519 2111 606 2169 simut
626 2115 770 2182 remulcet,
795 2121 828 2169 ur
859 2116 947 2170 fluam
1002 2123 1061 2162 sum
1078 2123 1195 2162 omnem
1210 2108 1391 2165 devotionem
1407 2113 1619 2183 procurationis
1641 2130 1700 2170 suae
1715 2116 1848 2172 intendit.

96 2200 188 2256 Filius
217 2217 297 2256 meus
324 2200 356 2256 iu
385 2201 541 2271 Evangelio
566 2207 689 2258 testatur
716 2203 826 2259 dicens:
852 2205 947 2260 Nemo
1002 2195 1234 2266 Spousemeuim
1256 2197 1340 2252 istem
1364 2199 1490 2255 ostendit
1509 2201 1614 2256 Paulus
1635 2204 1744 2259 amicus
1767 2221 1848 2260 meus

94 2291 193 2361 polest
218 2289 327 2346 ductus
362 2289 488 2345 accinti
513 2290 620 2347 seruire
642 2291 757 2356 (Mutet,
783 2293 842 2364 vr),
872 2293 944 2358 Quid
1001 2284 1197 2340 sacerdotibus
1236 2294 1265 2340 et
1306 2286 1417 2341 ceteris
1463 2287 1600 2344 ministris
1639 2289 1736 2346 altaris
1780 2290 1847 2360 mei,

94 2373 174 2429 buci
199 2373 301 2430 Nrrllus
323 2373 374 2447 qui
401 2376 553 2430 mortalem
593 2375 721 2432 tunicam
748 2376 866 2433 indutus
891 2384 945 2446 est,
1002 2373 1237 2444 qrrateuusillam
1262 2373 1316 2427 sibi
1344 2375 1372 2429 iu
1395 2390 1514 2430 uxorem
1537 2377 1733 2447 eligr·rent‚et
1755 2395 1850 2433 carna·

94 2464 175 2517 valet
188 2477 248 2533 pree
273 2462 466 2518 teneritudine
481 2479 580 2519 seusus
607 2470 636 2519 et
657 2465 784 2537 corporis
806 2466 848 2521 sui
873 2467 944 2522 duo·
1001 2462 1057 2516 lem
1077 2461 1230 2533 conjugem
1251 2477 1308 2516 uon
1322 2469 1501 2533 appeterent.
1520 2465 1591 2520 llum
1613 2481 1665 2520 nec
1679 2466 1754 2520 idem
1773 2468 1850 2524 Pau-

94 2551 294 2606 busdominis
321 2552 471 2623 pariteret
500 2553 604 2624 serpsisti
632 2553 770 2626 obsequio
796 2555 945 2610 seruitium
1000 2549 1055 2609 lae.
1073 2549 1444 2620 neecaetaridisciputitilii
1467 2551 1535 2616 mei.
1560 2567 1610 2607 nec
1633 2554 1735 2627 reliqui
1754 2557 1849 2610 Patres

96 2640 244 2695 exhibere.
270 2640 343 2706 Quid
367 2641 443 2698 noct
468 2640 540 2706 Quia
567 2657 624 2697 non
640 2648 735 2715 potest
756 2643 874 2698 domiuo
896 2660 945 2698 re-
1000 2637 1107 2692 scilicet
1131 2652 1232 2691 eurum
1256 2652 1392 2709 sequaces
1417 2637 1470 2692 huc
1493 2640 1657 2710 exemplum
1680 2657 1731 2712 per
1745 2647 1848 2697 scutet-

95 2728 246 2783 ctitudinis
278 2733 307 2782 et
339 2728 458 2785 domino
496 2729 644 2801 iniustitiae
682 2731 768 2787 simul
799 2731 943 2787 tamtrlari.
999 2724 1076 2793 ipsos
1100 2723 1158 2780 illis
1180 2725 1297 2792 dabant,
1322 2731 1353 2779 ut
1387 2725 1531 2781 carnalem
1560 2727 1714 2800 conjugem
1735 2743 1847 2800 accipe-

95 2815 214 2882 Quarct
227 2815 368 2882 Quoniam
386 2817 528 2873 rectitudo
548 2819 688 2889 justitiam
715 2820 824 2891 abjicit,
845 2827 874 2875 οι
899 2821 942 2876 in.
996 2819 1073 2880 rent,
1090 2818 1120 2868 et
1139 2812 1217 2868 illam
1241 2813 1409 2868 desererent
1431 2829 1517 2884 quam
1542 2815 1596 2869 sibi
1616 2816 1695 2889 prius
1717 2815 1746 2870 in
1762 2817 1846 2888 spiri·

92 2905 206 2977 justitia
230 2905 430 2962 rectitudinem
451 2905 613 2978 impugnet,
630 2908 678 2964 sic
700 2909 786 2964 crium
812 2904 1104 2971 saepenominatam
1125 2916 1243 2956 uxorem
1269 2902 1426 2971 elegeraut.
1449 2901 1586 2958 Sacerdos
1611 2903 1689 2960 euim
1717 2904 1848 2976 quitum

95 3009 157 3049 nou
177 2998 271 3065 potest
285 2995 371 3049 simul
393 2999 422 3050 et
434 2996 498 3067 pari
521 2997 674 3052 deuotione
690 2997 795 3053 babere
811 2998 944 3055 ancillam
998 2995 1153 3046 0⁰1¹l¹¹¹¹1⁸¹
1167 2989 1197 3045 lu
1212 2997 1328 3061 Ρθῦθᾶῑῡ
1349 2995 1434 3045 ⁰⁵l¹¹l
1453 2991 1604 3048 mulierem
1619 2994 1776 3048 secuudum
1795 3011 1847 3048 vo-

95 3088 125 3139 et
138 3083 300 3150 dominam,
310 3082 595 3140 videlicetearnalem
609 3087 741 3157 copulem
753 3093 782 3142 et
795 3087 944 3158 spirituale
999 3078 1142 3133 ltffllssleffl
1169 3078 1263 3132 0³¹⁰ss
1288 3093 1346 3133 ³⁰²
1376 3078 1475 3134 llllclffl
1510 3080 1640 3150 accipiat,
1671 3081 1845 3137 tdullssrissm

96 3169 291 3239 consortium
318 3171 387 3243 quia
414 3171 476 3227 heac
504 3173 562 3227 duo
587 3172 617 3227 in
654 3173 828 3245 perfectione
858 3175 944 3231 simul
998 3173 1161 3238 perpetuu
1190 3167 1328 3239 quoniam
1358 3173 1464 3222 rectam
1489 3183 1609 3223 uxorem
1638 3184 1730 3238 sirum,
1752 3169 1781 3224 id
1805 3176 1846 3226 est

96 3275 160 3316 esse
187 3275 247 3314 uon
272 3260 378 3315 valent.
394 3260 536 3326 eroniam
566 3261 636 3316 illud
657 3262 735 3334 quod
759 3265 872 3318 carnale
891 3269 941 3334 est,
998 3255 1151 3310 Ecclesiam
1167 3271 1232 3326 quae
1254 3255 1308 3309 sibi
1326 3254 1469 3326 spirituali
1483 3255 1578 3310 officio
1595 3256 1766 3328 desponsata
1785 3264 1847 3316 erat

94 3349 251 3420 impugnet
265 3348 320 3404 hoc
334 3350 413 3421 quod
435 3349 584 3422 spirituale
598 3357 651 3418 cst,
667 3356 697 3405 et
719 3351 867 3424 spirituale
892 3354 945 3408 αθ.
999 3344 1114 3410 deserit,
1138 3345 1166 3398 et
1179 3345 1265 3398 aliani
1282 3342 1441 3399 secundum
1462 3345 1574 3400 libitum
1590 3345 1695 3400 mentis
1713 3363 1774 3403 sure
1788 3348 1846 3405 im-

93 3437 198 3510 primit
228 3435 300 3492 illud
328 3436 406 3509 qrrod
444 3438 557 3493 carnale
589 3442 642 3493 cst.
668 3437 750 3504 Quod
778 3444 808 3494 et
839 3440 943 3495 Paulus
996 3432 1100 3504 pudice
1128 3429 1216 3486 ducit.
1242 3431 1297 3487 Sed
1322 3432 1453 3503 quamvis
1476 3433 1530 3488 sibi
1553 3432 1668 3488 difficile
1697 3435 1733 3490 sit
1760 3439 1792 3492 ut
1816 3437 1845 3491 iu

95 3521 208 3578 amicus
228 3537 311 3577 meus
338 3538 524 3595 cognosceus,
550 3523 621 3579 illud
647 3523 687 3579 ita
713 3540 775 3580 esse
796 3524 943 3582 voluntate
996 3519 1051 3575 boc
1071 3519 1174 3575 ardore
1198 3535 1227 3574 se
1260 3519 1447 3592 constringat,
1483 3526 1579 3576 tamen
1602 3528 1722 3594 propter
1742 3539 1845 3596 super·

95 3625 162 3666 mea
176 3610 364 3676 demonstrat,
383 3626 450 3668 cum
463 3610 548 3668 dicit:
563 3611 681 3684 Oportet
693 3627 760 3683 erpo
778 3612 943 3686 episcopam
998 3623 1068 3665 uam
1090 3624 1218 3664 amorem
1239 3625 1257 3664 a
1283 3609 1521 3681 concupiscentiis
1548 3610 1609 3664 istis
1629 3627 1659 3666 se
1685 3612 1843 3680 contiueat,

92 3698 376 3772 irrepredmt'bilem
398 3716 470 3764 esse,
490 3699 577 3757 unius
594 3699 694 3756 raom
709 3699 802 3757 uirum
816 3704 846 3773 (Ι
868 3703 941 3758 Tim.
999 3703 1029 3754 at
1044 3697 1130 3754 etiam
1148 3697 1233 3752 Filius
1249 3698 1371 3752 meusiu
1396 3697 1549 3766 Evangelio
1571 3698 1713 3764 hortatur,
1730 3701 1842 3756 dicens:

99 3805 161 3854 ¹1¹1·
177 3787 250 3854 Quid
281 3789 352 3844 hoc?
367 3789 486 3845 Necesse
499 3795 543 3844 est
569 3793 603 3844 ut
622 3790 671 3844 ille
686 3789 738 3861 qui
764 3791 875 3846 caeteris
895 3791 943 3846 ho-
996 3788 1073 3844 aaut
1092 3788 1177 3842 etium
1198 3783 1320 3840 marubi
1339 3783 1389 3857 qui
1414 3785 1449 3840 de
1476 3785 1581 3840 neutris
1609 3789 1689 3842 utero
1712 3787 1756 3842 sic
1777 3789 1843 3844 noti

95 3877 224 3933 minibus
239 3876 271 3932 iu
292 3876 387 3933 oitluio
409 3877 567 3948 spiritualis
590 3876 745 3949 magisterii
761 3879 941 3949 praeminet,
994 3878 1073 3944 runt,
1092 3876 1200 3932 struat
1213 3873 1335 3930 mauriti
1347 3873 1398 3946 qni
1409 3874 1490 3943 facti
1503 3879 1570 3929 aunt
1583 3875 1620 3930 nb
1632 3875 1801 3946 luminibus,
1817 3881 1844 3932 et
1868 3875 1870 3880 ’

96 3967 137 4021 ita
160 3964 247 4021 sitam
271 3981 354 4021 suam
372 3967 536 4032 constituat,
558 3981 596 4022 ue
613 3965 778 4021 mandalum
805 3967 941 4024 oileusio·
994 3968 1065 4022 sont
1078 3962 1201 4020 sarmiti
1213 3961 1844 4038 quiseiproscastraucrautpropterrepnum

96 4056 140 4110 uis
164 4060 194 4110 et
212 4053 443 4125 reprehensionis
464 4053 495 4111 in
517 4071 551 4110 eo
577 4054 751 4110 inveniatur.
768 4054 942 4121 Quomodo?
994 4055 1149 4118 coetorum;
1166 4053 1217 4124 qus·
1246 4053 1338 4124 potest
1357 4067 1462 4123 cupere
1485 4052 1586 4124 cupiat
1618 4052 1735 4124 (Moun.
1765 4053 1843 4126 nin).

95 4145 168 4208 Quia
193 4144 326 4198 sacerdos
355 4143 427 4199 duas
454 4159 589 4216 personas
619 4143 725 4198 hebere
757 4159 816 4199 uon
846 4146 939 4208 debet,
996 4141 1070 4208 Quid
1101 4140 1171 4196 hoel
1205 4140 1345 4205 Quoniam
1369 4145 1436 4195 sunt
1466 4140 1556 4212 aliqui
1581 4139 1713 4196 homines
1735 4142 1786 4213 qui
1809 4142 1844 4197 dc

93 4233 134 4288 ita
152 4236 186 4288 ut
211 4231 296 4287 simul
319 4231 441 4288 maritus
463 4232 587 4287 carnatis
609 4231 704 4287 uxoris
728 4238 758 4288 et
788 4234 832 4288 vir
852 4233 937 4305 spiri·
956 4211 1126 4288 ”matema
1140 4235 1221 4286 utero
1240 4229 1282 4284 ita
1296 4228 1401 4300 egressi
1416 4233 1493 4297 sunt,
1512 4228 1591 4301 quod
1605 4243 1662 4302 prae
1687 4230 1843 4302 frigiditate

94 4319 181 4377 taulis
209 4321 341 4392 conjugis
366 4320 418 4388 sit;
445 4320 493 4376 sed
527 4321 614 4376 anius
635 4320 733 4376 uxoris
756 4322 941 4389 vir‚sc1licet
994 4323 1039 4377 rel
1059 4318 1254 4376 imbecillitate
1276 4318 1406 4389 corporis
1429 4319 1473 4373 sui
1495 4319 1633 4390 conjuges
1656 4319 1761 4375 habere
1785 4336 1844 4374 nou

94 4407 226 4464 Ecclesia
241 4408 272 4462 in
285 4407 436 4463 sanctitate
454 4409 519 4474 erit,
543 4424 608 4481 quae
632 4408 717 4464 unica
741 4409 773 4464 in
786 4409 859 4466 Filio
875 4427 940 4467 meo
994 4413 1124 4484 possunt.
1153 4408 1232 4463 Unde
1253 4413 1374 4479 propter
1401 4408 1476 4463 hauc
1514 4407 1722 4463 continentiam
1750 4425 1841 4475 suam,

94 4504 147 4566 est,
177 4497 317 4568 quoniam
350 4512 409 4552 uua
433 4497 555 4552 Ecclesia
587 4496 700 4569 inipso
725 4500 856 4554 surrexit.
885 4500 941 4556 Sed
995 4498 1150 4555 utilitatem
1172 4497 1310 4553 mercedis
1333 4511 1393 4552 uun
1414 4495 1563 4568 accipient,
1587 4495 1643 4552 nisi
1657 4495 1734 4568 quod
1749 4498 1842 4552 solam

93 4584 303 4657 hacquemvis
326 4601 385 4640 uua
404 4585 451 4653 sit,
471 4585 723 4656 tamenptnrimos
746 4587 864 4641 meritos
887 4589 939 4643 ha·
994 4588 1029 4643 de
1062 4602 1149 4658 opere
1179 4585 1258 4642 illius
1284 4585 1392 4658 peccati
1423 4601 1523 4657 poenas
1552 4600 1610 4639 non
1646 4585 1840 4651 sustinebunt;

94 4675 157 4740 bet3
172 4673 243 4745 quie
265 4688 332 4729 cum
358 4673 555 4729 sacerdotibus
571 4673 635 4728 Filii
651 4674 707 4729 mei
730 4675 780 4747 qui
809 4676 938 4748 quotidie
994 4675 1063 4748 quia
1089 4675 1125 4730 de
1145 4678 1260 4747 peccato
1286 4675 1364 4747 quod
1388 4689 1449 4729 uon
1477 4678 1715 4745 perpetraverunt
1745 4689 1843 4744 poenes

94 4763 125 4818 iu
138 4760 235 4817 udicio
248 4760 340 4833 ipsius
363 4765 431 4816 suut
454 4761 570 4833 nuptias
589 4763 718 4834 peragit;
745 4763 827 4834 uirgo
843 4771 941 4820 tumea
994 4781 1053 4820 nou
1068 4765 1223 4820 habebunt.
1243 4765 1275 4819 Et
1296 4769 1364 4818 suut
1384 4762 1432 4818 alii
1448 4764 1579 4818 homiues
1598 4763 1650 4836 qui
1671 4777 1722 4834 per
1739 4763 1839 4818 voluu-

94 4851 124 4908 in
154 4849 319 4921 integritate
356 4865 408 4904 sua
440 4865 622 4922 permaneus,
657 4851 794 4924 quoniam
823 4852 853 4907 in
878 4854 942 4925 ipsa
993 4858 1084 4910 tutem
1108 4853 1273 4925 aliquorum
1293 4853 1444 4908 homiuum
1468 4851 1508 4907 ita
1528 4851 1560 4906 iu
1578 4867 1698 4923 corpore
1722 4851 1841 4906 euode-

93 4941 166 4996 lides
195 4939 365 5010 incorrupta
392 4945 445 4994 est.
473 4938 655 5011 Quapropter
678 4947 707 4995 et
729 4941 805 4996 idem
835 4941 941 4998 Paulus
994 4941 1099 4998 bilitati
1122 4945 1199 5011 suut)
1227 4942 1304 5015 quod
1322 4942 1505 5021 'voluptatem
1531 4941 1626 4997 curuis
1653 4941 1762 4996 saresta
1788 4939 1842 4996 boc

93 5045 142 5084 res
167 5042 267 5082 meum
282 5041 343 5082 non
366 5026 438 5082 dixit
456 5033 489 5082 ut
509 5026 571 5081 baec
589 5043 663 5082 uxor
686 5028 880 5085 uuiusmuuti
895 5047 939 5085 es·
994 5032 1140 5104 conjugali
1170 5047 1256 5102 opere
1277 5045 1409 5086 exercere
1434 5045 1494 5086 nou
1519 5031 1632 5098 aaleut3
1658 5029 1708 5084 sed
1730 5035 1758 5085 ct
1784 5029 1840 5100 ipsi

93 5121 145 5184 set,
168 5115 239 5188 quia
262 5114 457 5171 sacerdotibus
483 5115 540 5170 illis
564 5116 616 5188 qui
637 5132 728 5189 usque
755 5117 791 5172 ad
815 5117 939 5173 novissi·
995 5119 1077 5176 itaee
1097 5119 1276 5177 continentes
1293 5119 1415 5192 glorium
1437 5117 1530 5176 laudis
1558 5119 1625 5174 iude
1649 5133 1706 5173 uon
1730 5133 1841 5173 mereu-

93 5221 174 5261 mnm
197 5203 276 5259 diem
297 5203 329 5259 iu
348 5204 455 5259 eodem·
470 5203 624 5275 Unigenito
639 5219 704 5260 meu
727 5212 846 5276 surgent
869 5223 939 5262 con·
994 5214 1053 5278 tur,
1069 5210 1209 5282 quorum
1230 5209 1362 5282 quamuis
1387 5209 1440 5264 hoc
1463 5223 1538 5279 opus
1557 5207 1681 5263 incendii
1703 5207 1840 5278 perlicere

89 5299 191 5362 puncta
203 5297 256 5358 est,
269 5291 536 5364 usquedumetiam
549 5292 659 5364 nuptias
670 5291 727 5348 illae
739 5294 863 5358 veniant,
874 5311 938 5366 quei
994 5311 1052 5352 uuu
1066 5302 1195 5369 possunt,
1212 5303 1310 5354 lernen
1333 5296 1363 5352 iu
1387 5297 1535 5352 vuluntate
1558 5311 1609 5350 sue
1630 5295 1778 5350 multoties
1797 5311 1840 5348 ar-

92 5395 244 5453 uuuquem
274 5381 333 5435 ulla
364 5379 548 5435 mortalitatis
576 5380 763 5436 instabilitate
789 5382 938 5452 dctlciaut3
993 5383 1092 5440 dorem
1118 5384 1305 5458 turpitudinis
1335 5383 1473 5439 sentiunt.
1501 5385 1534 5437 Et
1554 5382 1684 5438 suntalii
1707 5383 1840 5438 homiues
