3984 6034
163 244 166 247 a
183 206 248 255 ltltvi
424 212 428 221 “
922 199 950 249 S.
971 194 1206 254 tttttlmaltttls
1463 269 1471 284 ι
1875 203 1945 255 llttib

179 335 225 386 tis.
249 331 302 387 Sed
326 346 379 384 vox
404 344 469 383 mea
492 344 640 401 nunquam
669 330 790 385 ducatur
814 332 889 385 inter
917 346 966 383 vos
994 330 1023 382 in
1045 342 1065 391 ,ι
1080 335 1227 399 operatur,
1251 328 1300 383 sed
1331 329 1465 401 a'seipso
1486 345 1547 383 esse
1571 331 1641 397 vult,
1668 331 1773 387 similis
1795 332 1943 403 pessimis

180 419 365 483 oblivionem,
389 432 454 491 quae
483 417 651 489 frequenter
676 419 816 472 intervos
842 420 872 473 in
886 418 1024 473 charitate
1082 416 1191 488 angelis
1212 416 1340 479 ollactus.
1363 417 1398 473 de
1421 418 1490 485 vite,
1516 423 1549 473 ιιι
1571 418 1702 489 Salsum,
1724 420 1804 475 cadit
1829 426 1866 477 et
1883 438 1944 475 are-

180 509 288 564 sonuit.
306 507 384 563 uittae
409 521 572 561 merenunc
599 506 720 561 rutilant
744 508 773 561 in
800 506 933 561 cordibus
955 507 1024 574 suis,
1080 505 1197 560 scit.Tn
1218 509 1324 573 autem,
1352 521 1369 559 o
1395 506 1492 572 horno,
1521 507 1612 561 Deum
1637 507 1666 561 in
1689 508 1735 563 his
1753 508 1940 583 crrlpphilem

180 594 379 667 praetristitia,
396 594 606 666 qrramhahsnt
628 593 663 648 de
684 598 773 647 matre
797 610 858 661 sira,
887 595 1025 649 anhelan·
1082 592 1189 649 babere
1218 593 1260 647 vis
1285 610 1292 649 :
1320 600 1497 666 quapropter
1522 594 1573 649 tihi
1598 598 1786 667 respondetur
1822 614 1830 651 :
1866 599 1942 651 lium

179 690 221 735 tes
236 688 265 737 et
286 682 465 753 suspirantes
485 680 519 733 ad
535 678 669 733 caelestia.
685 680 784 732 Postea
799 679 828 731 in
853 677 1028 732 lucidissima
1082 682 1206 752 teipsum
1230 682 1350 735 creasti?
1379 682 1450 736 Non.
1481 682 1706 737 Convementins
1731 700 1801 755 ergo
1823 690 1885 749 est,
1915 696 1943 737 ιιι
1978 670 1979 687 ’

180 774 208 825 et
222 770 359 825 rutilante
380 769 443 823 lucc
458 766 594 821 lucebunt
617 764 806 837 pergratiam
829 765 890 833 Dei,
915 770 943 819 at
964 763 1022 819 tor·
1082 772 1176 839 magis
1196 769 1247 825 tihi
1274 768 1392 835 servias,
1414 785 1502 841 quam
1530 769 1585 837 illi,
1612 770 1663 841 qui
1688 776 1717 825 te
1745 772 1881 827 creavit?
1914 775 1944 827 Et

179 857 299 913 tissima
312 857 419 911 milites
431 857 460 910 in
477 854 564 909 domo
579 854 641 926 ejus
663 854 743 909 liant.
763 854 843 909 Unde
867 854 891 906 si
916 853 982 924 quis
995 853 1027 906 in
1083 872 1169 929 qnam
1195 857 1357 911 mercedem
1381 856 1432 912 tihi
1456 872 1558 929 parare
1576 858 1694 927 poteris,
1718 874 1785 915 cum
1806 860 1940 931 teipsum

179 947 233 1001 hcc
247 947 333 1000 turha
346 945 472 1000 tiliarum
487 959 616 998 mearum
644 942 814 997 discordiam
831 947 859 996 et
878 940 1026 996 discessio·
1083 943 1268 1000 nonfecistii
1287 944 1411 1012 Nullam,
1428 946 1475 1000 sed
1491 960 1607 1017 poensm
1629 946 1715 1013 ignis,
1740 947 1787 1003 sie
1812 948 1847 1001 in
1872 948 1940 1003 dus.

180 1052 248 1091 nem
262 1034 350 1105 hujus
376 1031 563 1088 habitationis
587 1037 617 1086 et
642 1030 779 1101 spiritalis
808 1029 965 1101 disciplina
988 1027 1027 1083 ia·
1082 1032 1136 1087 bns
1158 1032 1288 1103 partibus
1312 1032 1375 1087 istis
1391 1033 1530 1104 angelici
1552 1033 1684 1089 homines
1702 1039 1791 1106 atque
1816 1036 1938 1107 reliqna·

180 1139 244 1178 cere
265 1120 397 1187 voluerit,
430 1119 537 1175 donum
566 1119 690 1191 Spiritus
717 1118 807 1173 sancti
835 1122 943 1172 avertat
973 1117 1028 1172 hoc
1082 1126 1221 1176 creaturae
1236 1120 1287 1176 uei
1314 1120 1412 1176 divisa
1435 1126 1514 1186 sunt,
1539 1120 1612 1176 sicut
1633 1124 1721 1177 etiam
1746 1123 1799 1178 tibi
1828 1124 1939 1180 iactum

180 1212 216 1266 de
232 1210 316 1266 corde
341 1210 431 1265 illins.
446 1208 526 1273 Quod
552 1208 576 1261 ai
605 1208 694 1261 Deum
712 1211 910 1271 contemnens,
935 1204 964 1261 id
988 1210 1028 1260 ta-
1082 1212 1135 1277 est,
1150 1224 1216 1264 cnm
1239 1210 1313 1263 Deus
1328 1208 1477 1265 hominem
1500 1210 1531 1264 in
1553 1207 1772 1267 circumcisione
1798 1212 1937 1283 signarit

179 1314 246 1353 men
281 1296 391 1367 fecerit,
419 1312 522 1351 manias
550 1295 663 1351 Domini
686 1296 796 1350 occidat
823 1296 905 1350 illum
930 1308 1026 1348 coram
1083 1297 1223 1363 Quoniam
1243 1297 1354 1369 primns
1374 1297 1510 1369 deceptor
1532 1297 1659 1368 primum
1682 1298 1833 1355 hominem
1861 1301 1939 1356 lalla-

179 1386 259 1441 omni
276 1386 393 1459 populo,
409 1384 477 1456 qnia
491 1385 596 1455 dignus
615 1389 668 1450 est,
685 1389 717 1438 nt
734 1383 934 1439 contundatur.
951 1382 1025 1446 oua·
1083 1386 1155 1441 citer
1174 1385 1275 1451 illusit,
1296 1386 1336 1441 ita
1357 1386 1433 1458 quod
1456 1385 1626 1440 inobediens
1645 1387 1703 1441 Deo
1721 1386 1826 1454 iactus,
1842 1390 1939 1443 verbis

179 1482 309 1547 propter,
328 1475 547 1539 oliliae,locum
569 1472 665 1541 istum,
682 1488 767 1545 quem
792 1472 825 1527 ad
843 1471 1026 1525 militandum
1085 1473 1163 1527 illius
1191 1474 1333 1528 consensit
1358 1479 1388 1527 et
1415 1489 1467 1545 per
1496 1473 1723 1529 inobedientiam
1746 1475 1826 1543 iecit,
1854 1481 1890 1531 ut
1915 1482 1938 1531 ci
1978 1468 1979 1477 ’

181 1565 239 1618 Der)
255 1562 392 1634 elegistis,
415 1562 496 1618 omni
520 1561 672 1616 devotione
693 1567 721 1615 et
745 1560 897 1614 stabilitate
919 1558 1029 1613 inhahi·
1086 1561 1251 1615 consiliatus
1265 1569 1336 1615 erat.
1363 1562 1416 1617 Sed
1443 1562 1543 1615 aedem
1565 1562 1595 1616 in
1619 1562 1783 1617 obedientie
1805 1580 1862 1635 per
1886 1567 1938 1619 cir-

178 1658 247 1716 tate,
271 1658 414 1724 quatenus
431 1652 460 1705 in
483 1666 518 1703 eo
538 1648 798 1721 supernapraemia
820 1646 1027 1719 adipiscamini.
1050 1623 1069 1676 Β
1084 1650 1289 1703 cumcisionem
1316 1651 1345 1704 in
1371 1658 1515 1720 praecepto
1548 1650 1599 1703 llei
1625 1650 1713 1705 scissa
1738 1658 1790 1718 est,
1821 1654 1937 1723 qnando

181 1741 261 1795 Unde
273 1743 302 1794 et
314 1740 439 1795 charitas
453 1739 483 1793 in
498 1738 646 1809 Sapientia
664 1737 755 1792 dicit:
779 1738 839 1807 Ego
855 1736 890 1791 ah
909 1735 1028 1806 antiquo
1083 1737 1227 1792 Abrabam
1243 1736 1401 1791 benevolus
1425 1738 1483 1792 Deo
1507 1737 1643 1803 obedivit,
1664 1738 1704 1793 ita
1726 1740 1847 1805 taciens,
1865 1742 1936 1795 sicut

184 1829 407 1895 cardinensem,
434 1827 508 1882 etin
535 1826 707 1880 formatione
722 1825 809 1895 primi
824 1823 950 1879 hominis
975 1821 1027 1887 sui,
1083 1824 1108 1877 ei
1130 1825 1268 1897 praecepit
1292 1824 1373 1895 (Gru.
1394 1835 1477 1905 ¹rivin.
1506 1825 1584 1879 Tunc
1607 1824 1683 1880 idem
1707 1825 1849 1897 deceptor
1871 1846 1933 1883 cum

178 1932 244 1971 cum
270 1932 287 1971 a
312 1917 370 1971 ileo
385 1916 543 1986 plasmatus
558 1920 610 1982 est,
627 1913 814 1985 qeriacoelnm
834 1917 983 1966 atterram
1000 1916 1029 1963 et
1083 1912 1235 1967 dolositate
1262 1913 1291 1969 in
1322 1928 1352 1967 se
1390 1912 1518 1980 tremuit,
1558 1912 1731 1986 quibusdam
1766 1916 1934 1972 hominihus

180 2006 305 2076 reliquas
324 2009 469 2059 creaturas
486 2004 560 2057 Dens
572 2008 691 2073 propter
712 2000 859 2056 hominem
883 1999 1029 2069 sapienter
1083 1998 1191 2052 malum
1214 1998 1269 2053 hoc
1283 1998 1451 2067 immittens,
1468 1999 1542 2071 qnod
1559 2000 1692 2069 possibile
1711 2016 1771 2055 non
1794 2010 1882 2069 esset,
1906 2013 1934 2057 nt

176 2094 292 2160 creavit,
313 2097 346 2147 ut
367 2091 405 2145 ab
431 2090 489 2144 illis
517 2095 546 2144 et
561 2093 770 2144 sustentaretur
793 2092 823 2142 et
849 2093 1025 2160 pasceretur.
1081 2087 1163 2142 illum
1191 2088 1280 2143 ileum
1305 2088 1522 2149 conflictentur,
1553 2104 1640 2159 quem
1664 2104 1715 2143 nec
1746 2089 1859 2158 videre,
1885 2109 1932 2147 ner

177 2181 286 2252 (ncta,
314 2179 407 2249 xxiv.)
433 2177 514 2232 Unde
543 2184 572 2231 et
602 2176 744 2249 sapientia
767 2176 849 2231 tahar
870 2179 946 2230 recte
971 2173 1027 2229 dici
1082 2174 1191 2243 audire,
1208 2190 1261 2231 nec
1275 2175 1392 2247 palpare
1414 2180 1542 2247 possent.
1571 2176 1658 2231 Etsic
1683 2177 1712 2231 in
1736 2179 1862 2250 populo,
1888 2196 1932 2251 qni

178 2273 284 2341 potest,
313 2266 451 2339 quoniam
489 2267 594 2321 coelum
625 2270 655 2321 et
688 2271 795 2321 terram
828 2263 969 2329 circuivit,
1000 2268 1028 2316 et
1080 2278 1134 2335 per
1152 2262 1344 2319 obedientiam
1360 2264 1574 2335 signetuserat,
1597 2262 1750 2321 bacchatus
1773 2272 1830 2334 cst,
1848 2274 1932 2341 atque

179 2357 284 2429 equali
310 2354 439 2427 pondere
460 2354 639 2424 ponderavit.
667 2354 740 2409 Caro
764 2344 860 2408 autern
888 2351 1026 2416 hominis,
1080 2351 1225 2420 meminit,
1255 2353 1322 2423 quia
1354 2355 1482 2424 primum
1510 2350 1658 2407 hominem
1687 2354 1854 2425 deceperat,
1889 2358 1932 2411 nbi

178 2461 243 2499 cum
268 2443 415 2499 animuin
439 2442 517 2496 renis
542 2447 572 2497 et
601 2442 735 2497 medullis
762 2442 887 2513 pleniter
910 2440 1027 2511 perlusa
1080 2438 1182 2495 dixit:
1207 2442 1296 2497 Eritis
1323 2443 1393 2495 sicut
1421 2440 1473 2508 dii,
1500 2443 1613 2495 scientes
1645 2444 1742 2497 honum
1772 2450 1800 2497 et
1829 2448 1930 2501 ιιιιιιιιιιι

178 2539 232 2595 cst,
248 2531 288 2587 ite
301 2536 334 2586 ιιι
358 2546 425 2586 carc
447 2545 501 2601 per
523 2530 651 2585 enimam
670 2546 784 2601 semper
804 2528 972 2594 suscitetur;
999 2533 1027 2581 et
1079 2528 1157 2596 (uec.
1175 2530 1217 2598 ιιι)
1240 2544 1248 2583 ι
1268 2533 1297 2583 et
1320 2529 1362 2583 eis
1383 2528 1540 2600 pessimum
1565 2530 1712 2585 sarlflatuni
1734 2532 1874 2600 immisit,
1896 2536 1931 2589 ιιι-

177 2622 247 2693 quia
270 2620 355 2675 otiam
371 2619 458 2674 bomo
474 2624 620 2673 creaturas
642 2635 696 2691 per
715 2619 842 2673 animam
868 2618 1024 2689 cognoscit,
1079 2632 1157 2685 cens,
1173 2616 1250 2687 quod
1274 2619 1353 2671 nullo
1378 2617 1464 2672 modo
1488 2617 1542 2671 nisi
1567 2617 1596 2672 in
1621 2619 1719 2690 aliqua
1739 2620 1931 2677 fornicatione

178 2710 255 2780 ipsas
269 2708 299 2763 in
317 2708 499 2779 jucunditate
520 2712 548 2761 et
570 2707 675 2777 gaudio
704 2707 800 2762 habet.
827 2706 873 2761 Sic
901 2721 1027 2777 namque
1082 2706 1171 2760 Deum
1185 2712 1355 2777 cognoscere
1369 2710 1497 2776 possent,
1512 2705 1580 2778 qiria
1592 2712 1622 2760 et
1635 2706 1723 2761 homo
1736 2706 1835 2763 torma
1849 2718 1930 2777 esset,

179 2797 310 2852 homoin
334 2811 420 2850 carne
436 2801 463 2850 et
489 2796 584 2850 anima
616 2797 692 2850 velari
713 2796 748 2849 de
776 2794 974 2850 misericordia
999 2797 1025 2847 el
1079 2800 1108 2847 et
1125 2792 1239 2847 silicus
1258 2793 1406 2849 hominem
1429 2802 1561 2861 creasset,
1586 2810 1638 2849 cnr
1659 2812 1690 2850 se
1711 2796 1751 2850 ita
1775 2798 1931 2855 absconde

178 2885 317 2943 charitate
340 2884 470 2939 amabilis
491 2889 544 2950 est,
571 2884 814 2956 qrremadmodum
831 2883 973 2954 sapientie
998 2890 1027 2937 et
1046 2925 1064 2973 Γ
1081 2884 1133 2947 ret,
1151 2884 1181 2935 ut
1195 2881 1279 2935 homo
1295 2881 1376 2936 illum
1393 2896 1445 2937 nec
1461 2881 1567 2951 videre,
1585 2898 1638 2939 nec
1656 2884 1767 2950 audire,
1784 2902 1840 2940 nec
1855 2903 1931 2941 com-

178 2974 302 3030 charitas
317 2989 407 3028 nnum
423 2976 501 3027 stant.
1059 2960 1065 2975 ’
1080 2966 1257 3038 prehendere
1272 2970 1389 3026 valeret.

214 3066 267 3119 Per
302 3061 354 3117 bas
389 3060 460 3116 duas
487 3061 616 3127 virtutes,
650 3059 759 3114 scilicet
791 3058 962 3130 sapientiam
996 3065 1026 3113 et
1115 3056 1169 3112 Sed
1184 3062 1245 3112 lota
1263 3064 1344 3113 vetus
1369 3058 1414 3113 lex
1429 3063 1459 3113 et
1471 3074 1537 3115 vere
1559 3060 1688 3131 signatus
1714 3064 1854 3133 populus,
1881 3080 1927 3119 an·

177 3151 357 3219 charitatem,
381 3146 476 3220 angeli
502 3153 532 3202 et
556 3146 689 3202 homines
722 3148 781 3202 ileo
809 3147 838 3201 in
863 3146 1025 3201 hnmilitate
1082 3146 1192 3216 tiqunm
1208 3145 1285 3201 haine
1307 3146 1490 3219 deceptorem
1512 3151 1541 3203 et
1564 3154 1694 3203 errantes
1707 3150 1845 3207 homines
1859 3152 1927 3205 istos

177 3238 427 3309 obtemperabunt,
444 3234 581 3307 quoniam
596 3235 742 3314 humilitas
760 3236 795 3289 ed
818 3236 956 3290 honorem
973 3234 1024 3290 liei
1080 3235 1243 3305 opprimere
1260 3251 1317 3289 non
1334 3234 1438 3306 potuit,
1463 3250 1514 3291 nac
1537 3236 1631 3292 adhuc
1651 3238 1768 3308 poterit,
1784 3240 1835 3293 sed
1856 3241 1927 3295 Dens

178 3324 531 3398 ireqarenterseinclinat‚
552 3329 581 3377 et
602 3323 642 3377 ita
668 3339 767 3378 omnes
793 3323 913 3378 virtutes
941 3323 975 3378 ad
994 3340 1024 3377 se
1079 3328 1145 3377 anta
1173 3322 1363 3379 novissimum
1399 3322 1476 3378 diam
1499 3324 1565 3379 illos
1590 3325 1746 3396 opprimet,
1771 3332 1801 3381 et
1830 3344 1925 3383 coram

138 3415 142 3427 '
177 3414 295 3485 colligit.
327 3414 359 3467 ln
386 3412 431 3467 his
458 3412 556 3484 itaque
590 3411 745 3466 virtutibus
767 3410 845 3468 Dens
876 3410 1023 3467 hominem
1079 3410 1281 3483 omnipopnlo
1304 3410 1406 3481 vincet,
1432 3412 1482 3467 tali
1504 3412 1589 3467 modo
1610 3418 1690 3469 vetus
1712 3413 1759 3469 lex
1782 3430 1849 3471 cum
1871 3433 1926 3472 om·

178 3501 340 3575 plasmavit,
354 3516 390 3555 ne
415 3506 490 3554 totus
513 3498 630 3573 periret,
644 3500 719 3554 sicut
742 3500 828 3555 etiam
852 3498 948 3570 angeli
964 3514 1025 3554 om·
1079 3498 1162 3553 uibus
1187 3499 1242 3567 his,
1273 3500 1405 3555 videlicet
1428 3516 1492 3555 cum
1517 3500 1587 3571 illis,
1609 3502 1659 3573 qni
1678 3502 1924 3559 circumcisionem

177 3607 228 3646 nes
252 3606 310 3644 non
335 3588 493 3661 perierunt,
521 3590 590 3660 qnia
615 3588 696 3643 multi
722 3602 786 3642 cum
816 3588 872 3643 lleo
895 3588 1025 3659 perstite·
1079 3585 1278 3651 observabant,
1303 3588 1390 3643 ctiam
1413 3590 1640 3662 cameleonis
1665 3591 1696 3645 in
1718 3592 1858 3663 praedicto
1887 3611 1926 3649 er·

176 3684 253 3747 rvrnt,
277 3677 327 3731 alii
351 3692 419 3731 vero
444 3694 509 3732 cum
537 3678 657 3748 antiqno
686 3682 819 3749 serpente
849 3676 1021 3731 ceciderunt.
1077 3690 1142 3729 rore
1165 3681 1255 3740 erant,
1280 3691 1371 3747 nsque
1397 3676 1433 3731 ad
1456 3676 1635 3734 nativitatem
1663 3678 1769 3735 Christi
1788 3684 1924 3743 cucurrit,

176 3769 250 3823 Deus
271 3766 348 3821 enim
367 3765 513 3820 hominem
540 3764 569 3819 in
591 3764 730 3835 sapientie
757 3764 873 3831 creavit,
897 3763 927 3818 in
955 3764 1022 3819 cha·
1076 3762 1126 3819 ubi
1141 3762 1203 3835 ipse
1218 3779 1301 3818 verns
1322 3764 1367 3819 Sol
1389 3764 1510 3836 justine
1530 3765 1561 3821 in
1585 3765 1702 3823 veritate
1718 3768 1864 3840 apparuit.
1894 3773 1924 3825 Et

176 3856 259 3911 ritate
275 3870 341 3909 eum
366 3854 528 3920 vivificavit,
556 3854 587 3909 in
613 3852 774 3908 hnmilitate
803 3868 871 3908 vero
900 3857 929 3906 et
951 3850 1021 3904 obe·
1078 3848 1152 3905 idem
1170 3850 1215 3905 Sol
1232 3866 1369 3922 magnum
1384 3853 1568 3923 splendorem
1593 3870 1645 3927 par
1666 3855 1826 3913 doctrinam
1842 3875 1922 3913 suam

175 3944 285 3999 dientia
308 3943 390 3999 illum
416 3943 498 4009 rexit,
521 3945 663 4014 qnatenus
676 3942 861 4013 intelligeret,
877 3940 1023 4012 quomodo
1077 3938 1167 4007 dedit,
1184 3938 1212 3994 in
1237 3939 1418 3995 humanitate
1434 3957 1483 3996 sua
1501 3942 1579 3998 visus
1593 3947 1622 3997 et
1636 3944 1758 4009 auditus,
1786 3948 1922 4018 qnoniam
1978 3942 1979 3955 ¹

174 4032 270 4085 vivere
286 4028 427 4085 deberet:
449 4030 497 4084 sed
526 4030 639 4101 primns
664 4029 791 4101 Angelus
820 4029 883 4085 hec
917 4028 1021 4083 intelli-
1076 4027 1224 4100 propbeta
1259 4027 1355 4100 ipsum
1391 4037 1648 4101 praecucurrerant,
1678 4034 1920 4104 quemadmodum

174 4136 242 4191 gere
264 4118 365 4181 noluit,
392 4118 470 4191 quod
492 4134 553 4174 esse
579 4134 640 4174 non
669 4115 773 4190 potuit,
802 4118 941 4190 quoniam
962 4116 1021 4181 uita
1076 4113 1329 4187 qnidamptanene
1346 4118 1631 4188 suprasolemsunt,
1654 4123 1731 4193 quod
1749 4124 1826 4179 nens
1845 4141 1921 4197 pra·

175 4223 231 4262 ona
247 4224 264 4263 e
279 4206 373 4278 seipsa
396 4212 448 4274 est,
468 4224 485 4261 a
507 4222 564 4278 qua
588 4207 687 4263 omnia
713 4206 811 4261 vitalia
834 4209 918 4276 sunt;
948 4222 1019 4278 qna·
1040 4204 1194 4275 priderat,
1221 4204 1337 4276 quando
1361 4204 1576 4263 firmamentum
1600 4225 1666 4265 cum
1684 4210 1821 4266 omnihus
1842 4230 1921 4269 orna·
1978 4194 1979 4217 ¹

173 4298 293 4367 propter
313 4292 361 4348 ille
376 4294 483 4350 devita
495 4294 608 4362 cecidit,
633 4299 662 4351 et
684 4294 862 4361 aruit,velut
882 4294 969 4349 ctiam
988 4294 1019 4349 in
1076 4292 1507 4365 mentissnisconstitui13soli
1527 4298 1801 4355 verocumlnnsec
1823 4304 1919 4367 stellis,

173 4380 322 4449 creaturis,
349 4380 480 4438 videlicet
512 4382 542 4436 in
564 4381 723 4449 arboribus,
754 4382 784 4436 ιιι
812 4381 910 4437 herbis
935 4386 963 4435 et
990 4381 1019 4438 in
1075 4381 1149 4435 Deus
1175 4397 1279 4453 aquam
1316 4382 1455 4454 adjunxit,
1482 4388 1510 4439 et
1536 4384 1627 4440 nubes
1653 4400 1718 4439 cnm
1747 4390 1918 4457 tempestate

171 4469 235 4524 aliis
255 4470 393 4525 creaturis
416 4471 588 4543 quandoque
616 4470 658 4539 tlt,
684 4486 750 4525 cnm
773 4469 870 4541 aliqua
894 4468 929 4524 de
950 4470 1021 4541 ipsis
1075 4468 1181 4541 posuit,
1201 4486 1273 4542 quas
1288 4470 1402 4542 fulgura
1429 4471 1587 4543 perforant,
1603 4482 1631 4529 et
1645 4489 1710 4546 quae
1729 4488 1781 4545 per
1794 4475 1918 4529 sonitum

172 4557 301 4614 cadendo
331 4564 474 4626 cremant,
499 4560 568 4631 qnia
594 4575 709 4613 succum
735 4575 793 4613 non
822 4563 1018 4630 gustaverunt.
1074 4558 1195 4613 tonitrui
1220 4558 1366 4615 interdum
1401 4560 1580 4629 scinduntur,
1610 4562 1651 4617 ita
1678 4566 1711 4617 ut
1737 4570 1917 4619 moveantur.

170 4647 450 4718 Augelrvsquippea
469 4648 527 4702 Deo
543 4647 637 4702 vitalis
652 4651 711 4715 est;
730 4648 817 4702 homo
841 4649 937 4701 antem
958 4648 1019 4718 ple·
1075 4645 1152 4701 Sicut
1179 4644 1257 4701 enim
1281 4648 1355 4702 Dens
1382 4655 1543 4704 creaturam
1568 4652 1650 4705 istam
1687 4650 1723 4705 ad
1754 4652 1918 4706 servitutem
1978 4692 1979 4703 ι

171 4750 241 4791 num
259 4732 396 4806 opnsllei
422 4738 475 4804 est,
502 4736 640 4808 qnoniam
663 4736 738 4791 Deus
763 4735 792 4789 in
822 4734 885 4806 ipso
906 4751 1021 4806 semper
1074 4734 1200 4789 hominis
1222 4734 1381 4804 coustituit,
1404 4738 1445 4792 ita
1468 4738 1555 4793 etiam
1581 4745 1610 4795 et
1630 4738 1736 4794 Filium
1760 4756 1847 4795 suum
1871 4756 1919 4813 per

170 4827 316 4896 operatur,
342 4823 420 4898 qnod
447 4822 535 4878 horno
560 4824 590 4878 in
613 4824 707 4895 seipso
732 4823 894 4894 intelligere
914 4828 1017 4895 potest,
1073 4838 1137 4879 eam
1161 4822 1356 4896 presignavit,
1380 4841 1466 4898 quem
1492 4827 1640 4899 prophete
1662 4828 1871 4899 praedixerunt,
1894 4838 1920 4883 et
1978 4796 1979 4871 ι

168 4912 237 4984 qula
257 4910 386 4983 quandin
401 4908 432 4966 in
447 4910 500 4966 bac
522 4912 580 4966 vita
602 4911 681 4980 vivit,
705 4912 833 4980 cogitare
853 4915 882 4965 et
903 4911 1017 4983 operari
1073 4910 1154 4983 cujus
1168 4912 1378 4968 humanitatem
1398 4929 1463 4967 cum
1487 4914 1624 4969 servitute
1643 4915 1802 4987 prophetie
1817 4918 1918 4989 tetige
1978 4904 1979 4917 ¹

168 5014 227 5056 non
254 4998 360 5055 desinit
381 4999 489 5071 alique,
506 4999 536 5054 in
565 5015 736 5071 quacunque
764 5002 845 5073 parte
869 4998 921 5067 sit;
951 5014 1017 5054 cnm
1074 5004 1152 5067 runt,
1180 5001 1260 5056 velut
1285 5000 1409 5074 planetae
1436 5000 1524 5057 solem
1550 5002 1605 5074 ipsi
1631 5003 1782 5077 serviendo
1810 5011 1919 5061 susten
1978 5040 1979 5055 ι

171 5087 312 5143 antemio
330 5084 471 5143 hac‘vita
492 5086 701 5155 linitusluerit,
717 5085 818 5142 inalia
833 5086 1019 5143 viteiutluite
1073 5092 1143 5145 tent.
1167 5090 1321 5162 Prophetis
1345 5106 1470 5165 namque
1501 5106 1565 5163 qnae
1595 5092 1667 5147 dixit
1701 5092 1803 5149 :Ecce
1836 5096 1919 5164 Virgo
1978 5082 1979 5161 l

170 5177 249 5232 alsit.
267 5177 338 5233 Cum
359 5176 437 5232 enim
460 5176 548 5232 lromo
571 5174 649 5233 hona
671 5175 1019 5248 operetur,honisange-
1073 5182 1204 5249 cncupiet
1239 5181 1309 5247 (Iac.
1342 5180 1402 5252 vn),
1440 5180 1650 5237 humanitatem
1687 5180 1779 5253 ipsius
1812 5183 1918 5255 tetigit,

168 5265 204 5320 lis
220 5264 322 5321 similis
346 5265 481 5332 allicitur,
503 5280 569 5320 cum
586 5269 682 5320 eutem
702 5279 839 5336 magnum
865 5264 1017 5333 bonorem,
1072 5266 1141 5339 quia
1165 5266 1315 5339 integritas
1341 5268 1467 5340 turginis
1495 5268 1531 5324 de
1554 5270 1647 5325 calore
1666 5268 1792 5341 Spiritus
1816 5275 1917 5338 sancti

170 5353 318 5425 quomodo
341 5354 418 5409 lleus
443 5353 538 5426 ipsum
567 5352 745 5421 formaverit,
771 5368 830 5407 non
860 5354 1015 5424 cognoscit,
1072 5360 1102 5409 et
1129 5369 1186 5411 non
1212 5355 1247 5411 de
1272 5356 1367 5411 calore
1386 5356 1480 5412 carnis
1503 5358 1650 5431 concepit;
1671 5359 1917 5432 quemadmodum

168 5447 311 5498 stenima
340 5446 416 5498 recta
443 5442 608 5499 obedientie
623 5440 707 5514 fugit,
730 5456 783 5497 nec
808 5440 838 5496 ιιι
855 5442 1016 5498 humilitate
1073 5443 1114 5499 sol
1141 5459 1203 5499 rem
1225 5444 1352 5519 aliquam
1377 5444 1463 5502 radiis
1494 5446 1551 5501 suis
1582 5446 1622 5502 ite
1642 5447 1795 5519 transligit,
1822 5458 1858 5505 ιιι
1886 5467 1917 5507 er
