3984 6034
50 204 113 263 829
371 202 475 260 uteru
494 200 652 261 DlVlNOR.
673 200 775 259 otuu.
797 199 966 260 sluvtlcls
985 198 1141 259 nulllus.
1153 230 1188 242 -·
1206 198 1296 257 PARS
1316 201 1337 272 l,
1357 200 1450 259 visto
1468 201 1513 259 lv.
1763 204 1817 262 8³0

51 354 117 411 que
142 336 230 393 noxia
249 350 373 409 quaeque
395 334 470 389 inse
489 332 658 390 occultando
678 333 715 390 ad
730 333 855 389 nibilum
869 350 915 389 re·
934 336 1069 397 Avcnlos
1094 336 1270 388 commotum
1289 332 1411 404 strepitu
1433 350 1486 389 suo
1511 350 1591 391 mere
1614 334 1742 408 aliasque
1755 337 1815 391 ter-

51 427 146 498 digit,
173 442 211 481 na
230 424 261 481 iu
278 425 373 496 pelam
395 428 595 495 prorumpant,
621 423 695 479 sicut
715 428 744 478 et
757 423 844 479 timor
857 425 913 480 llo-
966 436 1065 477 rarum
1079 437 1169 494 aquas
1190 421 1325 489 concutit,
1349 421 1407 477 illas
1427 423 1540 479 lumum
1555 429 1584 479 et
1602 424 1755 481 humorem
1779 425 1815 481 de

52 517 134 572 mini
152 514 323 571 fortitudine
337 512 495 568 coelestium
510 511 647 568 virtutum
662 512 792 581 vallatus,
806 517 914 569 aeterna
966 526 996 565 se
1020 511 1194 581 producunt.
1215 511 1269 567 Sed
1293 511 1385 566 nubes
1409 510 1497 583 ipsas,
1523 513 1638 569 tamum
1657 513 1763 569 scilicet
1786 517 1816 571 et

51 604 223 660 etcaduca
251 602 281 657 in
306 601 460 672 semetipso
491 601 564 657 bena
585 600 762 656 moderatur.
786 601 911 657 Circum·
965 598 1130 666 humorem,
1160 599 1334 670 excipientes
1365 599 1402 655 ad
1427 600 1525 655 lunam
1550 601 1718 668 extendunt,
1742 620 1815 675 quos

50 693 172 765 spectio
203 707 338 764 namque,
364 706 420 761 qna
441 690 534 745 tidelis
559 690 647 746 homo
676 690 811 763 quelibet
836 690 913 746 bona
965 687 1109 744 illavelut
1131 688 1209 743 sitiat
1230 687 1356 757 ebibens,
1382 689 1544 745 iterumad
1568 691 1660 747 nubes
1680 691 1813 759 remittit,

51 782 113 836 sibi
141 780 288 853 praevidet,
313 780 417 835 ardeus
447 778 622 836 desiderium
644 778 734 851 ipsius
764 779 842 851 quod
876 780 910 835 ad
965 777 1150 849 pluviamque
1187 782 1395 847 congruentem
1434 778 1498 833 illas
1543 779 1700 849 producere
1734 780 1813 848 iacit,

51 886 190 942 superne
213 870 300 925 babet
322 869 511 925 demonstrat.
537 868 731 925 Consideratlo
754 869 833 925 euim
856 868 911 924 cir·
964 865 1103 938 quoniam
1135 866 1189 922 boc
1214 867 1299 921 modo
1329 866 1364 922 de
1394 866 1602 923 subterioribus
1629 868 1711 939 aquis
1741 886 1813 941 quas

50 958 297 1031 cumspectionis,
322 973 379 1030 qua
407 958 494 1013 bomo
521 973 556 1013 ea
578 956 729 1030 diligenter
750 958 912 1015 considerat
964 954 1056 1009 nubes
1067 969 1183 1011 sursum
1197 955 1324 1024 trabunt,
1349 954 1514 1027 iterumque
1538 956 1699 1025 remittunt,
1715 956 1813 1027 pluria

52 1065 126 1120 quaa
153 1048 258 1103 anime
279 1064 338 1103 sure
353 1045 435 1103 utilia
450 1046 536 1114 videt,
553 1046 745 1103 sinceritatem
762 1062 909 1120 veraepoe-
963 1057 1050 1113 supet·
1072 1047 1177 1097 [crtum
1208 1043 1363 1098 descendit.
1386 1042 1430 1099 Sic
1459 1044 1546 1099 etiam
1570 1060 1636 1099 cum
1662 1045 1759 1099 aalma
1780 1045 1812 1099 ia

52 1136 203 1215 nitentiae¹
216 1135 339 1209 appetit;
355 1132 533 1207 perspicacia
550 1140 648 1189 autem
665 1134 795 1206 ejusdem
820 1134 911 1191 consi-
962 1130 1080 1187 bomine
1103 1132 1271 1204 aliquando,
1293 1133 1338 1188 vel
1352 1148 1387 1189 ex
1406 1133 1556 1189 securitate
1573 1132 1737 1189 salvationis
1752 1150 1811 1189 suae

52 1224 221 1281 durationis
245 1224 376 1281 decorem
396 1222 487 1294 ipsius
510 1222 686 1295 poenitentiae
709 1223 814 1295 diligit,
844 1237 909 1279 cum
962 1218 1080 1291 gaudet,
1101 1221 1145 1275 vel
1170 1220 1253 1293 quasi
1269 1220 1304 1276 de
1328 1236 1463 1291 pressura
1484 1225 1667 1292 peccatorum
1690 1238 1810 1278 suorum

52 1314 150 1369 homo
173 1313 331 1385 aperuistis
345 1328 375 1367 se
398 1318 554 1383 purgatum
568 1310 679 1382 aspicit.
701 1311 823 1368 luteutio
838 1328 911 1385 quo·
962 1312 1075 1375 moeret,
1099 1308 1220 1365 scientia
1240 1309 1367 1366 hominis
1396 1325 1462 1365 curu
1489 1309 1603 1365 conscia
1632 1309 1811 1366 confessione

53 1420 115 1474 que
137 1403 211 1474 ejus,
237 1418 303 1474 quae
327 1400 535 1473 quasipupilla
558 1400 634 1457 oculi
660 1406 709 1466 est,
735 1402 866 1457 ardentia
881 1407 910 1458 et
961 1398 1139 1471 peanitentiae
1162 1413 1215 1470 per
1238 1399 1373 1453 timorem
1395 1402 1537 1466 moretur,
1567 1403 1652 1470 atque
1675 1414 1742 1455 cum
1765 1400 1811 1455 bis

52 1492 188 1547 lucentia
204 1508 292 1563 opera
308 1506 373 1562 quoe
388 1490 421 1545 in
440 1490 490 1545 illa
508 1489 734 1560 suntclnrillcat,
751 1490 799 1547 sed
815 1490 909 1545 indul·
962 1487 1133 1560 suspirando
1162 1504 1278 1543 sursum
1310 1487 1441 1559 erigitur,
1468 1503 1614 1559 operaque
1645 1486 1724 1541 illius
1751 1484 1809 1541 cir-

52 1582 159 1652 gentia
174 1583 366 1653 peccatorum,
391 1579 516 1650 gemitus
536 1578 709 1649 etsusplria,
728 1580 833 1651 quibus
847 1595 909 1651 pua·
963 1575 1187 1649 cumspiciendo,
1217 1577 1359 1649 lacrymas
1387 1576 1423 1633 ab
1448 1577 1512 1648 ipso
1543 1574 1650 1642 educit,
1685 1589 1810 1645 comque

53 1668 185 1724 nitentia
207 1668 328 1724 humore
352 1669 543 1740 lacrymarum
567 1666 727 1735 discutitur,
752 1682 789 1723 ne
811 1672 911 1738 poten·
930 1652 1102 1737 Bplangere
1130 1666 1208 1733 iacit,
1232 1666 1301 1739 quie
1323 1681 1389 1722 cunr
1413 1667 1500 1723 timor
1524 1665 1639 1722 Domini
1660 1664 1810 1721 bominem

54 1758 122 1814 tiali
149 1757 262 1831 judicio
287 1756 337 1813 lloi
360 1757 488 1825 iaciatur,
518 1760 644 1811 exornat.
674 1757 779 1813 Anima
803 1756 910 1811 etenim
963 1754 1102 1821 concutit,
1124 1754 1221 1826 ipsum
1246 1755 1391 1812 sitibunde
1409 1755 1440 1811 in
1464 1755 1619 1828 gemitibus
1642 1754 1712 1809 llere
1734 1769 1811 1809 com·

54 1847 190 1920 undique
209 1846 411 1918 circumspicit,
427 1846 653 1919 unumquodque
677 1862 750 1919 opus
769 1844 910 1917 incipieus
963 1842 1055 1915 pellit.
1073 1843 1152 1906 Unde
1166 1845 1201 1899 iit
1216 1848 1325 1901 utcurn
1339 1844 1426 1901 homo
1439 1844 1587 1901 interdum
1609 1842 1810 1899 adversitatem

55 1938 86 1989 et
105 1950 241 2006 operans,
266 1933 404 2007 quoniam
428 1934 513 2005 ignea
529 1939 580 2003 est,
597 1940 706 1989 etcum
722 1950 787 1989 aere
807 1933 907 2006 spirat,
963 1935 1145 1991 secularium
1174 1952 1273 1993 rorum
1309 1935 1407 2003 dellet,
1438 1934 1568 1992 enimam
1605 1933 1751 1995 multoties
1774 1932 1811 1987 ad

54 2028 146 2095 atque
161 2040 226 2079 cum
246 2022 364 2079 scientia
379 2028 408 2079 et
424 2022 616 2079 rationalitate
636 2022 734 2078 omnia
749 2024 861 2095 peragit
881 2026 910 2078 et
962 2025 1123 2096 appetitum
1146 2026 1317 2092 coelestium,
1341 2026 1478 2098 neglectis
1498 2024 1692 2091 secularibus,
1716 2026 1810 2077 retor-

54 2110 207 2167 disceruit.
230 2112 300 2167 Nam
324 2111 421 2167 anima
443 2112 472 2167 in
490 2110 775 2191 {corporevroborata
796 2110 909 2167 fortiter
962 2117 1058 2183 queat.
1081 2115 1154 2171 Nam
1180 2131 1247 2170 cnm
1273 2114 1362 2172 homo
1386 2132 1403 2169 a
1427 2114 1486 2169 lieo
1509 2112 1626 2179 recedit,
1643 2117 1672 2168 et
1695 2126 1763 2167 eam
1777 2110 1811 2167 iu

57 2201 175 2272 operari
190 2199 299 2272 incipit,
324 2206 353 2257 et
369 2201 424 2256 boc
443 2202 535 2257 lacere
560 2199 717 2268 desiderat3
736 2200 784 2256 sed
803 2216 908 2272 quem·
962 2201 1139 2259 oblivionem
1164 2204 1252 2273 ducit,
1284 2220 1353 2260 mox
1379 2202 1476 2260 anime
1504 2203 1567 2275 ejus
1597 2199 1808 2265 contremiscit3

58 2288 194 2359 plurimae
215 2288 407 2355 infirmitates,
431 2290 524 2343 carnis
544 2288 680 2356 vicelicet,
705 2289 736 2343 in
763 2288 907 2356 medullis,
962 2290 1039 2345 unde
1053 2296 1082 2347 et
1100 2292 1198 2348 omnia
1213 2293 1344 2348 membra
1367 2291 1505 2359 hominis,
1529 2307 1595 2364 quae
1609 2290 1718 2346 viribus
1731 2288 1810 2345 illius

57 2377 88 2431 in
114 2376 256 2449 sanguine
279 2380 308 2433 et
321 2376 352 2433 in
366 2377 514 2433 stomacho
536 2377 563 2433 ei
578 2381 742 2433 occurrunt.
759 2378 799 2433 Ex
814 2378 908 2433 calore
961 2377 1081 2449 impleta
1102 2387 1181 2450 suut,
1212 2381 1244 2437 in
1266 2381 1353 2436 aliam
1372 2381 1449 2436 aiem
1473 2386 1700 2445 commoventur,
1727 2377 1809 2450 quasi

59 2481 188 2537 namque
220 2466 355 2522 medullae
385 2465 502 2537 sanguis
534 2464 659 2521 bominis
684 2467 797 2534 aestuat,
819 2470 848 2521 et
873 2481 907 2521 ex
963 2468 1290 2526 [teumreneranduset
1307 2468 1452 2524 timendus
1475 2467 1599 2536 nonsit;
1621 2464 1809 2523 sedilluvasi

58 2555 189 2625 pondere
211 2554 342 2610 ciborum
366 2552 506 2610 stomachi
528 2554 645 2625 sanguis
669 2554 767 2622 ardet;
787 2554 907 2626 istaque
961 2575 1014 2614 suo
1033 2557 1236 2614 verecundiam
1259 2562 1289 2613 et
1316 2556 1515 2613 contusionem
1538 2560 1721 2628 peccatorum
1744 2570 1809 2626 pro-

58 2642 244 2699 infirmitates
274 2642 382 2699 risibus
416 2643 520 2699 animoe
553 2643 698 2713 quoddam
727 2642 907 2699 obstaculum
960 2647 1053 2719 pouit,
1071 2646 1199 2716 illudque
1220 2645 1366 2717 suspirare
1392 2644 1468 2714 lecit,
1493 2645 1534 2701 ita
1558 2643 1727 2716 utsuspiria
1745 2644 1808 2699 haec

59 2738 137 2799 sunt,
158 2731 226 2804 qnia
251 2732 286 2787 de
306 2730 408 2787 ardore
431 2731 524 2787 carnis
549 2731 683 2800 incestus,
708 2747 796 2803 quem
819 2732 906 2789 Satan
960 2736 1101 2807 lacrymas
1128 2735 1260 2791 educant,
1285 2735 1317 2790 Et
1344 2733 1384 2790 sic
1407 2734 1442 2789 de
1464 2732 1596 2805 suspiriis
1621 2736 1651 2789 et
1672 2730 1808 2803 lacrymis

60 2822 159 2876 dolose
174 2820 275 2890 texuit,
297 2820 429 2893 pullulat,
445 2824 530 2893 atque
546 2820 582 2877 ed
598 2820 723 2877 animam
734 2822 769 2878 de
784 2822 906 2877 terrenis
959 2824 1022 2880 istis
1045 2821 1173 2880 viriditas
1200 2822 1376 2894 poenitentire
1408 2823 1544 2894 exsurgit
1577 2822 1757 2893 Quapropter
1779 2824 1809 2875 et

60 2909 199 2972 ascendit,
215 2909 315 2977 illique
330 2910 466 2982 proponit
480 2909 547 2982 quia
563 2911 649 2966 homo
664 2925 730 2965 earo
745 2910 781 2965 sit
797 2917 825 2966 et
839 2927 904 2967 eum
926 2913 1022 3002 Cipse
1039 2913 1069 2968 in
1085 2912 1221 2985 operibns
1238 2912 1321 2967 bonis
1336 2910 1432 2965 denuo
1454 2910 1616 2976 suscitatus,
1641 2907 1808 2981 gravamina

60 2998 219 3053 secundum
251 3014 367 3054 earnem
391 2998 484 3053 rivere
516 3002 657 3070 oporteat.
683 3000 762 3055 Unde
785 3004 814 3055 ct
844 3000 907 3072 ipsa
961 3006 1144 3074 peccatorum
1166 3016 1284 3057 suorum
1301 3000 1331 3055 in
1357 2999 1642 3067 tautadiligentiaet
1663 2997 1806 3069 preniten-

61 3101 241 3158 percorpus
276 3086 354 3158 quod
386 3088 522 3143 deorsum
552 3090 604 3154 est,
629 3088 775 3144 multoties
796 3086 907 3160 cogitur
959 3091 1000 3147 tia
1023 3089 1180 3157 examinat,
1203 3094 1236 3145 ut
1259 3105 1358 3144 cernes
1387 3089 1584 3143 membrorum
1609 3103 1727 3143 suorum
1756 3087 1807 3141 ali-

60 3176 225 3231 malacum
250 3174 299 3231 illo
322 3175 446 3248 operari.
467 3177 559 3248 Opera
581 3176 690 3249 quippe
714 3176 818 3233 animes
840 3193 906 3233 cuna
960 3178 1134 3251 quantulum
1157 3178 1344 3244 exsiccentur,
1358 3182 1387 3233 et
1407 3181 1487 3233 tanta
1506 3176 1667 3232 amaritudo
1679 3176 1709 3231 in
1722 3174 1807 3230 corde

61 3264 163 3321 mobili
195 3280 314 3337 corpore
348 3269 424 3333 suut,
449 3266 693 3337 quemadmodum
718 3266 788 3323 luna
818 3266 907 3323 stellis
959 3269 1050 3341 ipsius
1069 3267 1181 3333 crescit,
1203 3270 1234 3322 ut
1253 3266 1329 3322 intra
1351 3281 1382 3322 se
1409 3265 1556 3321 multoties
1578 3265 1675 3321 dicat:
1701 3263 1806 3335 thuid

60 3355 235 3410 circumdata
251 3359 304 3423 est,
326 3354 446 3428 ipsaque
470 3354 566 3411 anima
588 3371 640 3428 per
662 3356 810 3412 scientiam
835 3357 907 3413 arti·
960 3357 995 3412 ad
1016 3361 1095 3411 tanta
1117 3354 1236 3411 crimina
1255 3361 1338 3411 natus
1361 3356 1447 3410 sum‘l
1473 3356 1545 3411 Cum
1569 3355 1665 3410 anime
1690 3369 1754 3409 mea
1776 3351 1807 3407 in

60 3442 160 3497 liciosa
173 3458 237 3499 cum
258 3442 369 3515 reliqua
393 3446 522 3499 creatura
546 3450 596 3511 est,
620 3444 660 3499 ite
683 3447 715 3500 ut
730 3458 818 3516 opera
838 3443 907 3499 artis
962 3448 1053 3502 licum
1066 3444 1188 3517 peccavi,
1208 3449 1316 3500 etcum
1331 3460 1365 3500 ea
1378 3443 1577 3516 poenitentiam
1594 3460 1649 3516 ego
1663 3443 1699 3498 ad
1716 3445 1806 3499 Deum

60 3532 134 3603 eius,
158 3531 217 3585 sire
235 3532 271 3587 de
290 3530 496 3603 superioribus,
512 3530 570 3586 sive
584 3532 619 3587 de
638 3532 822 3589 interioribus
839 3532 905 3599 sint,
960 3534 1141 3607 suspirando,
1166 3533 1216 3606 qui
1238 3534 1361 3588 formam
1387 3533 1457 3588 Adae
1481 3533 1516 3588 de
1535 3532 1651 3605 Virgine
1673 3532 1808 3602 dignatus

61 3620 92 3674 in
109 3634 172 3674 vase
195 3634 247 3673 suo
270 3618 421 3676 videantur
442 3623 472 3675 et
493 3624 711 3692 cognoscantur,
727 3622 804 3676 velut
818 3622 907 3677 stellae
961 3627 1004 3678 est
1027 3622 1182 3693 susscipere.
1205 3622 1283 3677 Unde
1307 3624 1335 3677 et
1356 3637 1409 3693 ego
1434 3621 1548 3676 confido
1573 3620 1650 3692 quod
1674 3637 1721 3675 me
1749 3637 1807 3676 non

61 3710 112 3761 aut
130 3706 230 3762 lucidae
244 3710 296 3761 aut
310 3706 438 3763 obscurae
453 3706 483 3762 in
498 3707 680 3763 firmamento
701 3708 807 3764 lucent.
833 3709 905 3764 Can·
960 3710 1108 3783 despiciat,
1132 3710 1181 3765 sed
1208 3725 1225 3764 a
1249 3710 1372 3781 peccatis
1395 3708 1467 3766 meis
1493 3709 1632 3777 absolvat,
1662 3714 1692 3765 et
1719 3710 1806 3765 etiam

62 3795 128 3851 dida
143 3795 228 3850 etiam
253 3794 373 3851 scientia
394 3794 476 3866 quasi
500 3796 606 3867 albugo
625 3802 774 3853 oculorum
799 3796 830 3852 in
850 3799 905 3853 bo·
959 3816 1012 3871 per
1030 3799 1142 3855 vultum
1174 3802 1279 3853 sancte
1304 3798 1493 3853 humanitatis
1514 3814 1585 3864 suoe,
1610 3798 1641 3853 in
1663 3814 1731 3853 vern
1750 3798 1806 3853 lide

62 3884 140 3939 mine
164 3890 293 3955 apparet,
326 3883 546 3955 intellectusque
569 3886 648 3941 velut
670 3885 782 3941 claritas
805 3901 906 3942 eorum
960 3905 1006 3944 mc
1027 3887 1214 3960 poenitentem
1244 3887 1390 3957 suscipiat.
1418 3887 1496 3941 Tune
1523 3884 1621 3940 anime
1648 3890 1677 3940 et
1704 3901 1808 3957 corpus

63 3974 94 4029 in
115 3988 147 4028 eo
162 3972 263 4043 fulget,
288 3977 317 4028 et
332 3972 509 4029 rationalitas
530 3974 772 4045 quemadmodem
795 3974 906 4047 pupilla
958 3977 1098 4033 inunum
1119 3993 1149 4031 se
1168 3975 1360 4048 conjungunt,
1376 3978 1406 4031 et
1426 3975 1582 4029 concordes
1597 3975 1633 4030 ad
1654 3975 1744 4029 Deum
1760 3990 1807 4029 au-

63 4063 188 4134 ipsorum
202 4061 233 4117 in
248 4078 281 4117 eo
296 4060 380 4117 lucet.
404 4062 583 4134 Quapropter
604 4061 691 4118 eliam
709 4064 797 4119 bomo
813 4063 853 4119 sic
869 4065 905 4120 ad
958 4066 1068 4132 helaut,
1092 4065 1230 4137 quoniam
1263 4064 1369 4118 animae
1396 4067 1512 4134 peccata
1536 4078 1721 4134 nequaquam
1744 4062 1805 4133 pla-

63 4150 185 4205 crelestia
209 4150 325 4205 tendere
348 4150 491 4223 gemendo
505 4156 534 4206 et
557 4150 653 4207 llendo
668 4151 789 4224 cogitur,
811 4152 859 4207 ubi
874 4168 906 4209 ee
959 4158 1035 4223 cent,
1059 4153 1109 4210 sed
1132 4157 1242 4208 tautum
1260 4168 1296 4208 ex
1320 4157 1436 4223 stupore
1459 4152 1581 4206 carnalis
1603 4150 1807 4222 concupiscen-

64 4236 210 4308 iudignum
234 4236 355 4307 proemio
377 4240 494 4293 eternae
514 4235 754 4293 remunerationis
771 4239 903 4295 aestimat.
925 4242 1008 4303 ntiae
1030 4242 1109 4298 carni
1132 4241 1244 4313 cogitur
1262 4241 1433 4309 consentire,
1460 4240 1566 4312 quiesi
1587 4240 1807 4296 delectationem

65 4324 197 4397 quoniam
213 4324 311 4381 multis
330 4324 453 4397 peccatis
466 4342 496 4380 sa
509 4330 660 4381 oneratum
675 4326 766 4394 norit,
782 4327 905 4401 ideoque
959 4330 1057 4387 anima
1075 4331 1110 4386 ad
1134 4335 1284 4403 paccatum
1309 4329 1438 4398 haberet,
1456 4330 1542 4384 bomo
1557 4328 1664 4383 inluta
1678 4333 1807 4401 peccato-

66 4418 95 4468 ut
106 4412 315 4485 poenasjudieii
330 4414 567 4483 tautamevadat,
583 4416 739 4471 contendit.
958 4435 1024 4475 rum
1042 4434 1157 4490 semper
1185 4420 1370 4475 sordesceret.
1399 4419 1470 4474 Nam
1495 4418 1527 4472 in
1553 4418 1676 4489 peccatis
1708 4418 1805 4474 anima

64 4539 163 4605 Quibus
174 4554 209 4594 3oe
229 4536 323 4595 caum
337 4542 364 4593 e,
386 4538 521 4610 Imm
543 4538 578 4593 de
594 4538 758 4595 humoribus
777 4540 905 4611 corporis
957 4524 1017 4563 nou
1043 4509 1210 4605 delectetur,
1233 4507 1365 4578 quamvis
1391 4507 1442 4562 illa
1468 4522 1534 4561 cum
1550 4522 1682 4604 'corpore
1708 4523 1806 4603 opere-

97 4610 218 4664 coyyecyae
237 4609 274 4665 ap
292 4609 551 4691 mamypyum'ae
569 4610 605 4665 ay
621 4610 905 4683 aquisynsmorgm
958 4599 1185 4673 tur,·utet1am
1222 4597 1364 4651 elementa
1385 4610 1450 4667 quoe
1478 4594 1626 4648 hominem
1650 4597 1803 4658 sustinent,

96 4696 207 4737 sursum
236 4683 364 4737 tructaec
386 4681 507 4736 nubebus
519 4680 657 4753 defitient,
674 4686 703 4737 et
716 4682 838 4765 diltpens
852 4685 904 4739 lio·
957 4684 1052 4757 ipsum
1084 4684 1120 4739 ad
1140 4688 1288 4754 peccatum
1320 4700 1378 4740 non
1402 4687 1517 4755 cogunt,
1545 4682 1594 4738 sed
1619 4685 1715 4736 tamen
1738 4697 1804 4737 eum

98 4768 160 4807 rum
172 4750 327 4807 mundum
342 4750 507 4823 &⁰⁶5⁰stae
515 4752 619 4808 “nimai
633 4768 786 4825 θῖΡΤθΜΟ·
802 4798 806 4809 ·
957 4788 1010 4845 per
1024 4771 1167 4843 judicium
1191 4771 1242 4825 Dei
1256 4772 1286 4826 iu
1309 4772 1431 4843 peccatis
1445 4770 1612 4842 dijudicant,
1628 4768 1659 4824 in
1671 4770 1806 4841 operibus

96 4857 190 4911 xlxii.
213 4858 245 4911 lit
268 4872 333 4913 cum
356 4857 445 4913 bomo
468 4861 518 4913 eat
542 4857 641 4913 letitia
663 4864 713 4915 aut
735 4860 850 4917 tristitia
872 4860 903 4916 in
956 4864 1054 4916 autem
1078 4859 1162 4915 bonis
1192 4858 1361 4914 suavitatem
1389 4864 1418 4915 et
1440 4860 1588 4915 lenitatem
1614 4872 1701 4928 super
1723 4858 1805 4913 illum

63 4946 142 5001 corde
169 4961 220 5000 suo
248 4952 453 5012 commovetur,
481 4946 590 5001 venulae
617 4946 728 5003 cerebri
758 4948 829 5019 ejus,
855 4966 903 5021 pe·
956 4946 1120 5004 ostendunt.
1147 4947 1180 5001 lit
1212 4946 1325 5019 quoties
1359 4947 1457 5002 anime
1494 4962 1560 5002 cum
1585 4960 1706 5017 corpore
1729 4946 1805 5001 mala

64 5034 212 5105 ctorisque,
241 5039 271 5089 et
293 5034 441 5105 pulmonis
465 5034 558 5107 ipsius
579 5035 665 5091 etiam
687 5037 900 5108 concutiuntur,
956 5035 1069 5109 operari
1089 5035 1212 5107 cogitur,
1236 5035 1306 5091 illud
1331 5034 1449 5090 tristitia
1471 5036 1573 5107 replet,
1596 5033 1733 5107 quoniam
1756 5050 1804 5090 ea·

64 5123 133 5177 unde
148 5127 176 5177 et
198 5122 309 5177 venula
323 5122 448 5195 pectoris
473 5127 501 5179 et
524 5123 669 5195 pulmonis
689 5124 826 5181 humores
839 5144 900 5183 sur·
955 5125 1022 5181 dem
1037 5140 1125 5197 opera
1140 5123 1310 5195 sibimetipsi
1329 5123 1490 5195 displicent,
1513 5124 1563 5180 sed
1586 5139 1651 5179 cum
1677 5122 1707 5179 id
1726 5124 1803 5195 quod

64 5211 431 5268 sumadreuulascerebri
452 5211 581 5281 mittunt,
604 5213 788 5285 illaqueans
812 5215 901 5271 susci·
953 5214 1064 5269 bonum
1089 5217 1132 5268 est
1162 5227 1227 5268 cum
1252 5228 1372 5285 corpore
1394 5211 1567 5284 perfecerit,
1594 5212 1673 5267 idem
1700 5228 1803 5284 corpus

64 5299 167 5371 pientes
179 5299 269 5369 oculis
288 5300 455 5355 infundunt.
472 5300 576 5372 Siequa
588 5300 738 5357 hominem
753 5304 789 5359 ad
809 5304 901 5377 laery·
954 5302 1080 5374 gaudere
1100 5301 1177 5357 lacit.
1209 5302 1388 5374 Quapropter
1412 5299 1498 5355 etiam
1520 5300 1608 5354 bomo
1629 5298 1681 5372 qui
1694 5301 1803 5357 bonum

64 5404 119 5443 mes
144 5389 313 5459 perducunt,
337 5388 579 5459 quemadmodum
602 5405 669 5446 cum
690 5396 740 5447 aut
765 5391 795 5447 in
815 5392 899 5449 initio
954 5395 1102 5464 operatur,
1129 5407 1183 5463 per
1206 5392 1329 5464 gratiam
1353 5390 1416 5458 liei,
1432 5389 1495 5461 ipso
1519 5388 1676 5462 nesciente,
1696 5390 1731 5446 ab
1750 5389 1803 5445 bo-

64 5475 202 5547 augmenti
224 5491 274 5533 seu
301 5474 467 5533 detrimenti
496 5475 574 5531 luuoe
603 5478 817 5535 firmamentum
849 5496 901 5552 per
954 5480 1081 5538 minibus
1103 5480 1251 5552 diligiturs
1274 5480 1326 5554 qui
1358 5478 1516 5553 aliquando
1549 5476 1579 5532 in
1610 5482 1722 5533 tantum
1750 5496 1804 5551 pro
