3984 6034
142 105 195 160 aar
879 98 908 156 s.
928 97 1159 156 nrauncanurs
1835 101 1889 158 saa
1979 73 1980 78 ‘

140 243 210 310 tate,
232 235 367 294 humanis
387 233 532 292 ruentibus
548 234 846 308 incompreheusibilis
865 242 916 293 est.
934 235 986 292 Sed
1006 235 1156 292 Aintirma
1172 235 1399 292 consideratione
1426 251 1527 308 capere
1549 253 1609 292 nou
1622 237 1727 303 valeas,
1750 237 1888 310 quoniam

28 383 40 390 ,
142 328 178 383 ab
191 333 313 399 utraque
337 328 418 398 parte
446 324 491 380 sui
516 323 589 379 leuis
610 325 714 380 umbra
733 325 810 380 velot
838 327 884 380 ala
906 325 987 380 miras
1042 329 1070 380 et
1083 324 1132 380 ille
1147 325 1337 398 quictelcstas
1359 323 1471 381 diritius
1494 325 1590 392 babet,
1613 324 1777 398 paupertati
1794 323 1890 380 bomi-

141 415 302 473 latitudiuis
325 420 354 469 et
371 413 562 485 longitudinis
582 414 767 470 extenditur:
791 414 869 487 quod
895 419 938 469 est
960 417 988 468 et
1041 413 1108 468 liter
1123 430 1152 469 se
1167 413 1303 470 subdidit.

140 505 172 561 iu
185 503 379 561 admonitione
394 506 423 558 et
437 502 468 556 iu
493 500 679 574 castigatione
703 503 793 558 beatae
813 501 988 558 detensionis
1077 499 1130 556 Sed
1150 501 1226 573 quod
1246 501 1397 558 abeodem
1412 501 1461 574 qui
1473 517 1560 574 super
1574 506 1702 558 montem
1717 501 1799 558 illum
1809 503 1892 558 sedet

140 592 234 650 suavis
259 596 286 647 et
306 592 379 648 leuis
408 591 559 665 protectio,
586 591 761 646 inetlabilem
785 590 928 661 iustitiam
958 589 986 643 iu
1043 588 1279 645 multaeriveutes
1301 590 1432 646 scintille
1456 593 1572 660 exeunt,
1596 607 1660 664 qum
1688 591 1803 647 easdem
1819 593 1892 648 ima·

139 681 381 756 perseverantiam
399 697 475 736 verse
497 680 644 752 aequitatis
655 680 732 752 justa
754 685 783 735 et
802 679 850 751 pie
872 680 988 735 damon·
1043 677 1124 750 gines
1145 694 1250 750 magna
1273 679 1411 734 suavitate
1427 678 1653 736 circumvolant:
1669 679 1723 736 hoc
1739 684 1782 736 cst
1809 680 1891 753 quod

141 777 244 829 susus.
1043 767 1079 822 ab
1098 767 1296 839 omnipotente
1318 768 1376 824 Deo
1392 766 1510 824 diversae
1535 773 1563 824 ct
1583 768 1746 824 lorfissimae
1771 769 1893 825 virtutes

177 862 211 916 Et
224 859 400 932 autoipsum
424 858 460 914 ad
481 856 606 913 radicem
627 855 755 928 ejusdcm
777 855 884 912 montis
909 872 988 928 qum·
1043 855 1073 912 in
1093 855 1189 911 divina
1211 855 1338 912 claritate
1365 856 1507 928 fulgentes
1528 855 1656 926 veniunt,
1678 871 1743 930 qum
1764 857 1827 912 illos
1840 857 1892 930 qni

141 949 208 1005 dam
226 948 323 1020 imago
342 947 472 1020 nudique
498 945 585 1017 plena
610 945 700 1000 ocrrlis
723 948 788 1011 stat,
805 945 872 1016 quia
892 959 989 999 coram
1044 945 1136 1002 Deum
1162 945 1299 1002 veraciter
1318 946 1422 1003 timent
1442 948 1470 1000 et
1493 945 1544 1019 qui
1559 950 1759 1020 paupertatem
1772 944 1893 1018 spiritus

142 1040 200 1094 lieo
221 1036 251 1092 in
273 1036 436 1093 bumilitate
467 1050 592 1107 reguum
621 1034 671 1090 uei
697 1032 852 1106 inspiciens
884 1033 989 1088 timore
1043 1032 1167 1090 fideliter
1194 1037 1302 1104 amant,
1330 1050 1381 1089 sno
1403 1033 1546 1104 adjutorio
1575 1037 1604 1089 et
1626 1032 1755 1089 custodia
1772 1033 1894 1090 circum-

143 1126 392 1183 llomiuivallatus
411 1124 615 1199 perspicuitate
637 1123 720 1178 bouus
742 1127 771 1178 ct
790 1122 877 1194 justae
891 1122 990 1178 inteu-
1044 1123 1144 1178 dautes
1175 1123 1308 1178 ardenter
1342 1122 1553 1194 amplectuntur
1580 1126 1608 1178 et
1631 1122 1783 1179 deliniunt.
1809 1122 1893 1178 Unde
1979 1119 1980 1138 ¹

141 1216 229 1271 tionis
254 1215 381 1272 studium
408 1217 437 1269 et
459 1212 643 1269 stabilitatem
668 1228 749 1267 suam
771 1212 802 1267 iu
823 1211 989 1268 bominibus
1044 1213 1072 1265 at
1085 1209 1189 1284 inipso
1203 1215 1301 1267 moute
1315 1211 1398 1283 quasi
1419 1211 1553 1283 plurimae
1569 1209 1724 1268 fenestellae
1745 1212 1891 1281 ridentur,

142 1308 263 1366 exercet,
288 1304 327 1358 ita
351 1303 429 1375 quod
452 1302 514 1374 ejus
537 1300 648 1356 nullam
679 1301 835 1356 humanam
865 1301 988 1356 formam
1043 1299 1706 1374 inquibnsvelutcapitahominumquaadam
1729 1299 1845 1372 pallida,
1863 1305 1893 1354 et

141 1411 202 1466 pre
226 1393 296 1464 ipsis
319 1391 408 1447 ocrrlis
435 1391 597 1446 discerncre
615 1389 702 1458 vales,
719 1389 857 1460 qnoniam
873 1406 989 1445 omnem
1044 1387 1176 1460 quiedam
1197 1387 1262 1443 alba
1277 1393 1432 1461 apparent;
1448 1389 1517 1460 quia
1531 1389 1562 1443 iu
1586 1404 1698 1444 summu
1726 1388 1892 1456 altitudine,

142 1482 315 1538 oblivionem
334 1481 455 1553 justitie
486 1480 536 1535 llai
568 1494 654 1550 quam
677 1477 782 1549 sepius
805 1477 936 1534 homiues
958 1478 988 1533 iu
1043 1477 1277 1548 profundissimae
1293 1483 1321 1532 et
1344 1478 1596 1550 perspicacissime
1619 1477 1758 1550 agnitioni
1775 1477 1825 1532 llei
1841 1494 1894 1532 uec
1979 1545 1980 1548 Ἴ

141 1570 227 1628 taedio
244 1570 348 1625 mentis
375 1585 434 1624 soae
456 1568 584 1623 sentiunt
609 1583 663 1639 per
683 1566 879 1622 acutissimam
899 1567 988 1623 aciem
1010 1535 1141 1634 Bcelari,
1164 1581 1218 1622 uec
1241 1565 1378 1622 abscondi
1404 1571 1527 1638 possunt
1551 1565 1645 1621 studia
1665 1571 1780 1621 actuum
1797 1566 1893 1622 homi·
1979 1557 1980 1622 t

141 1656 325 1730 inspectionis
341 1672 398 1711 suoe
411 1657 451 1711 ita
464 1655 561 1727 abjicit
576 1670 583 1709 ε
601 1655 679 1726 quod
699 1654 828 1709 mortalis
842 1653 989 1726 inquisitio
1045 1671 1126 1723 uum,
1151 1671 1217 1711 curn
1239 1661 1269 1711 ct
1288 1659 1418 1728 teporem
1438 1660 1467 1710 et
1491 1655 1644 1710 candorem
1676 1655 1707 1710 iu
1730 1655 1894 1726 semetipsis

141 1745 318 1818 vigilantiam
334 1745 396 1816 ejus
411 1743 440 1798 iu
457 1742 603 1798 debilitate
618 1759 669 1797 sua
683 1758 743 1798 non
756 1741 881 1796 discutit.
1045 1744 1202 1816 saepissime
1226 1744 1434 1810 demonstrent,
1459 1744 1596 1816 quonism
1618 1748 1646 1798 et
1659 1741 1746 1798 modo
1760 1743 1894 1800 homines

179 1833 259 1890 [lude
285 1839 313 1888 et
340 1837 405 1888 ante
420 1833 516 1900 istam,
541 1832 638 1902 imago
664 1831 721 1886 aliu
743 1830 863 1902 puerilis
887 1831 990 1900 etatis,
1046 1837 1074 1888 et
1093 1834 1123 1888 iu
1144 1833 1275 1889 cordibus
1290 1838 1319 1889 et
1339 1832 1370 1888 in
1397 1833 1480 1890 lactis
1501 1833 1560 1887 suis
1572 1832 1682 1904 fatigati
1699 1831 1730 1888 iu
1744 1838 1894 1889 coutume-

141 1923 248 1995 pallida
274 1923 382 1988 tunica,
406 1921 456 1976 sed
480 1919 552 1976 albis
570 1920 773 1990 calceamentis
787 1919 888 1976 induta
902 1936 991 1992 appa·
1045 1921 1083 1978 lia
1098 1921 1255 1978 dormitant
1270 1939 1276 1978 :
1293 1922 1378 1978 modo
1392 1921 1554 1978 exsuscitati
1570 1922 1601 1976 iu
1619 1923 1728 1977 honora
1743 1921 1892 1994 evigilant,

141 2017 195 2080 ret,
212 2009 280 2084 quia
294 2010 472 2082 precedente
482 2009 586 2065 timore
603 2007 729 2076 Domini,
749 2008 792 2064 illi
813 2008 862 2081 qui
878 2025 989 2080 paupe·
1045 2011 1289 2082 quemadmodum
1308 2011 1490 2067 Solomonia
1508 2013 1653 2068 voluntate
1672 2027 1739 2067 mea
1760 2015 1892 2080 testatur,

140 2116 187 2156 res
200 2099 302 2172 spiritu
317 2102 385 2154 suut
412 2098 637 2170 subsequuntur,
665 2097 803 2169 quoniam
826 2098 915 2153 timor
939 2100 991 2153 llo-
1045 2100 1143 2156 dicens
1159 2117 1166 2155 ε
1183 2101 1352 2174 Egestatem
1365 2104 1487 2174 operatu
1506 2103 1550 2158 est
1564 2116 1669 2156 manus
1681 2099 1813 2164 remisso,
1826 2117 1894 2156 mu-

141 2188 213 2244 mini
227 2188 257 2244 in
271 2187 422 2244 devotione
436 2186 989 2259 humilitatisbeatitodinempauperta-
1044 2205 1098 2246 uus
1113 2193 1210 2246 aulem
1231 2188 1353 2257 sortium
1373 2187 1491 2245 diuitias
1511 2191 1601 2262 purat
1624 2190 1717 2260 (Pron.
1743 2189 1781 2260 xl.
1811 2189 1892 2254 Quod

140 2277 309 2348 tisspiritus
330 2276 443 2331 fortiter
471 2279 567 2342 tanat3
584 2291 649 2346 qnae
674 2291 731 2330 nou
754 2275 923 2347 jactantiam
938 2290 991 2330 uec
1044 2277 1158 2345 dicitur,
1174 2275 1336 2331 debilemet
1348 2292 1506 2348 pauperem
1524 2293 1553 2332 sa
1567 2277 1653 2333 bomo
1674 2275 1722 2330 ille
1745 2274 1822 2342 iecit,
1842 2275 1894 2348 qrri

141 2365 293 2420 elationem
318 2363 411 2419 cordis
432 2363 551 2435 appetit,
583 2363 632 2419 sed
659 2362 872 2435 simplicitatem
895 2367 924 2419 et
945 2380 989 2419 so·
1045 2365 1138 2422 noluit
1167 2363 1309 2436 justitiam
1342 2365 1466 2437 operari,
1497 2381 1549 2420 noc
1576 2364 1760 2438 iniquitatem
1786 2363 1894 2432 delere,

140 2453 292 2510 brietatem
317 2452 421 2508 ruentis
445 2451 547 2524 diligit,
572 2468 632 2508 uon
655 2451 710 2507 sibi
725 2451 775 2508 ssd
795 2453 853 2508 ileo
868 2452 990 2507 velutin
1045 2470 1097 2511 uec
1120 2453 1248 2509 debitum
1277 2454 1434 2522 remittere,
1458 2454 1508 2509 ubi
1531 2471 1549 2509 a
1569 2453 1747 2510 mirabilibus
1772 2468 1896 2525 operum

139 2544 248 2614 pallore
264 2541 450 2613 subjectionis
463 2539 541 2611 justa
557 2556 645 2611 opera
661 2556 713 2595 sua
731 2539 813 2613 guasi
836 2540 989 2598 indumen·
1044 2541 1232 2599 beatitudiuis
1254 2544 1361 2598 otiosus
1391 2543 1561 2614 permansit.
1584 2543 1639 2608 uui
1668 2546 1767 2598 autem
1790 2557 1893 2613 opera-

139 2637 203 2687 tum
225 2630 341 2703 pallidae
363 2630 468 2686 tunicae
495 2629 636 2699 tribuens,
662 2633 690 2685 et
720 2629 841 2685 candida
871 2629 991 2700 vestigia
1044 2636 1092 2686 tur
1109 2629 1366 2702 tortissimaopera
1381 2629 1481 2686 salutis
1497 2645 1504 2684 :
1519 2629 1595 2685 viam
1610 2626 1739 2684 veritatis
1763 2644 1894 2694 correus,

142 2719 205 2775 llilii
230 2719 278 2775 llei
305 2718 428 2776 fideliter
451 2719 641 2790 subsequens.
676 2717 768 2789 Super
798 2718 879 2790 cujus
905 2723 991 2791 caput
1045 2718 1154 2774 iontem
1181 2717 1308 2773 salientis
1330 2717 1428 2789 gloriae
1448 2715 1535 2789 cepit,
1550 2717 1580 2773 in
1596 2732 1654 2790 quo
1673 2716 1898 2788 pretiosissimas

140 2813 221 2864 tauta
243 2808 357 2864 claritas
375 2808 411 2863 de
434 2807 553 2864 sedente
575 2812 806 2878 supermontem
832 2806 989 2877 descendit,
1010 2806 1159 2887 Cdiritias
1184 2805 1214 2861 iu
1236 2808 1314 2862 terra
1336 2811 1365 2862 at
1396 2806 1428 2861 in
1454 2806 1526 2862 coelo
1550 2806 1604 2861 sibi
1621 2809 1711 2878 parat.
1735 2805 1814 2862 Uude
1833 2804 1898 2876 qui·

141 2902 174 2953 ut
188 2896 288 2953 taciem
311 2897 373 2968 ejus
395 2897 504 2953 intueri
527 2911 587 2952 nou
609 2897 716 2966 possis;
732 2895 800 2967 quia
819 2900 992 2969 potestatem
1045 2910 1160 2968 conque
1178 2894 1329 2950 scientiam
1343 2895 1373 2950 in
1388 2891 1497 2966 Spiritu
1511 2899 1610 2950 sancto
1621 2899 1650 2951 et
1662 2910 1772 2966 pennas
1791 2893 1822 2947 iu
1837 2892 1897 2948 fide

142 2990 172 3040 et
194 2985 393 3041 tortitudinem
418 2985 604 3041 beatitudinis
619 2985 682 3057 eius
696 2984 836 3040 serenitas
849 2984 991 3040 visitatio·
1048 2984 1140 3048 babet,
1156 2982 1206 3038 illa
1234 2983 1460 3040 admonitionem
1483 2999 1577 3040 meam
1597 2999 1655 3040 nou
1668 2982 1900 3055 transgrediatur

143 3074 188 3129 uis
212 3075 298 3139 illins,
325 3074 375 3146 qui
397 3073 477 3130 omui
500 3079 640 3129 creature
665 3073 847 3129 laudabiliter
867 3073 993 3147 imperat
1046 3072 1094 3128 sed
1119 3087 1182 3126 cam
1209 3071 1239 3126 in
1264 3077 1351 3144 gustu
1381 3073 1487 3129 anime
1517 3089 1576 3128 suae
1613 3071 1811 3144 amplectendo
1833 3087 1900 3143 per·

142 3166 251 3218 mutam
281 3162 409 3218 iufundit
429 3167 462 3218 ut
490 3162 688 3232 copiositatem
717 3161 808 3234 ipsius
833 3163 946 3218 mortali
964 3168 993 3218 et
1046 3161 1143 3236 cipiet.

819 3449 949 3523 VlSlO
979 3449 1213 3524 SECUNDA.

139 3637 176 3694 Su
185 3651 338 3693 ussurus.
350 3667 386 3677 —-
398 3633 561 3704 Quodbeuti
573 3635 672 3709 angeli
690 3635 773 3692 nullo
781 3635 909 3708 impulsu
925 3636 1075 3707 injustitie
1088 3635 1191 3703 territi
1206 3637 1243 3693 ab
1258 3651 1358 3693 amore
1367 3639 1395 3694 et
1409 3636 1495 3693 laude
1513 3641 1565 3694 liet
1578 3636 1795 3693 abstrabuntur.
1813 3637 1896 3704 Quod

174 3707 293 3769 Lucifer
304 3707 434 3763 decorem
451 3711 480 3762 et
496 3706 555 3763 uim
566 3707 747 3774 fortitudinis
765 3723 825 3764 sue
833 3706 1020 3764 conmdmuns
1037 3707 1202 3780 superbivit,
1220 3711 1248 3763 et
1264 3708 1403 3764 mecam
1422 3708 1478 3763 sibi
1488 3709 1732 3766 uomentientibus
1750 3726 1769 3764 u
1781 3709 1895 3764 caelesti

171 3778 269 3852 gioria
285 3780 391 3849 ejectus
405 3783 458 3833 cst.
472 3779 551 3846 Quod
566 3781 643 3834 Deru
658 3779 785 3847 injustus
797 3782 880 3846 esset,
897 3778 924 3834 si
932 3795 998 3834 eum
1007 3795 1065 3834 non
1082 3779 1242 3848 dgecuset.
1266 3779 1360 3835 Verba
1373 3781 1426 3836 tub
1439 3779 1479 3833 ud
1491 3781 1622 3836 eumdem
1635 3796 1706 3834 rem.
1721 3782 1763 3834 De
1776 3779 1893 3836 interno

175 3850 225 3921 gui
233 3848 265 3904 iu
278 3848 438 3906 uorueitute
450 3865 505 3904 suu
516 3848 736 3905 submersionem
751 3848 917 3905 animarum
937 3853 1023 3906 tenet.
1041 3849 1120 3916 Quod
1138 3849 1169 3904 in
1182 3849 1340 3919 dejectione
1354 3848 1474 3917 diaboti,
1490 3849 1623 3919 infernus
1633 3849 1731 3917 fuctus
1745 3854 1797 3906 est.
1817 3851 1897 3917 Quod

172 3922 305 3994 gebenna
322 3919 552 3993 inpunitentibus
571 3919 652 3976 obuia
678 3923 721 3976 est
727 3939 738 3985 ;
755 3919 916 3993 purgandis
936 3924 1041 3976 cetera
1059 3923 1203 3977 tormenta
1229 3919 1324 3993 posita
1341 3924 1419 3976 sunt.
1446 3921 1537 3976 Verba
1559 3921 1720 3979 Ezechielis
1742 3923 1778 3976 de
1794 3921 1897 3976 eudem

175 4007 216 4046 re.
231 3994 271 4046 De
291 3990 437 4046 diabotreu
454 3991 562 4059 fraude
575 3991 703 4062 primum
722 3990 857 4047 leoninam
869 4008 921 4064 per
933 3995 1096 4064 serpentem
1113 3991 1279 4063 decipiente.
1294 3990 1372 4058 Quod
1390 3991 1523 4047 diabotus
1533 3993 1652 4048 nmmeit
1665 3993 1797 4048 arborem
1809 3991 1898 4048 ittum

177 4060 365 4116 interdictum
382 4077 454 4127 esse,
472 4059 531 4116 uisi
544 4077 581 4116 ea
599 4063 666 4117 an
683 4062 875 4134 responsione.
895 4063 960 4129 Qua
975 4061 1099 4118 tenenda
1115 4062 1161 4119 aet
1174 4078 1235 4134 gua
1250 4061 1370 4118 uitanda
1394 4062 1495 4118 sintin
1507 4063 1647 4137 conjugio.
1667 4063 1898 4136 Verbuupoatuti

175 4132 211 4186 de
222 4131 323 4186 eudem
336 4148 374 4186 re.
386 4132 441 4188 Gur
457 4135 525 4185 unte
534 4130 765 4188 incarnationem
774 4132 898 4202 Domini,
914 4133 1034 4204 quidum
1071 4133 1149 4189 tures
1169 4149 1272 4189 uxores
1289 4133 1435 4190 baberent.
1455 4135 1517 4189 Gur
1532 4150 1582 4190 saec
1604 4135 1687 4191 bomo
1705 4151 1758 4189 nec
1775 4134 1898 4206 augelus

175 4201 453 4258 bominemtiberure
466 4201 568 4272 patuit,
582 4203 724 4260 sedeatur
739 4204 794 4260 Dei
803 4202 904 4259 Filius.
931 4204 1027 4260 Verba
1044 4150 1196 4276 &spientis
1211 4204 1247 4258 de
1259 4203 1359 4260 eudem
1373 4221 1413 4260 re.
1436 4203 1513 4272 Quod
1534 4205 1743 4278 consanguinei
1763 4204 1898 4276 conjugio

175 4289 232 4328 uon
241 4275 419 4346 copulentur.
435 4273 608 4344 Exemplum
631 4273 760 4331 deluaie.
775 4277 829 4332 tlur
848 4272 880 4329 in
900 4275 995 4330 Veteri
1016 4275 1204 4341 Testamenta,
1220 4275 1384 4347 conjugium
1397 4273 1706 4348 intercursauguineos
1722 4291 1895 4332 concessum

177 4342 217 4398 sit
227 4363 235 4399 ε
244 4343 277 4398 iu
287 4345 369 4400 Nouo
390 4343 579 4415 prohibitum.
602 4344 680 4411 Quod
694 4345 740 4401 uir
755 4362 812 4401 non
830 4344 889 4400 uisi
905 4344 1022 4414 inserti
1037 4349 1128 4416 etate,
1146 4362 1205 4400 nou
1221 4345 1280 4401 nisi
1292 4344 1419 4402 nubilam
1430 4363 1546 4402 uxorem
1555 4347 1650 4403 ducat.
1667 4349 1708 4402 De
1725 4346 1845 4402 oituudu
1857 4345 1896 4401 il-

178 4415 264 4471 ticitu
280 4418 308 4471 et
321 4414 477 4470 libidinosa
491 4415 657 4487 pollutione.
675 4417 768 4483 Quare
789 4416 897 4473 mulier
916 4419 982 4488 post
990 4419 1118 4489 partum,
1135 4417 1182 4474 uel
1199 4416 1293 4472 uuiro
1305 4421 1451 4489 corrupta,
1465 4417 1497 4472 in
1507 4417 1601 4475 oculto
1614 4421 1742 4486 maneat,
1757 4421 1788 4472 et
1798 4417 1835 4472 ab
1844 4418 1897 4473 in-

175 4501 278 4558 gressu
293 4484 395 4558 teuspti
412 4485 563 4542 abstineut.
587 4484 641 4555 Qui
654 4486 687 4542 in
700 4485 897 4546 mnarum
913 4487 1092 4561 pregrsuutis
1107 4504 1137 4544 ae
1149 4487 1293 4560 polluunt,
1311 4487 1633 4545 mutuaenutuae
1647 4489 1789 4547 desudem
1799 4504 1839 4544 re.
1856 4491 1897 4543 lle

176 4561 415 4614 commentatione
423 4555 576 4613 castitatis.
596 4558 877 4614 Jounnesdeeudem
889 4575 930 4614 re.
947 4558 1025 4625 Quod
1036 4559 1152 4632 caputio
1167 4557 1273 4622 Adam,
1291 4563 1365 4616 Deus
1377 4558 1551 4632 paradisum
1574 4560 1707 4615 muniuit.
1726 4559 1805 4626 Quod
1823 4561 1897 4632 guia

176 4627 260 4684 bomo
272 4631 326 4684 ll'ea
340 4627 456 4683 rebellis
478 4627 597 4694 exstitit,
608 4632 744 4684 creatura
756 4630 784 4684 ei
796 4630 880 4702 prius
896 4629 1036 4699 udajectu,
1056 4645 1087 4684 se
1098 4629 1175 4685 ittio
1195 4629 1298 4701 posuit.
1320 4633 1359 4686 De
1371 4630 1535 4686 amenitate
1543 4631 1689 4702 paradisi,
1729 4645 1896 4686 uesuccum

178 4698 273 4755 etaim
289 4703 371 4755 terre
392 4699 490 4754 tribuit
509 4703 539 4754 ut
554 4700 658 4758 anima
677 4699 799 4772 corpori.
814 4703 874 4756 Cur
890 4704 964 4756 lleus
978 4703 1120 4756 bominem
1140 4647 1228 4756 uulpem
1236 4700 1315 4772 seuit
1332 4704 1364 4756 ut
1385 4717 1507 4775 peccare
1527 4702 1665 4773 possent)
1734 4702 1817 4756 boum
1837 4717 1896 4756 uon

178 4769 262 4826 debet
279 4786 394 4826 summu
404 4771 582 4842 perscrutari
589 4791 600 4838 ,·
616 4787 683 4826 cum
698 4788 752 4826 uec
764 4771 867 4842 infima
882 4771 980 4828 uateut
989 4771 1166 4828 examinare.
1178 4771 1256 4838 Quod
1265 4773 1351 4828 nomo
1360 4789 1436 4829 nuuc
1444 4770 1653 4846 aluriorsutget
1666 4787 1754 4844 quum
1765 4771 1849 4843 prius
1864 4771 1896 4826 in

176 4840 258 4968 ezulo.
277 4841 441 4969 Similitudo
463 4840 633 4969 bgrttihgois
645 4847 679 4968 ‚eg
694 4840 859 4969 mgrgurite
875 4843 915 4899 ad
932 4841 1087 4900 bominem.
1104 4845 1144 4900 lle
1157 4843 1404 4900 comuseudutione
1422 4843 1597 4902 humititatis
1610 4845 1639 4899 et
1660 4841 1815 4900 alteritatis
1833 4859 1897 4914 que

178 4928 195 4968 c
253 4928 543 4970 crescemumrus
604 4928 739 4970 anua.

180 5107 289 5164 nunde
303 5108 453 5165 vidisent
468 5107 624 5164 maximam
649 5109 866 5166 multitudinem
892 5108 989 5166 vireu·
1008 5101 1156 5167 Dtudinis
1174 5115 1204 5167 et
1216 5110 1421 5183 profunditatis
1444 5111 1587 5185 apparuit,
1611 5128 1642 5168 os
1663 5113 1745 5170 velut
1758 5129 1790 5168 os
1812 5113 1895 5185 putei
1968 5099 1971 5108 ’

143 5194 217 5252 dum
237 5197 449 5270 lampadarum,
474 5197 595 5253 multam
621 5197 781 5254 claritatem
803 5198 988 5268 habentium
1045 5198 1154 5255 habeus
1174 5203 1202 5255 et
1221 5199 1339 5272 igneum
1363 5199 1477 5256 lumum
1510 5217 1576 5256 aum
1598 5201 1690 5258 multo
1715 5201 1805 5258 fetore
1830 5218 1895 5258 ero·

143 5296 209 5356 quae
244 5283 363 5356 igneum
389 5285 532 5357 fulgorem
564 5285 746 5359 accipientes,
776 5285 991 5344 serenissimum
1045 5302 1128 5343 meus
1149 5287 1184 5344 de
1209 5303 1267 5360 quo
1289 5287 1377 5345 etiam
1400 5288 1549 5346 teterrime
1572 5288 1679 5346 nebula
1702 5291 1838 5346 exhalans
1857 5290 1895 5346 ad

144 5372 329 5444 splendorem
349 5373 461 5448 adeptae
480 5377 557 5431 sunt.
578 5375 611 5431 lit
623 5389 688 5432 ecce
711 5375 791 5433 lacus
812 5377 910 5433 multae
924 5376 988 5432 lati·
1046 5375 1134 5432 tinem
1146 5391 1237 5450 usque
1247 5375 1330 5450 quasi
1345 5377 1407 5436 risu
1426 5376 1685 5452 imperceptibilem
1699 5379 1805 5454 attigit,
1820 5383 1849 5436 et
1862 5381 1894 5436 in
