3984 6034
669 238 923 299 sestias-tto.
941 241 974 310 ii,
995 239 1085 299 visio
1104 241 1162 300 Vll.
1746 249 1799 306 558

49 389 125 426 mem
144 371 258 428 sortitor
276 369 384 443 ubique
396 370 569 426 conculcans
582 370 687 426 acriter
707 387 773 427 eum
785 371 893 428 crucia·
909 377 933 430 it
947 372 1091 440 viderint3
1115 387 1183 430 nam
1200 372 1333 430 diabolus
1348 379 1425 432 artes
1440 391 1507 431 suas
1524 375 1691 436 hominibus
1710 379 1793 437 irau-

45 462 113 516 bat:
133 460 175 515 ita
189 462 287 516 tamen
307 459 386 533 quod
409 459 473 531 ipsa
491 474 545 515 uec
565 459 722 516 ailammis
749 475 801 516 nec
821 476 840 514 a
854 477 899 516 ve
951 462 1085 518 dolenter
1109 461 1211 529 offert3
1227 462 1275 518 sed
1305 462 1355 534 qui
1379 468 1447 520 tnnc
1469 481 1517 520 eas
1538 467 1754 540 concupiscunt,
1776 471 1798 526 ii

46 565 124 604 neno
146 549 225 605 illios
248 548 315 604 lasdi
338 551 459 620 poterat
487 547 650 620 Audiriqoe
669 548 776 604 iterum
796 564 897 604 vocem
951 565 1000 604 ces
1022 556 1133 606 emunt.
1157 549 1328 616 Quomodo‘i
1358 551 1466 608 Bonam
1490 549 1694 611 conscientiam
1713 573 1796 613 suam

47 637 119 692 mihi
141 637 176 692 de
199 637 270 693 cralo
292 636 455 692 dicentem:
472 636 548 691 heus
567 636 667 692 omnia
678 637 755 707 juste
775 642 805 691 et
823 641 897 692 recte
951 638 1033 710 quasi
1048 638 1203 695 vendentes
1226 638 1375 710 abjiciunt,
1391 645 1420 696 et
1436 640 1583 697 mortifere
1601 644 1721 701 vulnere
1734 647 1797 702 ani-

46 725 226 799 dispensans,
259 723 359 781 tideles
389 725 511 796 populos
537 725 574 781 ad
609 726 734 796 gloriam
764 741 897 797 supernae
951 741 1195 784 marumsnarum
1219 727 1303 800 quasi
1325 734 1454 786 ementes
1474 729 1727 789 sibicontrehnnt.
1743 734 1796 792 Sed

47 813 226 868 hereditatis
240 818 339 880 vocat;
363 811 412 866 sed
426 812 566 883 antiquus
588 813 725 886 deceptor
739 813 770 868 in
785 812 897 868 insidiis
950 813 992 868 ibi
1030 815 1148 886 quidam
1181 815 1312 872 homines
1343 817 1434 872 multa
1469 817 1615 874 eeleritate
1651 827 1798 879 currentes

47 903 157 974 positus
178 919 227 957 eos
255 901 398 973 impedire
420 903 547 968 tentans,
576 905 653 955 artes
682 901 819 972 nequitiae
837 918 896 956 suu
950 903 1065 958 nullum
1089 908 1246 960 mereatum
1269 903 1388 974 iaciunt,
1406 906 1474 978 qnia
1498 905 1553 977 ipsi
1580 906 1670 962 Deum
1692 924 1796 980 cogno·

48 994 76 1046 in
97 992 177 1062 ipsos
193 990 307 1058 excitat,
329 988 380 1044 scd
396 993 493 1044 tamen
519 989 555 1044 ab
569 990 611 1044 eis
626 990 896 1060 rictusqconiusio-
950 995 1071 1059 scentes,
1104 993 1271 1048 thesaurum
1299 992 1383 1048 honae
1412 994 1578 1062 voluntatis,
1610 1000 1640 1050 et
1669 1005 1799 1054 aromata

47 1095 115 1136 nem
130 1077 367 1151 presumptionis
381 1093 440 1132 suae
465 1077 577 1150 accipit,
600 1093 667 1133 cnm
689 1077 732 1134 illi
752 1077 896 1134 eoelestsur
950 1077 1089 1135 virtutum
1109 1084 1226 1150 portant
1251 1084 1279 1136 et
1292 1078 1346 1135 sibi
1370 1097 1405 1136 ee
1427 1080 1591 1138 virilissime
1610 1090 1795 1157 comparant:

46 1168 171 1240 patriam
193 1167 368 1240 possideant,
391 1166 498 1239 etipse
520 1166 675 1222 internatas
695 1167 829 1223 horrores
845 1183 896 1221 su·
950 1165 989 1222 ita
1003 1166 1080 1239 quod
1109 1167 1259 1224 seculares
1286 1169 1445 1240 voluptates
1466 1176 1495 1224 et
1513 1168 1670 1226 diabolicas
1691 1175 1798 1245 spurci·

45 1259 121 1312 beat.
147 1256 329 1327 Quapropter
353 1255 431 1310 vides
454 1255 721 1312 ardentem-lucem
736 1258 823 1311 muter
838 1271 897 1310 ma·
950 1255 1005 1310 tias
1033 1256 1168 1312 velociter
1189 1255 1220 1312 in
1244 1257 1389 1314 mandatis
1412 1256 1463 1312 liei
1486 1261 1679 1326 transeuntes,
1697 1258 1798 1318 dnlce-

45 1343 206 1416 guitudiuis
232 1348 348 1417 quante
371 1359 457 1400 mons
489 1357 613 1414 magnus
642 1349 672 1399 et
694 1344 769 1399 altus
788 1348 841 1413 est,
864 1343 895 1398 iu
948 1341 1046 1398 dinem
1063 1343 1232 1400 remissae
1252 1347 1452 1400 contemnunt.
1470 1342 1798 1408 Quidemautemiente

46 1431 214 1487 summitate
245 1447 307 1501 sua,
338 1433 416 1487 velut
435 1431 467 1488 in
495 1433 600 1488 multas
621 1433 734 1505 linguas
764 1432 894 1502 divisam,
949 1434 1091 1486 cuutaset
1110 1429 1268 1486 venditioni
1289 1437 1318 1487 et
1342 1431 1484 1502 emptioni
1498 1431 1537 1487 ibi
1561 1433 1706 1504 insistunt,
1722 1451 1794 1508 quo-

45 1535 111 1593 que
126 1526 170 1576 est
190 1520 295 1577 ardens
320 1521 352 1576 in
374 1521 431 1576 tide
452 1520 631 1576 credentium
650 1520 764 1592 justitia
784 1521 835 1576 liei
864 1520 895 1576 in
949 1524 1028 1576 uiam
1043 1519 1074 1576 hi
1086 1519 1251 1576 tarditatem
1277 1519 1306 1576 in
1327 1519 1559 1592 bonisoperibns
1573 1519 1721 1590 habentes,
1745 1539 1799 1596 per

44 1608 218 1665 fortitudine
238 1610 449 1682 potentiacum
465 1609 695 1681 magnitudinem
710 1609 893 1666 sanctitatum
948 1615 1080 1680 teporem
1096 1607 1225 1679 corporis
1245 1607 1291 1663 sui
1307 1609 1421 1664 coeleste
1436 1607 1611 1664 desiderium
1635 1611 1796 1670 velotiilud

45 1704 75 1752 et
88 1697 273 1752 altitudinem
288 1697 389 1770 gloriae
415 1698 625 1767 demonstrem,
639 1703 727 1770 etque
749 1699 780 1754 iu
794 1698 893 1753 eadem
948 1697 1103 1752 vendentes
1119 1695 1149 1750 iu
1170 1696 1333 1768 semetipsis
1354 1696 1553 1769 exstinguunt,
1578 1702 1607 1754 ct
1621 1699 1798 1771 voluptatem

45 1787 140 1856 gloria
162 1785 252 1841 sancti
279 1785 405 1857 Spiritus
428 1787 541 1842 diversa
561 1788 638 1842 dona
660 1785 832 1842 mirabiliter
844 1785 894 1842 de·
948 1785 1045 1842 carnis
1074 1801 1134 1840 sum
1158 1785 1240 1856 quasi
1271 1799 1335 1840 eam
1367 1789 1496 1840 ementes
1526 1784 1557 1838 in
1580 1800 1610 1840 se
1636 1787 1797 1844 enutriunt.

46 1875 170 1930 claraus.
948 1874 1130 1946 Quapropter
1152 1873 1195 1928 iili
1218 1872 1381 1928 mercedem
1413 1872 1498 1928 bone
1522 1872 1698 1944 operationis
1726 1878 1797 1932 acei-

77 1963 222 2017 litcoram
236 1963 298 2018 loce
323 1962 374 2018 ille
396 1963 528 2035 quaedam
556 1961 711 2020 multitudo
733 1963 894 2020 albatorum
948 1961 1040 2035 pient,
1071 1965 1100 2016 et
1129 1959 1176 2015 isti
1209 1975 1310 2032 peenas
1339 1959 1502 2032 iniquitatis
1516 1976 1577 2016 sues
1600 1961 1793 2034 sustinebunt,

47 2049 199 2106 hominum
215 2055 311 2106 stans:
328 2056 372 2106 est
385 2051 416 2107 in
437 2051 723 2123 praesentiajustitim
736 2051 786 2107 liei
809 2052 896 2107 turba
949 2048 1193 2122 quemadmodum
1219 2047 1349 2104 Ezechiel
1382 2048 1509 2105 ostendit
1535 2048 1646 2106 dicens:
1670 2053 1797 2110 ductilia

45 2138 77 2195 in
108 2137 166 2193 iide
198 2137 357 2194 lucentium
381 2137 535 2194 homiuum
555 2153 609 2211 per
638 2138 713 2194 bona
733 2154 822 2210 opera
843 2155 895 2193 sua
941 2137 1018 2208 justi
1032 2153 1190 2210 supereum
1202 2137 1258 2194 erit
1270 2153 1276 2192 :
1290 2144 1320 2194 et
1329 2136 1466 2210 impietur
1474 2136 1724 2213 impiieritruper
1732 2158 1797 2200 eum

46 2225 160 2278 beneet
197 2224 317 2280 honeste
346 2223 581 2296 compositorum,
614 2228 681 2279 eote
718 2240 791 2296 quos
818 2226 895 2280 velut
947 2225 1059 2294 (Erech.
1074 2227 1183 2297 xviri).
1198 2225 1272 2290 Quid
1287 2225 1364 2281 hoel
1384 2225 1505 2297 Ferigida
1519 2242 1607 2298 opere
1622 2230 1688 2299 puri
1704 2230 1798 2286 homi·

45 2313 192 2384 quoddam
215 2313 310 2368 selum
332 2318 471 2384 tanquam
500 2312 650 2383 crystallus
672 2312 854 2384 perlucidum
879 2331 895 2368 a
948 2315 993 2370 nis
1014 2313 1097 2370 illum
1119 2313 1151 2368 in
1177 2315 1326 2377 sanctitate
1347 2315 1537 2386 perfundunt,
1568 2321 1596 2371 et
1617 2318 1698 2388 quasi
1718 2320 1797 2376 mille

44 2407 161 2471 pectore
185 2401 332 2474 usquead
351 2402 438 2473 pedes
463 2417 563 2457 eorum
583 2406 732 2457 extensum
755 2406 893 2475 apparet3
947 2403 1023 2460 oculi
1045 2401 1216 2474 aspicientes
1238 2403 1268 2457 iu
1293 2403 1381 2458 altum
1397 2409 1485 2476 etque
1502 2403 1530 2459 in
1546 2405 1721 2476 profondum
1737 2409 1797 2465 ubi-

44 2490 113 2561 qnia
144 2489 176 2545 in
207 2499 361 2562 conspectu
391 2505 444 2544 sno
468 2489 594 2544 divinam
626 2490 720 2562 legem
741 2489 845 2545 fortem
867 2497 895 2545 et
948 2509 1005 2564 qua
1023 2507 1089 2548 eum
1104 2490 1292 2558 circumdant,
1318 2507 1433 2548 sursum
1452 2491 1576 2548 terentes
1600 2507 1667 2550 eum
1682 2495 1713 2552 in
1733 2513 1794 2552 ma-

44 2579 228 2650 spleudidem
248 2579 283 2634 ab
305 2577 464 2635 intentione
478 2579 619 2634 honarum
644 2579 790 2635 achonum
803 2593 895 2651 nsque
948 2597 1039 2654 gnum
1071 2581 1211 2636 honorem
1231 2584 1260 2634 et
1289 2580 1319 2634 iu
1344 2579 1498 2652 voluptatis
1517 2597 1577 2638 sure
1602 2582 1797 2642 mortificatio-

45 2668 82 2722 ad
97 2668 325 2740 completionem
346 2683 446 2724 earum
469 2682 585 2742 semper
599 2667 716 2736 habent,
740 2669 895 2741 inquibus
947 2686 1026 2737 nem,
1048 2672 1136 2740 prout
1158 2667 1281 2738 Spiritus
1304 2672 1418 2724 sanctos
1433 2668 1475 2724 illi
1500 2669 1693 2742 inspiraverit,
1710 2673 1797 2730 veluti

46 2756 87 2811 ita
111 2761 322 2826 contortaotor,
347 2756 424 2829 quod
444 2755 549 2812 astutia
570 2761 599 2811 et
619 2756 788 2828 deceptione
815 2756 894 2812 iulia·
948 2760 993 2813 ala
1012 2758 1157 2813 volucrem
1183 2771 1297 2812 sursum
1321 2755 1352 2811 in
1376 2772 1441 2812 eere
1462 2756 1537 2812 tollit
1559 2773 1734 2831 quocunque
1752 2759 1795 2817 illi

46 2845 121 2902 ciuus
133 2845 354 2918 persuasionum
369 2845 500 2917 superari
520 2860 578 2900 non
593 2853 726 2917 possunt.
741 2845 796 2901 Sed
818 2844 894 2916 quod
947 2845 1097 2919 placuerit.
1123 2843 1179 2902 Sed
1211 2844 1357 2916 vipereum
1387 2860 1531 2902 venenum
1558 2846 1697 2917 nequities
1727 2855 1796 2906 sunt
1856 2865 1861 2878 ·

47 2939 112 2989 ante
125 2934 343 2990 multitudinem
357 2933 438 2991 illem
460 2934 543 3008 quasi
562 2933 594 2990 in
612 2934 738 3006 quadam
755 2934 799 2990 via
817 2934 895 2990 velut
913 2933 1112 3033 Csaeuissimae
1135 2933 1250 3005 viperae,
1272 2949 1338 3005 quie
1361 2938 1533 3005 conspumat
1550 2933 1665 3003 coelum,
1685 2950 1797 3008 marge-

48 3023 166 3094 quidam
191 3022 298 3080 vermis
321 3023 402 3079 mirre
424 3023 632 3096 magnitudinis
655 3029 684 3079 et
708 3022 894 3096 longitudinis
947 3021 1033 3078 ritem
1046 3022 1107 3078 luto
1125 3021 1282 3090 involvens,
1316 3026 1345 3076 et
1370 3038 1457 3094 super
1486 3021 1712 3093 pulcherrimum
1732 3042 1793 3084 om·

48 3113 169 3184 supinus
178 3113 268 3184 jacet,
289 3113 345 3169 hoc
361 3117 404 3169 est
418 3112 496 3185 quod
509 3117 576 3168 aute
592 3112 727 3168 notitiem
741 3111 894 3168 hominum
948 3111 1030 3168 nium
1044 3110 1242 3184 speciosorum
1256 3111 1393 3179 fremens,
1409 3125 1476 3166 eum
1490 3125 1558 3166 vero
1575 3111 1625 3183 qui
1641 3112 1713 3168 illud
1728 3114 1796 3171 inii-

48 3200 213 3256 meuisieste
227 3201 359 3271 cognitos
373 3202 403 3256 iu
419 3201 574 3256 viamundi
587 3201 676 3272 hujus
689 3216 755 3273 quae
769 3205 798 3258 ot
807 3199 893 3256 bonis
947 3200 1051 3256 daliter
1072 3200 1266 3272 subsequitur,
1284 3199 1319 3255 de
1343 3198 1521 3255 nobilissimo
1535 3215 1621 3270 opere
1636 3199 1719 3273 digiti
1734 3203 1796 3272 liei,

47 3295 76 3343 et
109 3289 196 3344 malis
223 3289 260 3344 ad
288 3289 480 3361 gradiendum
509 3289 655 3363 proposita
685 3293 728 3344 est
758 3288 895 3362 antiquus
948 3293 978 3346 ct
998 3289 1033 3345 ab
1057 3288 1136 3344 omni
1161 3289 1271 3344 bonore
1285 3292 1346 3344 eta
1369 3287 1550 3344 beatitudine
1564 3303 1697 3361 superum
1715 3291 1796 3349 risio·

47 3394 168 3449 serpens
182 3377 293 3433 nonita
318 3377 350 3438 iu
364 3377 458 3433 lorma
478 3392 541 3442 sua,
564 3377 614 3432 sed
634 3376 665 3431 in
685 3376 895 3449 significatione
947 3376 993 3433 nis
1016 3376 1124 3447 abjicit,
1147 3381 1235 3448 etque
1257 3391 1324 3431 eum
1345 3377 1474 3432 exsulem
1499 3375 1616 3444 iaciens,
1646 3378 1795 3438 erivenls

45 3467 188 3538 mysterii,
217 3465 349 3522 videlicet
378 3481 503 3538 magnus
525 3466 557 3521 in
582 3465 703 3533 malitia,
735 3467 839 3538 longus
865 3466 895 3521 in
947 3465 1112 3522 fructecta
1127 3464 1316 3537 radioejustae
1331 3463 1442 3520 arboris
1457 3463 1607 3520 abscindit.

46 3555 160 3611 insidiis
182 3555 329 3627 projectus
348 3559 478 3628 apparet,
500 3571 615 3610 sursum
636 3553 720 3609 hians
734 3559 765 3608 ut
780 3570 830 3610 eos
845 3555 896 3627 qui
983 3554 1064 3619 Quod
1086 3559 1183 3609 autem
1203 3553 1281 3608 vides
1303 3553 1380 3625 quod
1405 3551 1510 3608 vermis
1525 3551 1573 3608 ille
1597 3553 1688 3626 niger,
1704 3556 1798 3616 hirsu-

46 3647 84 3700 ad
96 3645 226 3700 coelestia
239 3644 364 3700 tendunt
388 3660 440 3716 per
460 3644 660 3716 deceptionem
673 3659 755 3698 suem
769 3642 894 3713 dejiciat,
947 3649 1004 3712 tus,
1030 3644 1176 3698 ulcerosus
1199 3647 1228 3696 et
1250 3641 1376 3712 pustulis
1399 3642 1502 3712 plenus
1526 3645 1586 3695 est:
1611 3641 1666 3698 hoc
1689 3644 1797 3704 indicat

46 3735 96 3790 sed
119 3739 218 3789 minen
239 3732 348 3804 jacens,
375 3731 514 3805 quoniam
540 3749 593 3806 per
616 3731 720 3787 Filium
743 3731 794 3787 liei
822 3730 896 3786 eires
948 3731 1025 3803 quod
1049 3731 1126 3787 idem
1148 3745 1267 3802 serpens
1288 3729 1426 3801 antiquos
1448 3728 1478 3784 in
1500 3729 1650 3800 nigredine
1667 3734 1794 3792 tenebre·

46 3824 109 3893 ejus
123 3823 254 3895 protritae
278 3827 355 3888 sunt,
371 3821 413 3877 ita
434 3821 512 3893 quod
527 3822 559 3876 iu
580 3820 622 3877 eis
640 3819 894 3887 starenonvalst;
948 3835 1015 3875 rum
1041 3817 1229 3885 infidelitatis,
1254 3822 1282 3873 et
1313 3817 1343 3872 in
1371 3817 1438 3888 pilis
1461 3816 1682 3874 absconsionum
1717 3821 1796 3879 dece·

46 3912 179 3982 quamvis
192 3909 404 3965 tantihorroris
418 3914 448 3966 et
463 3909 546 3966 iuriae
567 3909 708 3975 rideatur,
728 3909 804 3964 ultra
818 3908 896 3980 quod
948 3906 1066 3980 ptiouis,
1090 3912 1177 3978 etque
1201 3906 1231 3960 in
1254 3904 1397 3961 ulceribus
1426 3903 1675 3962 immunditiarum
1698 3910 1790 3980 polln-

46 3999 136 4054 etiam
150 3998 239 4054 homo
255 3998 335 4052 ellari
350 4002 458 4069 potest;
483 3998 552 4070 quia
577 4013 751 4052 venenosam
767 3995 895 4052 furorem
948 3995 1047 4061 tionis,
1070 3999 1099 4050 et
1121 3995 1152 4049 in
1169 3993 1294 4066 pustulis
1314 4009 1501 4049 cavernarum
1529 3993 1634 4050 luroris
1657 3997 1794 4056 abundat.

47 4094 76 4142 et
98 4088 261 4144 malitiosus
289 4091 409 4142 conatus
434 4086 465 4142 in
488 4084 701 4157 multiplicitate
726 4084 897 4140 diversitatis
949 4084 1082 4156 Quinque
1118 4084 1205 4140 etiem
1236 4083 1386 4138 varietates
1419 4100 1436 4137 a
1468 4083 1559 4154 capite
1582 4098 1634 4155 per
1667 4091 1796 4144 ventrem

47 4179 120 4249 ejus,
150 4175 304 4231 aestimatio
346 4175 474 4230 mortalis
503 4174 629 4229 hominis
663 4174 806 4245 explicare
838 4189 896 4228 nou
949 4189 1034 4230 soum
1051 4188 1142 4244 usque
1166 4172 1202 4227 ad
1224 4172 1312 4244 pedes
1336 4170 1366 4226 iu
1390 4171 1508 4226 modum
1528 4186 1666 4228 zonarum
1680 4174 1796 4232 descen-

48 4266 131 4322 valet.
158 4264 240 4319 Uodc
266 4270 296 4318 et
317 4264 353 4319 ed
372 4265 436 4336 ejus
461 4263 608 4318 sinistram
636 4261 719 4334 quasi
741 4262 837 4317 iorum
852 4266 894 4316 est
913 4264 1052 4328 ndentes
1071 4261 1102 4317 iu
1117 4277 1146 4316 se
1172 4260 1268 4329 habet,
1288 4259 1356 4332 quia
1380 4259 1509 4332 quinque
1524 4275 1624 4317 sensus
1647 4262 1799 4323 homiuem

48 4354 97 4408 ubi
118 4353 226 4408 divitiae
250 4353 402 4408 hominnm
424 4357 512 4424 atque
543 4349 653 4406 delicie
678 4351 839 4417 saeculares,
866 4355 895 4406 et
947 4350 1067 4408 dirersis
1080 4349 1263 4422 passionibus
1278 4348 1455 4416 vitiorum,e
1479 4348 1647 4422 deceptione
1669 4351 1718 4409 illa
1732 4370 1797 4412 cnm

47 4447 194 4499 mercatus
216 4441 398 4496 diversarum
420 4456 518 4496 rarum
541 4443 698 4511 apparent;
713 4439 851 4512 quoniam
864 4438 895 4494 iu
949 4459 979 4496 se
994 4443 1121 4512 primum
1143 4437 1264 4510 implere
1286 4435 1395 4492 studuit
1418 4453 1510 4508 usque
1524 4438 1558 4493 ad
1572 4444 1797 4500 consummatio·

47 4537 139 4587 morte
173 4547 240 4602 quae
272 4529 350 4586 illius
381 4528 537 4603 proditoris
576 4527 694 4583 sinistra
724 4527 896 4599 intelligitur
949 4545 1017 4585 nem
1046 4529 1123 4582 illem
1152 4541 1218 4580 cum
1241 4523 1353 4580 insania
1374 4523 1436 4595 ejus
1457 4523 1546 4580 linem
1561 4525 1680 4598 accipiet
1700 4528 1799 4586 afflare

48 4621 143 4676 lorum
166 4619 307 4689 cernitur,
323 4618 401 4690 quod
424 4617 602 4690 nequissime
617 4632 706 4689 opera
719 4615 810 4687 ipsius
829 4620 896 4671 snut
949 4633 1010 4673 non
1035 4629 1159 4681 cessans,
1185 4613 1235 4668 sed
1263 4612 1396 4668 fallacem
1424 4609 1626 4668 rectitudinem
1650 4614 1798 4684 simulans,

49 4709 168 4764 mortis:
185 4709 226 4763 ita
234 4707 314 4780 quod
322 4707 364 4762 ibi
377 4707 408 4763 in
418 4706 525 4764 divitiis
537 4705 776 4778 corruptibilibus
795 4721 896 4778 super·
949 4704 1080 4762 homiues
1112 4704 1148 4759 ed
1170 4701 1289 4759 declivia
1312 4701 1531 4758 immundarum
1550 4701 1656 4758 artium
1680 4721 1797 4764 suerum

48 4797 95 4852 bia
108 4802 138 4852 et
151 4813 227 4852 vana
247 4796 343 4868 gloria
364 4801 393 4852 et
414 4796 444 4850 iu
458 4794 570 4851 deliciis
593 4793 768 4850 transitoriis
781 4793 896 4850 lascivia
950 4793 1048 4860 mahil,
1073 4806 1197 4865 quarum
1221 4807 1281 4846 una
1301 4788 1411 4860 viridis,
1434 4789 1491 4845 alia
1511 4789 1587 4858 albe,
1619 4791 1676 4847 elia
1698 4794 1798 4866 mbae,

49 4893 77 4940 ct
104 4885 340 4957 coucupiscentia
369 4890 402 4941 ot
432 4883 463 4939 iu
500 4887 628 4939 mercatu
658 4882 837 4938 venditiones
864 4899 897 4938 ac
950 4881 1083 4955 quaedem
1098 4895 1206 4948 crocea,
1225 4877 1358 4952 quiedam
1383 4878 1466 4950 nigra
1486 4883 1606 4951 apparet
1627 4880 1720 4953 plenae
1740 4899 1800 4939 om-

48 4976 211 5048 emptiones
233 4975 392 5030 multarum
422 4973 593 5028 varietatum
612 4977 796 5027 terrenarum
818 4971 897 5043 copi·
950 4986 1004 5040 nes
1026 4985 1137 5027 veneno
1161 4968 1324 5036 mertiler03
1341 4966 1481 5040 qnoniam
1500 4967 1532 5023 iu
1547 4967 1690 5025 viriditate
1706 4987 1799 5030 secu-

50 5063 173 5119 ditatnm
199 5063 329 5119 fervent:
358 5063 398 5118 ita
425 5066 459 5117 ut
476 5059 526 5133 qui
557 5059 731 5116 diabolicum
756 5063 897 5116 terrorem
950 5059 1040 5115 larem
1074 5055 1231 5124 tristitiam,
1257 5056 1287 5112 in
1323 5055 1457 5111 albedine
1487 5054 1617 5126 ineptam
1639 5055 1798 5116 irreveren-

49 5152 143 5223 palam
165 5152 357 5220 exhorruerit,
380 5151 418 5207 ab
445 5149 490 5208 his
512 5151 635 5206 latenter
665 5149 834 5223 decipiatur,
858 5148 898 5205 vi·
952 5147 1032 5214 tiam,
1048 5145 1079 5203 in
1108 5146 1213 5202 rubore
1238 5143 1359 5201 fallaciae
1379 5143 1511 5216 gloriam,
1527 5143 1558 5198 in
1571 5159 1670 5201 croceo
1686 5149 1799 5206 morde·

51 5239 152 5297 delicet
175 5256 243 5296 cum
267 5241 294 5296 ai
324 5241 424 5296 multas
449 5239 596 5296 suasiones
627 5236 765 5294 vitiorum
798 5237 898 5294 leviter
951 5251 1014 5290 cem
1033 5232 1239 5290 detractionem
1255 5237 1343 5305 etque
1367 5231 1398 5286 in
1415 5231 1564 5304 nigredine
1585 5237 1700 5306 turpem
1722 5238 1799 5294 simi·

51 5331 223 5400 offeruntur,
239 5330 328 5386 veluti
341 5345 408 5386 cum
425 5344 479 5400 per
495 5333 686 5385 mercatorem
699 5326 812 5382 diversa
826 5342 899 5383 mer·
951 5326 1089 5382 lationem
1108 5324 1274 5393 ostendunt,
1298 5338 1365 5380 cum
1387 5322 1570 5394 plenitudine
1594 5323 1717 5383 aliarum
1731 5344 1798 5401 per·

45 5420 175 5477 omnnia
188 5419 358 5476 hominibus
381 5417 584 5486 ostenduntur,
611 5422 645 5472 nt
665 5431 718 5488 per
737 5415 794 5471 hoc
821 5415 898 5470 dele·
952 5413 1120 5470 versitatum
1150 5428 1215 5486 quse
1242 5415 1364 5469 mortem
1393 5410 1546 5467 animabus
1569 5411 1722 5472 hominum
1745 5417 1800 5476 sibi

50 5510 128 5578 clati,
154 5513 239 5566 tanto
271 5506 422 5566 ardentius
455 5511 555 5563 emant
581 5503 660 5578 quod
686 5504 742 5561 sibi
768 5504 898 5561 oblatum
952 5501 1195 5560 consentientium
1225 5499 1362 5557 inierunt.
1397 5497 1453 5556 sad
1475 5500 1553 5572 qnod
1576 5506 1662 5574 caput
1680 5503 1741 5574 ejus
