3984 6034
89 129 141 182 all
716 122 1220 184 rrtstntn.-aetsr.cxv1tt.
1793 127 1845 184 :tta

85 260 119 311 ot
145 273 249 312 murres
271 262 375 314 sauctae
399 257 506 329 regulae
530 260 560 311 et
586 256 811 312 conversationis
834 261 939 313 nostrae
957 257 1063 312 Atiam
1091 255 1256 323 locutionis,
1283 256 1341 313 imo
1362 257 1448 313 etiem
1480 258 1578 314 vinum
1611 257 1754 323 maeroris,
1785 273 1843 329 quo

83 347 122 399 ab
149 345 287 412 inimicis,
311 345 441 401 videlicet
474 345 581 401 odiosis
612 362 644 399 ac
671 345 818 401 invidiosis
847 344 940 400 mori·
994 345 1092 402 divine
1112 344 1242 402 absentia
1271 351 1319 400 tua
1335 361 1381 400 me
1406 345 1543 402 inebriari
1565 346 1640 412 lecit,
1663 349 1775 401 tautum
1798 360 1843 400 me

83 434 154 500 bus,
171 450 231 488 non
250 433 439 505 perfodiatur,
465 439 494 488 et
512 449 549 488 ne
572 434 677 488 ostium
700 433 778 504 pacis
801 450 852 505 per
870 448 939 487 con·
994 433 1105 500 afflixit,
1117 438 1148 488 ut
1160 450 1219 489 nou
1236 434 1328 489 solum
1345 433 1480 502 dictandi,
1496 449 1595 489 verum
1617 434 1704 490 etiam
1731 433 1843 488 vivendi

83 523 292 577 tradictionem
312 521 495 592 repudietnr;
517 521 655 593 quoniam
679 522 703 576 si
720 524 773 578 hoc
789 523 831 590 sit,
857 523 940 578 clau·
994 523 1067 578 mibi
1088 523 1235 578 fastidium
1263 523 1416 588 generarit.
1445 523 1543 578 Melius
1578 524 1655 578 enim
1686 523 1758 578 milri
1782 523 1843 578 iore

84 610 234 665 sulaostii
250 610 341 664 nostri
363 614 515 675 reseratur,
542 610 709 682 inimicique
731 610 822 666 nostri
848 611 878 666 iu
901 613 940 666 ci·
994 613 1138 668 crederem
1162 627 1311 683 nunquam
1338 617 1366 666 te
1390 611 1504 676 vidisse,
1532 626 1682 682 nunquam
1722 617 1748 666 te
1776 627 1842 682 erga

84 700 209 754 vitatem
225 706 353 754 nostram
369 699 637 754 secureambulant.
660 701 693 754 et
709 716 744 754 ue
765 699 854 754 simus
875 716 940 753 cum
994 717 1041 756 me
1061 707 1118 756 tam
1140 701 1295 772 benignam
1312 705 1429 772 lacuque
1458 705 1586 754 materna
1614 699 1723 754 viscera
1743 716 1843 770 geren-

83 786 155 850 iltis,
170 786 223 858 qui
241 803 356 857 semper
381 787 490 844 erranti
512 786 598 842 corde
617 791 686 842 erint
708 787 857 844 dicentes:
883 788 942 842 lloc
993 795 1052 845 tem
1082 790 1213 856 sensisse,
1238 805 1326 860 qnam
1344 805 1395 860 per
1410 793 1488 843 tauta
1514 789 1642 843 locorum
1671 787 1763 858 spatia
1789 788 1844 842 late

84 877 166 948 quod
181 875 310 931 hominis
331 875 509 931 rationalitas
537 876 620 931 uobis
641 877 765 946 penitet
779 877 871 947 eligit,
891 893 942 930 uo-
994 876 1198 946 separatasine
1221 892 1303 931 mora
1321 876 1407 946 lugeo
1431 881 1457 930 te
1473 876 1554 947 quasi
1580 873 1733 946 perditam.
1755 875 1844 945 Spero

84 964 198 1031 laurus,
213 965 362 1036 quicqum
382 981 434 1018 nos
449 963 628 1035 ponimuset
651 963 796 1035 eligimus,
825 965 942 1020 utiliora
994 969 1090 1019 autern
1108 966 1166 1019 lleo
1183 981 1256 1031 meo,
1272 970 1301 1019 et
1316 964 1380 1020 ideo
1399 981 1475 1030 meo,
1492 965 1561 1036 quia
1575 963 1647 1018 nibil
1663 963 1755 1018 habeo
1777 963 1843 1017 cha-

85 1059 117 1107 et
137 1053 266 1122 Justiura
301 1052 351 1108 illo
382 1056 459 1108 suut.
496 1052 546 1108 lsti
570 1053 753 1108 insidiatores
785 1058 861 1120 sunt,
890 1053 941 1124 qui
994 1054 1064 1120 rius,
1080 1055 1206 1126 ecquod
1222 1069 1371 1126 nunquam
1393 1055 1585 1109 caenulentam
1607 1053 1736 1124 corporis
1757 1053 1843 1123 hujus

84 1140 235 1195 civitatem
256 1144 383 1195 neuram
399 1156 453 1210 per
471 1139 589 1194 iusidias
604 1156 670 1195 suas
688 1140 849 1208 destruunt,
872 1141 943 1213 qnia
995 1143 1139 1214 deponere
1155 1159 1201 1198 me
1223 1143 1298 1198 sinet
1316 1143 1482 1210 formulam,
1500 1143 1668 1214 priusquam
1698 1141 1775 1196 dulci
1796 1147 1844 1196 tua

87 1245 157 1300 quae
180 1229 218 1284 de
241 1228 369 1300 antiquis
397 1233 427 1284 et
453 1227 559 1283 sanctia
584 1229 826 1300 magisterialibus
852 1229 941 1285 medi-
994 1230 1105 1286 visione
1129 1247 1161 1286 ac
1184 1231 1323 1286 melliflua
1344 1231 1535 1286 collocutione
1558 1246 1604 1285 me
1628 1230 1728 1285 iecerit
1751 1229 1843 1284 lactiti-

87 1319 131 1372 cis
144 1316 253 1372 uestris
271 1317 302 1372 iu
312 1317 484 1389 jejunando,
498 1318 529 1372 iu
552 1317 698 1388 vigilando
721 1321 750 1372 et
765 1318 794 1372 in
821 1319 941 1387 orendo,
996 1323 1098 1374 catam.
1115 1319 1245 1386 Quodsi,
1261 1319 1471 1391 peccetisrueis
1489 1319 1678 1391 exigentibus,
1702 1335 1760 1374 nou
1783 1334 1844 1372 eve-

87 1407 198 1462 sivein
222 1406 287 1461 aliis
320 1406 475 1462 virtutibus
499 1408 654 1460 constituta
682 1411 760 1472 sunt,
776 1406 940 1476 repudiant,
995 1407 1082 1474 uerit,
1105 1413 1201 1462 tamen
1229 1409 1260 1462 iu
1279 1408 1343 1476 hoc,
1369 1414 1401 1464 ut
1424 1408 1524 1478 pietati
1543 1410 1604 1480 ejus
1619 1407 1746 1474 confido,
1763 1421 1843 1479 spem

88 1501 119 1549 et
150 1497 328 1550 voluntatem
359 1511 442 1550 suam
468 1510 522 1566 pro
551 1495 620 1562 lleo,
648 1494 697 1566 qui
721 1496 798 1567 ipsos
825 1494 941 1564 creavit,
961 1513 1092 1595 Bmeam
1113 1511 1172 1552 nou
1200 1497 1348 1552 frustrabit
1370 1497 1441 1568 quin
1466 1511 1511 1550 me
1528 1496 1569 1551 ibi
1585 1501 1612 1550 te
1636 1495 1775 1551 concedat
1801 1495 1845 1548 vi-

87 1583 548 1654 elignnt.0llliasauctimonire,
564 1599 640 1638 nunc
658 1583 748 1638 audi:
769 1583 866 1638 Turris
892 1589 943 1638 tua
995 1584 1075 1652 dere,
1098 1583 1147 1639 ubi
1170 1600 1318 1656 uunquam
1347 1584 1382 1639 ab
1412 1584 1502 1656 ipsius
1528 1599 1696 1656 separemur
1723 1584 1843 1638 visione.

87 1673 156 1726 sinc
182 1672 282 1744 probis
305 1672 444 1726 militibus
467 1689 556 1728 vacua
570 1675 624 1740 est,
639 1676 669 1726 et
690 1672 823 1727 custodes
839 1671 942 1726 civita-
995 1671 1069 1738 Quid
1083 1673 1190 1744 plura?
1204 1674 1285 1744 Rogo
1311 1677 1410 1728 autem
1432 1677 1469 1736 te,
1488 1677 1580 1727 mater
1602 1672 1798 1736 allectissima,
1813 1677 1845 1726 ut

85 1761 125 1815 tis
141 1766 200 1816 ture
221 1760 450 1828 obdormierunt,
473 1765 559 1832 atque
578 1761 618 1815 ita
640 1762 670 1815 in
706 1761 941 1832 inaquositatem,
995 1775 1063 1817 eum
1091 1761 1121 1815 iu
1154 1762 1235 1834 cujus
1260 1761 1439 1833 amplexibus
1464 1762 1574 1833 jugiter
1593 1759 1790 1828 commoraris,
1817 1765 1845 1814 et

85 1855 117 1902 et
147 1848 273 1902 maxime
303 1853 423 1918 propter
458 1848 661 1919 proprietatem
701 1847 853 1902 voluntatis
881 1863 941 1904 sure
994 1850 1048 1906 sub
1072 1851 1154 1921 cujus
1177 1850 1289 1919 umbra,
1309 1855 1341 1904 ut
1364 1851 1504 1906 hinnulus
1525 1866 1543 1905 a
1564 1849 1676 1904 fervore
1706 1847 1844 1904 tentatio-

85 1937 169 1991 ducti
195 1943 273 1991 sunt.
289 1936 414 2008 ideoque
429 1935 518 1990 turris
532 1942 562 1990 et
581 1936 680 1990 civitas
694 1942 745 1990 tua
772 1939 831 1990 tam
853 1935 942 1992 aridcc
994 1953 1066 1992 num
1099 1937 1281 1992 elvitiorum
1308 1937 1475 2010 requiescis,
1501 1953 1552 2008 pro
1569 1953 1614 1993 me
1639 1936 1786 2010 deprecari
1801 1935 1842 1990 di·

86 2024 339 2096 suut,quodvi1
359 2023 529 2078 consistunt.
567 2025 605 2078 lle
643 2040 745 2079 wmuo
772 2023 869 2095 itaque
890 2029 940 2079 tuo
994 2027 1100 2097 goeris,
1124 2030 1266 2097 quatenus
1286 2025 1356 2081 mihi
1383 2026 1476 2082 adbuc
1495 2025 1602 2081 erranti
1632 2029 1748 2080 eleum
1777 2040 1843 2096 per·

87 2129 188 2183 surge,
206 2111 367 2184 quiniones
382 2112 462 2168 uasis
476 2117 544 2179 tuae,
561 2111 611 2183 qui
633 2112 811 2168 cousuetudo
834 2117 941 2166 sauctae
994 2115 1132 2186 quireuti,
1150 2115 1198 2171 sed
1213 2113 1287 2171 beul
1313 2114 1433 2169 minime
1457 2113 1627 2180 invenienti,
1644 2129 1673 2168 se
1694 2113 1843 2168 invenien-

87 2199 317 2254 conversationis
347 2203 424 2264 sunt,
454 2198 585 2252 nondum
621 2198 700 2270 rapu
726 2204 811 2266 sunu
838 2200 886 2253 ssu
909 2197 941 2253 in
995 2204 1064 2260 dum
1096 2204 1266 2268 manifestet,
1292 2206 1321 2258 et
1344 2202 1396 2258 sub
1427 2204 1528 2258 umbra
1560 2203 1638 2257 trtius
1662 2217 1749 2273 quem
1768 2201 1844 2256 desi-

87 2303 200 2358 magua
215 2287 336 2343 stultitia
350 2303 465 2342 morum
479 2291 508 2342 te
522 2292 706 2357 occupantes,
732 2302 866 2342 rumores
889 2288 939 2359 qui
995 2293 1076 2363 dero,
1092 2309 1138 2348 me
1152 2292 1326 2364 quandoque
1339 2292 1437 2348 sedere
1452 2291 1547 2346 iaciat.
1564 2292 1641 2346 Vale.

86 2376 141 2430 tibi
163 2376 337 2431 conveniant
358 2375 548 2447 quesnellus
573 2374 626 2429 tibi
653 2390 712 2430 nou
733 2374 867 2445 expedit3
890 2374 940 2429 sed

88 2465 167 2519 sicut
189 2465 221 2519 iu
243 2463 364 2519 desertis
385 2462 552 2519 habitaculis
580 2464 679 2534 magui
700 2469 728 2518 et
753 2463 833 2534 parvi
855 2468 940 2534 atque
1184 2433 1387 2490 RESPONSUM
1412 2432 1657 2488 fflfflffifflffls·

88 2552 158 2608 caeci
173 2568 274 2608 mures
299 2556 377 2620 suut,
401 2551 451 2624 qui
480 2551 649 2607 vestimenta
676 2551 825 2606 homiuum
845 2566 939 2606 curro·
994 2537 1169 2594 Gratulatus
1181 2537 1229 2594 illi
1255 2538 1330 2610 ‘lumi
1356 2537 1435 2594 ”5⁰0²
1448 2540 1602 2610 “mmm
1631 2536 1673 2593 'il
1695 2534 1841 2606 “milim-

88 2643 174 2711 dunt,
189 2642 231 2697 ita
243 2657 296 2714 per
312 2641 375 2696 hmc
395 2639 490 2696 omnis
516 2640 694 2695 cousuetudo
720 2646 817 2696 sancta
831 2640 940 2696 discin-
1031 2645 1124 2701 ofilia
1145 2645 1203 2712 nei,
1230 2645 1259 2700 in
1283 2661 1357 2716 pura
1381 2645 1500 2699 seientia
1524 2644 1593 2698 fidei
1616 2643 1677 2698 haec
1701 2641 1788 2696 verba
1807 2641 1843 2696 ad

88 2731 178 2787 ditur.
207 2730 328 2802 llajores
354 2745 451 2783 mures
478 2728 616 2800 inquiete
649 2733 759 2784 mentes
781 2728 940 2799 impietatis
995 2738 1022 2788 te
1045 2735 1119 2789 dicta
1143 2733 1232 2788 audi:
1262 2733 1325 2788 Ver
1352 2733 1472 2788 carrion
1508 2731 1608 2787 audita
1634 2731 1678 2785 erl
1698 2729 1730 2784 t'u
1763 2731 1843 2782 lerra

88 2825 176 2887 suut;
203 2819 284 2890 parvi
306 2833 374 2873 vcro
403 2815 564 2886 stultitiam,
602 2833 667 2889 quoe
696 2833 713 2871 t
736 2818 781 2873 tic
813 2815 941 2872 veritalis
959 2825 1093 2888 cnostru
1113 2822 1213 2892 (Cant.
1234 2821 1277 2893 n).
1294 2822 1352 2876 lloc
1375 2827 1417 2876 eat
1433 2822 1467 2876 de
1491 2819 1562 2875 Filio
1588 2819 1647 2886 Dei,
1670 2819 1720 2889 qui
1744 2821 1844 2872 contre

88 2907 270 2964 nocturnalis
292 2911 345 2970 est,
366 2905 551 2978 significant:
577 2906 644 2960 casei
664 2911 761 2962 autem
784 2906 938 2963 vanitatem
994 2911 1089 2966 caruis
1109 2911 1176 2983 jura
1194 2925 1227 2964 er
1244 2911 1358 2981 integra
1378 2912 1455 2964 terra
1477 2908 1571 2964 llariae
1594 2905 1729 2977 Virginis,
1760 2909 1843 2960 uatus

88 2999 177 3070 hujus
201 2997 310 3062 saeculi,
335 3012 400 3069 quae
420 3012 436 3049 a
457 2995 520 3050 luce
534 2995 653 3066 justitiae
677 3011 752 3051 cuca
772 3001 823 3062 est,
839 3001 940 3052 osten·
994 3005 1048 3055 est.
1066 3000 1162 3054 Flores
1176 2998 1307 3054 omnium
1322 2999 1460 3054 virtutum
1475 3000 1504 3052 et
1519 2997 1689 3051 ornamenta
1711 2993 1841 3050 omnium

88 3089 171 3144 dunt.
189 3087 269 3142 Unde
284 3086 315 3141 iu
343 3084 497 3155 Evangelio
524 3084 661 3155 scriptum
695 3088 738 3140 est
755 3100 762 3140 :
779 3085 867 3141 Omne
893 3103 939 3140 re·
993 3089 1209 3161 pigmentorum
1247 3094 1460 3158 processerunt,
1501 3101 1566 3158 quae
1598 3085 1629 3139 in
1662 3099 1691 3137 se
1724 3082 1842 3137 odorem

84 3194 176 3250 gnum
190 3175 223 3230 ia
237 3173 331 3248 seipso
348 3172 475 3229 diuisum
495 3172 673 3228 motantur
688 3173 768 3240 (Luc.
789 3161 842 3242 11)ss
859 3175 940 3229 Nunc
994 3177 1141 3233 suavitatis
1165 3177 1303 3232 virtutum
1329 3177 1500 3231 habitarunt.
1523 3175 1625 3229 llortus
1645 3171 1722 3228 enim
1738 3171 1841 3226 herum

89 3266 187 3337 aspice
202 3265 233 3318 iu
256 3279 342 3336 quam
366 3278 473 3333 magno
498 3261 600 3316 ardore
614 3261 736 3332 Spiritus
750 3261 842 3315 sancti
862 3263 941 3333 plan·
992 3267 1133 3322 virtutum
1147 3265 1178 3320 in
1207 3265 1362 3337 peregrino
1386 3263 1445 3319 silio
1465 3263 1598 3329 surrexit,
1613 3261 1664 3334 qui
1680 3260 1716 3316 ad
1731 3263 1840 3332 petrem

7 3413 13 3423 ,
88 3359 149 3409 tata
177 3352 226 3407 sis.
252 3351 433 3423 Quapropter
447 3355 476 3405 et
500 3349 661 3404 ministerio
682 3366 733 3406 suo
748 3350 779 3404 iu
795 3355 822 3405 te
843 3366 939 3406 carere
994 3370 1089 3421 surim,
1106 3354 1213 3409 scilicet
1228 3353 1456 3425 omnipotentem
1470 3353 1595 3416 Patrem,
1611 3349 1685 3405 inse
1702 3364 1841 3415 reversus,

89 3457 149 3496 nou
173 3443 244 3511 vult,
268 3445 298 3495 et
322 3440 447 3512 primam
474 3439 604 3510 regulam
634 3440 663 3494 lt.
694 3439 836 3494 benedicti
868 3439 939 3495 alio·
994 3448 1109 3516 peccate
1125 3458 1176 3498 sua
1199 3441 1365 3498 confitendo
1387 3441 1522 3507 cucurrit,
1553 3455 1639 3511 quem
1663 3437 1725 3508 ipse
1745 3437 1842 3492 osculo

89 3545 216 3600 rumque
248 3529 452 3600 magistrorum
482 3527 615 3599 diligenti
643 3527 727 3582 eorde
758 3527 883 3594 attende,
908 3533 941 3582 ui
993 3531 1181 3588 humanitatis
1205 3531 1268 3586 Filii
1291 3531 1333 3585 eui
1355 3529 1491 3601 suscepit.
1518 3529 1550 3583 Et
1575 3534 1643 3582 tnnc
1657 3543 1709 3581 vox
1723 3524 1843 3581 turturis

89 3632 151 3671 non
167 3615 391 3688 persuaserint
419 3616 450 3670 in
471 3619 611 3671 eternum
639 3616 727 3670 vivas.
754 3617 806 3669 vos
832 3621 941 3685 autem,
994 3621 1209 3687 aeditumum
1237 3623 1355 3691 propter
1377 3633 1504 3673 amorem
1531 3615 1743 3673 boimundum
1776 3629 1841 3668 eum

91 3705 226 3760 ocuucti
251 3703 391 3776 magistri,
418 3703 567 3776 providete
602 3703 696 3758 stultis
724 3703 857 3774 agricolis
884 3702 941 3758 illis
994 3709 1140 3763 voluntate
1166 3713 1264 3763 nostra
1290 3705 1541 3778 relinquimus,[ut
1568 3703 1654 3758 etiam
1669 3706 1765 3758 turtur
1783 3717 1842 3771 pree

90 3793 202 3848 similes
224 3793 296 3858 sitis,
320 3792 456 3864 quicum
483 3795 610 3846 aratrum
632 3807 685 3862 per
714 3791 840 3864 seipsum
864 3797 940 3846 recte
993 3795 1113 3868 reliquis
1136 3795 1300 3850 volatilibus
1322 3795 1400 3850 solus
1420 3800 1517 3849 manet
1544 3808 1609 3846 cum
1625 3791 1736 3845 socium
1758 3805 1841 3844 suum

91 3883 244 3938 ambulans
258 3880 363 3948 vident,
379 3881 517 3951 gaudium
532 3880 733 3950 habeut;cnm
743 3885 838 3935 autern
853 3896 939 3935 curve
993 3885 1107 3940 amittit.
1146 3885 1191 3940 Sic
1229 3887 1259 3938 tu
1300 3883 1397 3945 etiam.
1438 3881 1605 3936 charissima
1641 3879 1711 3946 illia,
1751 3877 1843 3932 iecisti

90 3971 205 4037 incidit,
225 3970 346 4024 taedium
370 3969 477 4024 habeut
498 3969 527 4024 id
551 3975 627 4023 recte
656 3975 781 4038 vertere;
811 3969 940 4023 etetiem
994 3974 1111 4045 quaudo
1133 3989 1267 4046 pompam
1286 3972 1373 4044 hujus
1397 3970 1497 4026 muudi
1524 3967 1676 4041 reliquisti.
1708 3968 1730 4024 Ο
1755 3982 1842 4038 quam

88 4067 187 4115 cavete
212 4075 248 4112 ue
271 4057 477 4114 Paterfamilias
495 4057 578 4112 vobis
602 4056 699 4112 dicat:
722 4057 840 4112 Inutiles
869 4057 940 4112 mihi
993 4062 1114 4134 pulchra
1141 4061 1334 4115 calceamenta
1356 4064 1415 4124 tua,
1443 4057 1503 4114 illia
1523 4057 1609 4128 regis,
1632 4055 1759 4120 iuerunt‚
1776 4069 1841 4108 cum

91 4150 168 4218 estis,
184 4147 254 4221 quia
276 4144 478 4201 villicationem
501 4154 626 4200 vestram
651 4163 711 4200 nou
736 4152 812 4201 recte
826 4145 938 4218 perlici·
959 4131 1113 4222 Epropter
1132 4164 1260 4204 emerem
1277 4147 1326 4204 llei
1340 4153 1447 4202 arctam
1469 4152 1497 4200 et
1519 4152 1670 4217 angustam
1694 4144 1769 4198 viam
1788 4143 1843 4213 spi·

91 4239 142 4304 tis;
157 4237 209 4292 sed
224 4235 347 4291 sollicite
363 4233 552 4302 considerate,
568 4250 632 4305 quae
651 4235 804 4290 necessitas
825 4239 855 4289 et
877 4250 941 4304 quae
994 4237 1086 4294 ritulis
1101 4237 1166 4292 vitae
1178 4237 1307 4293 intrastil
1335 4234 1426 4302 Unde,
1442 4251 1459 4288 o
1474 4235 1533 4288 filia
1547 4235 1627 4300 Sion,
1653 4233 1757 4304 gaude,
1775 4231 1843 4302 quia

91 4327 250 4384 adversitas
276 4323 457 4378 subditorum
480 4326 640 4377 vestrorum
656 4321 702 4388 sit,
727 4327 836 4377 etcum
860 4321 940 4376 omui
994 4326 1027 4383 iu
1049 4326 1142 4382 medio
1166 4325 1260 4381 cordis
1282 4323 1325 4380 tui
1347 4323 1470 4395 Spiritus
1496 4326 1610 4377 sanctus
1632 4319 1751 4376 habitat.
1772 4319 1843 4374 Con-

91 4409 287 4466 sollicitndine
301 4425 351 4464 0⁰³
365 4408 517 4480 protegite·
995 4413 1090 4470 sidera
1104 4413 1181 4468 enim
1198 4411 1274 4484 qnod
1288 4411 1451 4467 consolator
1467 4416 1534 4463 tuus
1554 4407 1628 4463 sicut
1651 4407 1744 4462 lilium
1766 4404 1844 4460 inter

366 4533 531 4590 Epfflom
561 4532 664 4587 cxvffl
995 4501 1092 4572 spinas
1106 4505 1134 4554 te
1148 4498 1307 4566 coustituit,
1329 4512 1394 4552 cum
1410 4511 1547 4568 pompam
1568 4499 1598 4550 et
1612 4493 1725 4550 divitias
1746 4491 1844 4548 secoli

667 4571 674 4587 ⁸
995 4590 1092 4660 hujus,
1117 4605 1188 4660 quas
1217 4587 1305 4642 Filius
1332 4585 1382 4640 bei
1409 4584 1506 4656 spinas
1529 4583 1698 4649 nominavit,
1724 4580 1842 4645 habens,

439 4743 445 4755 ,
486 4743 492 4754 ,
758 4744 764 4754 ‚
995 4677 1153 4749 spiritalem
1177 4676 1262 4731 vitam
1288 4675 1409 4746 elegisti.
1431 4674 1473 4729 Tu
1503 4673 1600 4739 etiam,
1632 4671 1705 4726 sicut
1727 4683 1794 4724 rosa
1814 4667 1844 4722 in

213 4749 310 4814 QW‘
323 4761 410 4819 ΨΜ
433 4760 528 4816 ‘imm
545 4744 631 4814 semi
652 4744 822 4801 mmmm·
995 4767 1120 4832 lericlru,
1139 4767 1171 4821 iu
1200 4765 1383 4836 passionibus
1407 4762 1601 4819 conversionis
1616 4767 1673 4815 tue
1696 4758 1842 4820 rutilabas.

128 4855 309 4912 lirenauanur
325 4851 410 4908 matri
426 4868 485 4907 sure
499 4851 554 4907 sibi
569 4851 599 4905 iu
615 4850 727 4906 Christo
742 4852 941 4920 allectissima,
998 4857 1078 4911 Nunc
1093 4860 1187 4910 autem
1203 4853 1238 4908 de
1253 4858 1280 4908 te
1295 4852 1419 4924 gaudeo,
1432 4852 1500 4924 quia
1514 4852 1545 4905 in
1560 4855 1588 4906 te
1608 4849 1751 4919 completa
1778 4849 1845 4900 eunt

92 4947 121 5002 G.
140 4944 192 4998 ille
213 4959 264 4997 suu
287 4947 317 4996 et
331 4957 397 4996 vere
417 4946 476 4996 tota
500 4957 561 5007 sue,
585 4939 661 5011 quod
678 4940 941 5009 oculurnnneida't,
996 4959 1062 5016 quae
1088 4943 1123 4998 de
1155 4947 1182 4997 te
1209 4941 1304 4996 andivi
1342 4945 1372 4996 et
1399 4938 1575 5005 desideravi;
1614 4941 1643 4992 ct
1670 4943 1702 4991 tu
1731 4950 1844 4990 mecum

91 5050 143 5088 nec
165 5027 382 5098 eumaeum,
404 5027 499 5084 necin
519 5044 567 5083 cor
595 5026 722 5084 bominis
742 5029 873 5084 menidi!
896 5029 944 5102 (Il
996 5030 1099 5104 gaude.
1124 5031 1181 5103 Ego
1207 5047 1274 5086 vero
1295 5029 1412 5084 iuvere
1446 5028 1564 5099 optione
1597 5031 1664 5097 opto
1686 5029 1716 5080 ut
1745 5039 1845 5079 murus

93 5125 158 5177 001·
172 5121 214 5188 ”i-
996 5121 1130 5192 pretiosis
1166 5120 1311 5191 lapidibus
1337 5123 1365 5174 et
1398 5115 1560 5188 margaritis
1585 5119 1704 5170 ornatus
1737 5114 1788 5168 lias
1813 5112 1844 5168 iu

129 5207 206 5275 Quid
243 5206 366 5262 scribam
394 5205 440 5262 vel
459 5204 528 5278 quid
551 5203 643 5260 dicam
665 5208 725 5259 tam
749 5204 850 5273 unicae,
876 5209 943 5260 tan·
996 5213 1153 5280 conspectu
1168 5209 1228 5273 liei,
1252 5213 1280 5264 et
1299 5209 1329 5264 iu
1356 5206 1490 5263 laudibus
1506 5204 1601 5260 omnis
1620 5201 1741 5258 coelestis
1760 5217 1833 5258 exer·

95 5313 182 5370 qoam
198 5297 228 5350 in
245 5295 355 5350 Christo
370 5293 561 5349 dilectissimae
578 5293 673 5362 metri,
690 5294 805 5364 penitus
827 5295 943 5367 ignoro,
998 5296 1071 5352 citus
1085 5297 1146 5352 lias.
1175 5297 1270 5353 Gaude
1295 5297 1424 5368 igituret
1443 5295 1540 5350 laetare
1561 5294 1589 5348 in
1612 5293 1669 5347 lleo
1692 5296 1751 5357 trie,
1775 5307 1846 5362 quo-

96 5387 163 5458 quia
188 5385 251 5456 ipse
273 5385 314 5438 ris
335 5383 444 5438 amoris
472 5399 589 5438 omnem
620 5382 691 5438 mihi
719 5383 836 5438 sustulit
856 5385 944 5439 scien·
1000 5386 1075 5439 niam
1094 5385 1123 5440 in
1138 5389 1279 5440 aeteruum
1293 5385 1381 5438 vives.

217 4657 243 4696 ῦ.
273 4654 505 4697 salterrttoa'taars
537 4653 574 4693 ΑΒ
604 4653 816 4694 alterutnum.
