<?xml version="1.0" encoding="UTF-8"?>
<!DOCTYPE html PUBLIC "-//W3C//DTD XHTML 1.0 Transitional//EN"
    "http://www.w3.org/TR/xhtml1/DTD/xhtml1-transitional.dtd">
<html xmlns="http://www.w3.org/1999/xhtml" xml:lang="en" lang="en">
 <head>
  <title>
</title>
<meta http-equiv="Content-Type" content="text/html;charset=utf-8" />
  <meta name='ocr-system' content='tesseract 3.04.00' />
  <meta name='ocr-capabilities' content='ocr_page ocr_carea ocr_par ocr_line ocrx_word'/>
</head>
<body>
  <div class='ocr_page' id='page_1' title='image "./patrologiaecurs125unkngoog/patrologiaecurs125unkngoog_0202.png"; bbox 0 0 3984 6034; ppageno 0'>
   <div class='ocr_carea' id='block_1_1' title="bbox 157 229 1908 287">
    <p class='ocr_par' dir='ltr' id='par_1_1' title="bbox 157 229 1908 287">
     <span class='ocr_line' id='line_1_1' title="bbox 157 229 1908 287; baseline -0.001 -1"><span class='ocrx_word' id='word_1_1' title='bbox 157 234 209 287; x_wconf 77' lang='lat'><strong>395</strong></span> <span class='ocrx_word' id='word_1_2' title='bbox 900 230 925 283; x_wconf 83' lang='lat' dir='ltr'><strong>S.</strong></span> <span class='ocrx_word' id='word_1_3' title='bbox 945 229 1181 286; x_wconf 70' lang='lat' dir='ltr'><strong>ntundnattnls</strong></span> <span class='ocrx_word' id='word_1_4' title='bbox 1853 233 1908 286; x_wconf 74' lang='grc'><strong>3116</strong></span> 
     </span>
    </p>
   </div>
   <div class='ocr_carea' id='block_1_2' title="bbox 121 363 1985 3522">
    <p class='ocr_par' dir='ltr' id='par_1_2' title="bbox 121 363 1985 3522">
     <span class='ocr_line' id='line_1_2' title="bbox 157 363 1904 437; baseline 0 -14"><span class='ocrx_word' id='word_1_5' title='bbox 157 372 219 423; x_wconf 90' lang='lat' dir='ltr'><strong>cata</strong></span> <span class='ocrx_word' id='word_1_6' title='bbox 234 366 353 430; x_wconf 87' lang='lat' dir='ltr'><strong>habens,</strong></span> <span class='ocrx_word' id='word_1_7' title='bbox 369 382 433 421; x_wconf 89' lang='lat' dir='ltr'><strong>cum</strong></span> <span class='ocrx_word' id='word_1_8' title='bbox 454 381 506 421; x_wconf 89' lang='lat' dir='ltr'><strong>sna</strong></span> <span class='ocrx_word' id='word_1_9' title='bbox 527 366 658 437; x_wconf 77' lang='lat' dir='ltr'>passione</span> <span class='ocrx_word' id='word_1_10' title='bbox 681 365 821 421; x_wconf 85' lang='lat' dir='ltr'><strong>liberarit.</strong></span> <span class='ocrx_word' id='word_1_11' title='bbox 843 365 922 422; x_wconf 86' lang='lat' dir='ltr'><strong>Unde</strong></span> <span class='ocrx_word' id='word_1_12' title='bbox 948 368 998 420; x_wconf 78' lang='lat' dir='ltr'><strong>lio-</strong></span> <span class='ocrx_word' id='word_1_13' title='bbox 1018 363 1161 422; x_wconf 80' lang='lat' dir='ltr'><strong>dminanr</strong></span> <span class='ocrx_word' id='word_1_14' title='bbox 1177 364 1206 420; x_wconf 92' lang='lat' dir='ltr'><strong>in</strong></span> <span class='ocrx_word' id='word_1_15' title='bbox 1223 365 1382 432; x_wconf 89' lang='lat' dir='ltr'><strong>honestate,</strong></span> <span class='ocrx_word' id='word_1_16' title='bbox 1409 370 1437 419; x_wconf 90' lang='lat' dir='ltr'><strong>et</strong></span> <span class='ocrx_word' id='word_1_17' title='bbox 1460 381 1517 420; x_wconf 92' lang='lat' dir='ltr'><strong>uon</strong></span> <span class='ocrx_word' id='word_1_18' title='bbox 1539 366 1569 420; x_wconf 91' lang='lat' dir='ltr'><strong>ia</strong></span> <span class='ocrx_word' id='word_1_19' title='bbox 1593 365 1774 437; x_wconf 75' lang='lat' dir='ltr'><strong>turpitudine</strong></span> <span class='ocrx_word' id='word_1_20' title='bbox 1799 369 1904 424; x_wconf 90' lang='lat' dir='ltr'><strong>cousti-</strong></span> 
     </span>
     <span class='ocr_line' id='line_1_3' title="bbox 157 451 1907 527; baseline -0.001 -17"><span class='ocrx_word' id='word_1_21' title='bbox 157 455 248 510; x_wconf 89' lang='lat' dir='ltr'><strong>miues</strong></span> <span class='ocrx_word' id='word_1_22' title='bbox 262 454 436 527; x_wconf 59' lang='lat' dir='ltr'><strong>quamvisfiu</strong></span> <span class='ocrx_word' id='word_1_23' title='bbox 451 454 576 525; x_wconf 77' lang='lat' dir='ltr'><strong>peccatis</strong></span> <span class='ocrx_word' id='word_1_24' title='bbox 599 453 658 509; x_wconf 91' lang='lat' dir='ltr'><strong>uati</strong></span> <span class='ocrx_word' id='word_1_25' title='bbox 679 454 746 521; x_wconf 91' lang='lat' dir='ltr'><strong>sint,</strong></span> <span class='ocrx_word' id='word_1_26' title='bbox 771 458 869 508; x_wconf 91' lang='lat' dir='ltr'><strong>tamen</strong></span> <span class='ocrx_word' id='word_1_27' title='bbox 894 470 944 508; x_wconf 91' lang='lat' dir='ltr'><strong>eos</strong></span> <span class='ocrx_word' id='word_1_28' title='bbox 966 454 1003 508; x_wconf 92' lang='lat' dir='ltr'><strong>ad</strong></span> <span class='ocrx_word' id='word_1_29' title='bbox 1056 452 1110 506; x_wconf 86' lang='lat' dir='ltr'><strong>tui.</strong></span> <span class='ocrx_word' id='word_1_30' title='bbox 1129 451 1208 508; x_wconf 85' lang='lat' dir='ltr'><strong>Unde</strong></span> <span class='ocrx_word' id='word_1_31' title='bbox 1234 451 1276 506; x_wconf 92' lang='lat' dir='ltr'><strong>illi</strong></span> <span class='ocrx_word' id='word_1_32' title='bbox 1301 452 1453 523; x_wconf 80' lang='lat' dir='ltr'><strong>hypocritas</strong></span> <span class='ocrx_word' id='word_1_33' title='bbox 1470 452 1519 524; x_wconf 88' lang='lat' dir='ltr'><strong>qni</strong></span> <span class='ocrx_word' id='word_1_34' title='bbox 1535 452 1634 508; x_wconf 89' lang='lat' dir='ltr'><strong>dicunt</strong></span> <span class='ocrx_word' id='word_1_35' title='bbox 1646 453 1702 508; x_wconf 93' lang='lat' dir='ltr'><strong>sibi</strong></span> <span class='ocrx_word' id='word_1_36' title='bbox 1716 453 1828 509; x_wconf 90' lang='lat' dir='ltr'><strong>licitum</strong></span> <span class='ocrx_word' id='word_1_37' title='bbox 1843 471 1907 509; x_wconf 90' lang='lat' dir='ltr'><strong>esse</strong></span> 
     </span>
     <span class='ocr_line' id='line_1_4' title="bbox 157 540 1909 622; baseline -0.001 -24"><span class='ocrx_word' id='word_1_38' title='bbox 157 560 314 622; x_wconf 84' lang='lat' dir='ltr'><strong>supernum</strong></span> <span class='ocrx_word' id='word_1_39' title='bbox 328 559 451 617; x_wconf 91' lang='lat' dir='ltr'><strong>regnum</strong></span> <span class='ocrx_word' id='word_1_40' title='bbox 467 543 584 614; x_wconf 88' lang='lat' dir='ltr'><strong>colligo,</strong></span> <span class='ocrx_word' id='word_1_41' title='bbox 599 557 664 598; x_wconf 92' lang='lat' dir='ltr'><strong>cum</strong></span> <span class='ocrx_word' id='word_1_42' title='bbox 680 542 752 598; x_wconf 91' lang='lat' dir='ltr'><strong>illud</strong></span> <span class='ocrx_word' id='word_1_43' title='bbox 776 543 899 598; x_wconf 88' lang='lat' dir='ltr'><strong>lldeliter</strong></span> <span class='ocrx_word' id='word_1_44' title='bbox 923 558 1004 614; x_wconf 80' lang='lat' dir='ltr'><strong>qure-</strong></span> <span class='ocrx_word' id='word_1_45' title='bbox 1056 541 1213 595; x_wconf 89' lang='lat' dir='ltr'><strong>secundum</strong></span> <span class='ocrx_word' id='word_1_46' title='bbox 1238 540 1396 612; x_wconf 87' lang='lat' dir='ltr'><strong>appetitum</strong></span> <span class='ocrx_word' id='word_1_47' title='bbox 1424 556 1559 610; x_wconf 87' lang='lat' dir='ltr'><strong>pecorum</strong></span> <span class='ocrx_word' id='word_1_48' title='bbox 1583 540 1716 596; x_wconf 75' lang='lat' dir='ltr'><strong>fornicari</strong></span> <span class='ocrx_word' id='word_1_49' title='bbox 1748 558 1814 597; x_wconf 87' lang='lat' dir='ltr'><strong>cum</strong></span> <span class='ocrx_word' id='word_1_50' title='bbox 1836 559 1909 615; x_wconf 76' lang='lat' dir='ltr'><strong>quo·</strong></span> 
     </span>
     <span class='ocr_line' id='line_1_5' title="bbox 155 629 1909 702; baseline -0.002 -13"><span class='ocrx_word' id='word_1_51' title='bbox 155 639 231 689; x_wconf 86' lang='lat' dir='ltr'><strong>runt.</strong></span> <span class='ocrx_word' id='word_1_52' title='bbox 248 633 360 688; x_wconf 86' lang='lat' dir='ltr'><strong>Eiectos</strong></span> <span class='ocrx_word' id='word_1_53' title='bbox 375 631 453 688; x_wconf 88' lang='lat' dir='ltr'><strong>enim</strong></span> <span class='ocrx_word' id='word_1_54' title='bbox 470 631 643 686; x_wconf 90' lang='lat' dir='ltr'><strong>meosnulla</strong></span> <span class='ocrx_word' id='word_1_55' title='bbox 664 632 835 702; x_wconf 83' lang='lat' dir='ltr'><strong>perversitas</strong></span> <span class='ocrx_word' id='word_1_56' title='bbox 854 630 1005 687; x_wconf 88' lang='lat' dir='ltr'><strong>mibiahs·</strong></span> <span class='ocrx_word' id='word_1_57' title='bbox 1056 641 1170 700; x_wconf 84' lang='lat' dir='ltr'><strong>cnnquc</strong></span> <span class='ocrx_word' id='word_1_58' title='bbox 1199 629 1352 695; x_wconf 87' lang='lat' dir='ltr'><strong>volueriut,</strong></span> <span class='ocrx_word' id='word_1_59' title='bbox 1376 629 1489 698; x_wconf 87' lang='lat' dir='ltr'><strong>indigni</strong></span> <span class='ocrx_word' id='word_1_60' title='bbox 1519 629 1609 683; x_wconf 79' lang='lat' dir='ltr'><strong>aciatis</strong></span> <span class='ocrx_word' id='word_1_61' title='bbox 1635 629 1707 684; x_wconf 88' lang='lat' dir='ltr'><strong>meis</strong></span> <span class='ocrx_word' id='word_1_62' title='bbox 1733 637 1812 699; x_wconf 89' lang='lat' dir='ltr'><strong>sunt,</strong></span> <span class='ocrx_word' id='word_1_63' title='bbox 1835 647 1909 702; x_wconf 87' lang='lat' dir='ltr'><strong>qno-</strong></span> 
     </span>
     <span class='ocr_line' id='line_1_6' title="bbox 157 714 1908 792; baseline -0.002 -16"><span class='ocrx_word' id='word_1_64' title='bbox 157 722 271 776; x_wconf 90' lang='lat' dir='ltr'><strong>trahcre</strong></span> <span class='ocrx_word' id='word_1_65' title='bbox 299 726 404 792; x_wconf 91' lang='lat' dir='ltr'><strong>potest,</strong></span> <span class='ocrx_word' id='word_1_66' title='bbox 437 719 486 776; x_wconf 90' lang='lat' dir='ltr'><strong>ubi</strong></span> <span class='ocrx_word' id='word_1_67' title='bbox 519 720 667 790; x_wconf 78' lang='lat' dir='ltr'><strong>Sapientia</strong></span> <span class='ocrx_word' id='word_1_68' title='bbox 697 725 829 788; x_wconf 89' lang='lat' dir='ltr'><strong>testatur,</strong></span> <span class='ocrx_word' id='word_1_69' title='bbox 866 720 964 775; x_wconf 90' lang='lat' dir='ltr'><strong>diceus</strong></span> <span class='ocrx_word' id='word_1_70' title='bbox 995 735 1003 776; x_wconf 88' lang='lat'>:</span> <span class='ocrx_word' id='word_1_71' title='bbox 1058 715 1135 771; x_wconf 90' lang='lat' dir='ltr'><strong>niam</strong></span> <span class='ocrx_word' id='word_1_72' title='bbox 1164 714 1304 771; x_wconf 81' lang='lat' dir='ltr'><strong>honorem</strong></span> <span class='ocrx_word' id='word_1_73' title='bbox 1338 723 1366 772; x_wconf 89' lang='lat' dir='ltr'><strong>et</strong></span> <span class='ocrx_word' id='word_1_74' title='bbox 1397 716 1578 772; x_wconf 81' lang='lat' dir='ltr'><strong>altitudinem</strong></span> <span class='ocrx_word' id='word_1_75' title='bbox 1613 717 1816 772; x_wconf 80' lang='lat' dir='ltr'><strong>rationalitatis</strong></span> <span class='ocrx_word' id='word_1_76' title='bbox 1846 734 1908 773; x_wconf 77' lang='lat' dir='ltr'><strong>suta</strong></span> 
     </span>
     <span class='ocr_line' id='line_1_7' title="bbox 154 803 1910 880; baseline -0.001 -18"><span class='ocrx_word' id='word_1_77' title='bbox 154 810 307 864; x_wconf 71' lang='lat' dir='ltr'><strong>ductorum</strong></span> <span class='ocrx_word' id='word_1_78' title='bbox 331 806 487 865; x_wconf 72' lang='lat' dir='ltr'><strong>animaist</strong></span> <span class='ocrx_word' id='word_1_79' title='bbox 512 822 601 862; x_wconf 82' lang='lat' dir='ltr'><strong>manu</strong></span> <span class='ocrx_word' id='word_1_80' title='bbox 624 804 673 862; x_wconf 82' lang='lat' dir='ltr'><strong>nei</strong></span> <span class='ocrx_word' id='word_1_81' title='bbox 687 809 763 872; x_wconf 80' lang='lat' dir='ltr'><strong>sunt,</strong></span> <span class='ocrx_word' id='word_1_82' title='bbox 786 808 815 860; x_wconf 87' lang='lat' dir='ltr'><strong>el</strong></span> <span class='ocrx_word' id='word_1_83' title='bbox 834 822 892 862; x_wconf 83' lang='lat' dir='ltr'><strong>non</strong></span> <span class='ocrx_word' id='word_1_84' title='bbox 906 809 1005 880; x_wconf 80' lang='lat' dir='ltr'><strong>tcupet</strong></span> <span class='ocrx_word' id='word_1_85' title='bbox 1058 803 1245 875; x_wconf 78' lang='lat' dir='ltr'><strong>despicientes</strong></span> <span class='ocrx_word' id='word_1_86' title='bbox 1270 805 1299 859; x_wconf 93' lang='lat' dir='ltr'><strong>iu</strong></span> <span class='ocrx_word' id='word_1_87' title='bbox 1322 817 1424 876; x_wconf 86' lang='lat' dir='ltr'><strong>pecora</strong></span> <span class='ocrx_word' id='word_1_88' title='bbox 1449 803 1614 875; x_wconf 89' lang='lat' dir='ltr'><strong>respiciunt,</strong></span> <span class='ocrx_word' id='word_1_89' title='bbox 1641 810 1710 860; x_wconf 84' lang='lat' dir='ltr'><strong>etse</strong></span> <span class='ocrx_word' id='word_1_90' title='bbox 1725 805 1782 860; x_wconf 90' lang='lat' dir='ltr'><strong>illis</strong></span> <span class='ocrx_word' id='word_1_91' title='bbox 1799 805 1910 861; x_wconf 78' lang='lat' dir='ltr'><strong>similes</strong></span> 
     </span>
     <span class='ocr_line' id='line_1_8' title="bbox 155 892 1905 966; baseline -0.001 -16"><span class='ocrx_word' id='word_1_92' title='bbox 155 895 224 952; x_wconf 78' lang='lat' dir='ltr'><strong>illos</strong></span> <span class='ocrx_word' id='word_1_93' title='bbox 239 898 412 951; x_wconf 82' lang='lat' dir='ltr'><strong>tormentum</strong></span> <span class='ocrx_word' id='word_1_94' title='bbox 423 893 526 950; x_wconf 83' lang='lat' dir='ltr'><strong>mortis</strong></span> <span class='ocrx_word' id='word_1_95' title='bbox 540 896 621 966; x_wconf 81' lang='lat' dir='ltr'><strong>(Sap.</strong></span> <span class='ocrx_word' id='word_1_96' title='bbox 647 898 688 965; x_wconf 80' lang='lat' dir='ltr'><strong>n).</strong></span> <span class='ocrx_word' id='word_1_97' title='bbox 703 894 784 960; x_wconf 84' lang='lat' dir='ltr'><strong>Quod</strong></span> <span class='ocrx_word' id='word_1_98' title='bbox 807 895 921 949; x_wconf 90' lang='lat' dir='ltr'><strong>dicitur.</strong></span> <span class='ocrx_word' id='word_1_99' title='bbox 940 896 1005 950; x_wconf 74' lang='lat' dir='ltr'><strong>illc</strong></span> <span class='ocrx_word' id='word_1_100' title='bbox 1057 893 1167 949; x_wconf 84' lang='lat' dir='ltr'><strong>iaciunt</strong></span> <span class='ocrx_word' id='word_1_101' title='bbox 1182 908 1189 948; x_wconf 92' lang='lat'>:</span> <span class='ocrx_word' id='word_1_102' title='bbox 1206 907 1247 948; x_wconf 78' lang='lat' dir='ltr'><strong>vae</strong></span> <span class='ocrx_word' id='word_1_103' title='bbox 1259 892 1316 948; x_wconf 91' lang='lat' dir='ltr'><strong>illis</strong></span> <span class='ocrx_word' id='word_1_104' title='bbox 1329 893 1380 965; x_wconf 85' lang='lat' dir='ltr'><strong>qui</strong></span> <span class='ocrx_word' id='word_1_105' title='bbox 1404 893 1444 946; x_wconf 89' lang='lat' dir='ltr'><strong>sic</strong></span> <span class='ocrx_word' id='word_1_106' title='bbox 1456 893 1593 960; x_wconf 84' lang='lat' dir='ltr'><strong>viventes,</strong></span> <span class='ocrx_word' id='word_1_107' title='bbox 1609 894 1640 948; x_wconf 91' lang='lat' dir='ltr'><strong>in</strong></span> <span class='ocrx_word' id='word_1_108' title='bbox 1654 893 1707 949; x_wconf 88' lang='lat' dir='ltr'><strong>hac</strong></span> <span class='ocrx_word' id='word_1_109' title='bbox 1722 895 1905 965; x_wconf 81' lang='lat' dir='ltr'><strong>turpitudine</strong></span> 
     </span>
     <span class='ocr_line' id='line_1_9' title="bbox 158 982 1252 1056; baseline -0.002 -18"><span class='ocrx_word' id='word_1_110' title='bbox 158 1001 223 1040; x_wconf 90' lang='lat' dir='ltr'><strong>rum</strong></span> <span class='ocrx_word' id='word_1_111' title='bbox 247 984 297 1056; x_wconf 75' lang='lat' dir='ltr'><strong>quai</strong></span> <span class='ocrx_word' id='word_1_112' title='bbox 327 983 402 1040; x_wconf 84' lang='lat' dir='ltr'><strong>viam</strong></span> <span class='ocrx_word' id='word_1_113' title='bbox 434 983 615 1038; x_wconf 84' lang='lat' dir='ltr'><strong>rectitudinis</strong></span> <span class='ocrx_word' id='word_1_114' title='bbox 639 982 880 1054; x_wconf 89' lang='lat' dir='ltr'><strong>complectuntur,</strong></span> <span class='ocrx_word' id='word_1_115' title='bbox 900 982 1005 1037; x_wconf 78' lang='lat' dir='ltr'><strong>animes</strong></span> <span class='ocrx_word' id='word_1_116' title='bbox 1058 985 1252 1053; x_wconf 86' lang='lat' dir='ltr'><strong>perseverant.</strong></span> 
     </span>
     <span class='ocr_line' id='line_1_10' title="bbox 157 1067 1908 1142; baseline -0.001 -14"><span class='ocrx_word' id='word_1_117' title='bbox 157 1089 223 1128; x_wconf 91' lang='lat' dir='ltr'><strong>cnm</strong></span> <span class='ocrx_word' id='word_1_118' title='bbox 251 1073 354 1129; x_wconf 83' lang='lat' dir='ltr'><strong>devoto</strong></span> <span class='ocrx_word' id='word_1_119' title='bbox 368 1071 471 1127; x_wconf 83' lang='lat' dir='ltr'><strong>affectu</strong></span> <span class='ocrx_word' id='word_1_120' title='bbox 492 1071 522 1126; x_wconf 92' lang='lat' dir='ltr'><strong>in</strong></span> <span class='ocrx_word' id='word_1_121' title='bbox 538 1070 674 1142; x_wconf 90' lang='lat' dir='ltr'><strong>operibus</strong></span> <span class='ocrx_word' id='word_1_122' title='bbox 688 1069 806 1142; x_wconf 89' lang='lat' dir='ltr'><strong>superni</strong></span> <span class='ocrx_word' id='word_1_123' title='bbox 828 1067 1005 1124; x_wconf 80' lang='lat' dir='ltr'><strong>auxiliatoris</strong></span> <span class='ocrx_word' id='word_1_124' title='bbox 1095 1070 1151 1126; x_wconf 88' lang='lat' dir='ltr'><strong>Nec</strong></span> <span class='ocrx_word' id='word_1_125' title='bbox 1165 1069 1250 1124; x_wconf 89' lang='lat' dir='ltr'><strong>etiam</strong></span> <span class='ocrx_word' id='word_1_126' title='bbox 1275 1069 1338 1124; x_wconf 87' lang='lat' dir='ltr'><strong>roto</strong></span> <span class='ocrx_word' id='word_1_127' title='bbox 1365 1073 1397 1123; x_wconf 89' lang='lat' dir='ltr'><strong>ut</strong></span> <span class='ocrx_word' id='word_1_128' title='bbox 1421 1067 1522 1124; x_wconf 89' lang='lat' dir='ltr'><strong>notitia</strong></span> <span class='ocrx_word' id='word_1_129' title='bbox 1545 1069 1693 1141; x_wconf 87' lang='lat' dir='ltr'><strong>sanguinis</strong></span> <span class='ocrx_word' id='word_1_130' title='bbox 1715 1070 1746 1125; x_wconf 91' lang='lat' dir='ltr'><strong>in</strong></span> <span class='ocrx_word' id='word_1_131' title='bbox 1769 1071 1908 1142; x_wconf 85' lang='lat' dir='ltr'><strong>conjugio</strong></span> 
     </span>
     <span class='ocr_line' id='line_1_11' title="bbox 158 1156 1911 1233; baseline -0.001 -18"><span class='ocrx_word' id='word_1_132' title='bbox 158 1162 305 1217; x_wconf 88' lang='lat' dir='ltr'><strong>suut:ita</strong></span> <span class='ocrx_word' id='word_1_133' title='bbox 326 1166 357 1216; x_wconf 93' lang='lat' dir='ltr'><strong>ut</strong></span> <span class='ocrx_word' id='word_1_134' title='bbox 381 1164 500 1233; x_wconf 89' lang='lat' dir='ltr'><strong>propter</strong></span> <span class='ocrx_word' id='word_1_135' title='bbox 523 1160 599 1215; x_wconf 91' lang='lat' dir='ltr'><strong>bona</strong></span> <span class='ocrx_word' id='word_1_136' title='bbox 622 1174 710 1231; x_wconf 90' lang='lat' dir='ltr'><strong>opera</strong></span> <span class='ocrx_word' id='word_1_137' title='bbox 729 1159 835 1230; x_wconf 89' lang='lat' dir='ltr'><strong>quibus</strong></span> <span class='ocrx_word' id='word_1_138' title='bbox 856 1157 959 1214; x_wconf 84' lang='lat' dir='ltr'><strong>coelum</strong></span> <span class='ocrx_word' id='word_1_139' title='bbox 975 1157 1005 1212; x_wconf 89' lang='lat' dir='ltr'><strong>in</strong></span> <span class='ocrx_word' id='word_1_140' title='bbox 1060 1175 1089 1214; x_wconf 87' lang='lat' dir='ltr'><strong>se</strong></span> <span class='ocrx_word' id='word_1_141' title='bbox 1111 1158 1306 1224; x_wconf 86' lang='lat' dir='ltr'><strong>commisceat,</strong></span> <span class='ocrx_word' id='word_1_142' title='bbox 1331 1156 1379 1212; x_wconf 89' lang='lat' dir='ltr'><strong>nbi</strong></span> <span class='ocrx_word' id='word_1_143' title='bbox 1407 1157 1493 1212; x_wconf 91' lang='lat' dir='ltr'><strong>ardor</strong></span> <span class='ocrx_word' id='word_1_144' title='bbox 1519 1159 1627 1213; x_wconf 86' lang='lat' dir='ltr'><strong>amoris</strong></span> <span class='ocrx_word' id='word_1_145' title='bbox 1649 1159 1679 1212; x_wconf 92' lang='lat' dir='ltr'><strong>in</strong></span> <span class='ocrx_word' id='word_1_146' title='bbox 1704 1160 1911 1230; x_wconf 89' lang='lat' dir='ltr'><strong>consanguini-</strong></span> 
     </span>
     <span class='ocr_line' id='line_1_12' title="bbox 159 1244 1911 1321; baseline -0.001 -17"><span class='ocrx_word' id='word_1_147' title='bbox 159 1251 313 1306; x_wconf 88' lang='lat' dir='ltr'><strong>altitudine</strong></span> <span class='ocrx_word' id='word_1_148' title='bbox 339 1250 462 1321; x_wconf 81' lang='lat' dir='ltr'><strong>justitiae</strong></span> <span class='ocrx_word' id='word_1_149' title='bbox 492 1250 654 1317; x_wconf 86' lang='lat' dir='ltr'><strong>attendant,</strong></span> <span class='ocrx_word' id='word_1_150' title='bbox 674 1264 734 1304; x_wconf 90' lang='lat' dir='ltr'><strong>uon</strong></span> <span class='ocrx_word' id='word_1_151' title='bbox 754 1248 916 1319; x_wconf 85' lang='lat' dir='ltr'><strong>contriogat</strong></span> <span class='ocrx_word' id='word_1_152' title='bbox 941 1246 1006 1303; x_wconf 92' lang='lat' dir='ltr'><strong>illos</strong></span> <span class='ocrx_word' id='word_1_153' title='bbox 1061 1250 1117 1301; x_wconf 91' lang='lat' dir='ltr'><strong>tate</strong></span> <span class='ocrx_word' id='word_1_154' title='bbox 1130 1244 1262 1303; x_wconf 88' lang='lat' dir='ltr'><strong>nondum</strong></span> <span class='ocrx_word' id='word_1_155' title='bbox 1276 1249 1440 1300; x_wconf 88' lang='lat' dir='ltr'><strong>attenuatus</strong></span> <span class='ocrx_word' id='word_1_156' title='bbox 1465 1251 1574 1314; x_wconf 88' lang='lat' dir='ltr'><strong>est;ue</strong></span> <span class='ocrx_word' id='word_1_157' title='bbox 1595 1246 1749 1318; x_wconf 90' lang='lat' dir='ltr'><strong>impudens</strong></span> <span class='ocrx_word' id='word_1_158' title='bbox 1771 1263 1854 1302; x_wconf 84' lang='lat' dir='ltr'><strong>anaor</strong></span> <span class='ocrx_word' id='word_1_159' title='bbox 1876 1249 1911 1302; x_wconf 89' lang='lat' dir='ltr'><strong>in</strong></span> 
     </span>
     <span class='ocr_line' id='line_1_13' title="bbox 159 1335 1911 1409; baseline -0.001 -16"><span class='ocrx_word' id='word_1_160' title='bbox 159 1339 387 1394; x_wconf 79' lang='lat' dir='ltr'><strong>cruciamentum</strong></span> <span class='ocrx_word' id='word_1_161' title='bbox 414 1337 594 1409; x_wconf 84' lang='lat' dir='ltr'><strong>perditionis,</strong></span> <span class='ocrx_word' id='word_1_162' title='bbox 620 1336 689 1409; x_wconf 91' lang='lat' dir='ltr'><strong>qaia</strong></span> <span class='ocrx_word' id='word_1_163' title='bbox 711 1352 811 1392; x_wconf 84' lang='lat' dir='ltr'><strong>rerum</strong></span> <span class='ocrx_word' id='word_1_164' title='bbox 838 1337 935 1392; x_wconf 88' lang='lat' dir='ltr'><strong>lumen</strong></span> <span class='ocrx_word' id='word_1_165' title='bbox 957 1353 1005 1390; x_wconf 89' lang='lat' dir='ltr'><strong>ecs</strong></span> <span class='ocrx_word' id='word_1_166' title='bbox 1060 1335 1260 1391; x_wconf 83' lang='lat' dir='ltr'><strong>recordatione</strong></span> <span class='ocrx_word' id='word_1_167' title='bbox 1304 1335 1562 1405; x_wconf 74' lang='lat' dir='ltr'><strong>consanguinitatis</strong></span> <span class='ocrx_word' id='word_1_168' title='bbox 1607 1335 1648 1390; x_wconf 91' lang='lat' dir='ltr'><strong>ibi</strong></span> <span class='ocrx_word' id='word_1_169' title='bbox 1689 1337 1822 1404; x_wconf 90' lang='lat' dir='ltr'><strong>oriatur,</strong></span> <span class='ocrx_word' id='word_1_170' title='bbox 1859 1337 1911 1392; x_wconf 88' lang='lat' dir='ltr'><strong>sed</strong></span> 
     </span>
     <span class='ocr_line' id='line_1_14' title="bbox 159 1423 1911 1497; baseline -0.002 -14"><span class='ocrx_word' id='word_1_171' title='bbox 159 1428 191 1483; x_wconf 93' lang='lat' dir='ltr'><strong>in</strong></span> <span class='ocrx_word' id='word_1_172' title='bbox 213 1428 315 1483; x_wconf 88' lang='lat' dir='ltr'><strong>timore</strong></span> <span class='ocrx_word' id='word_1_173' title='bbox 338 1435 366 1482; x_wconf 89' lang='lat' dir='ltr'><strong>et</strong></span> <span class='ocrx_word' id='word_1_174' title='bbox 388 1427 418 1482; x_wconf 93' lang='lat' dir='ltr'><strong>in</strong></span> <span class='ocrx_word' id='word_1_175' title='bbox 443 1442 540 1482; x_wconf 90' lang='lat' dir='ltr'><strong>amore</strong></span> <span class='ocrx_word' id='word_1_176' title='bbox 571 1426 622 1481; x_wconf 84' lang='lat' dir='ltr'><strong>Dei</strong></span> <span class='ocrx_word' id='word_1_177' title='bbox 646 1425 745 1496; x_wconf 88' lang='lat' dir='ltr'><strong>pascit.</strong></span> <span class='ocrx_word' id='word_1_178' title='bbox 771 1425 825 1480; x_wconf 88' lang='lat' dir='ltr'><strong>Sed</strong></span> <span class='ocrx_word' id='word_1_179' title='bbox 853 1431 1004 1497; x_wconf 81' lang='lat' dir='ltr'><strong>postquam</strong></span> <span class='ocrx_word' id='word_1_180' title='bbox 1060 1423 1177 1494; x_wconf 88' lang='lat' dir='ltr'><strong>sanguis</strong></span> <span class='ocrx_word' id='word_1_181' title='bbox 1200 1423 1303 1478; x_wconf 73' lang='lat' dir='ltr'><strong>alienae</strong></span> <span class='ocrx_word' id='word_1_182' title='bbox 1318 1423 1416 1494; x_wconf 89' lang='lat' dir='ltr'><strong>stirpis</strong></span> <span class='ocrx_word' id='word_1_183' title='bbox 1439 1425 1618 1480; x_wconf 85' lang='lat' dir='ltr'><strong>conveniet:</strong></span> <span class='ocrx_word' id='word_1_184' title='bbox 1644 1425 1694 1496; x_wconf 89' lang='lat' dir='ltr'><strong>qni</strong></span> <span class='ocrx_word' id='word_1_185' title='bbox 1714 1425 1774 1496; x_wconf 91' lang='lat' dir='ltr'><strong>jam</strong></span> <span class='ocrx_word' id='word_1_186' title='bbox 1798 1426 1911 1480; x_wconf 87' lang='lat' dir='ltr'><strong>nullam</strong></span> 
     </span>
     <span class='ocr_line' id='line_1_15' title="bbox 159 1511 1913 1585; baseline -0.003 -11"><span class='ocrx_word' id='word_1_187' title='bbox 159 1516 250 1574; x_wconf 79' lang='lat' dir='ltr'><strong>Adam</strong></span> <span class='ocrx_word' id='word_1_188' title='bbox 265 1522 295 1571; x_wconf 91' lang='lat' dir='ltr'><strong>et</strong></span> <span class='ocrx_word' id='word_1_189' title='bbox 309 1517 363 1572; x_wconf 85' lang='lat' dir='ltr'><strong>Eva</strong></span> <span class='ocrx_word' id='word_1_190' title='bbox 378 1515 413 1570; x_wconf 96' lang='lat' dir='ltr'><strong>de</strong></span> <span class='ocrx_word' id='word_1_191' title='bbox 428 1515 490 1570; x_wconf 92' lang='lat' dir='ltr'><strong>loco</strong></span> <span class='ocrx_word' id='word_1_192' title='bbox 505 1513 678 1570; x_wconf 70' lang='lat' dir='ltr'><strong>amaenitatis</strong></span> <span class='ocrx_word' id='word_1_193' title='bbox 697 1515 809 1585; x_wconf 84' lang='lat' dir='ltr'><strong>expulsi</strong></span> <span class='ocrx_word' id='word_1_194' title='bbox 833 1519 910 1582; x_wconf 92' lang='lat' dir='ltr'><strong>sunt,</strong></span> <span class='ocrx_word' id='word_1_195' title='bbox 933 1531 1006 1584; x_wconf 90' lang='lat' dir='ltr'><strong>opus</strong></span> <span class='ocrx_word' id='word_1_196' title='bbox 1061 1512 1191 1568; x_wconf 85' lang='lat' dir='ltr'><strong>notitiam</strong></span> <span class='ocrx_word' id='word_1_197' title='bbox 1211 1511 1465 1582; x_wconf 78' lang='lat' dir='ltr'><strong>consanguinitatis</strong></span> <span class='ocrx_word' id='word_1_198' title='bbox 1490 1511 1519 1566; x_wconf 90' lang='lat' dir='ltr'><strong>iu</strong></span> <span class='ocrx_word' id='word_1_199' title='bbox 1547 1529 1576 1566; x_wconf 87' lang='lat' dir='ltr'><strong>se</strong></span> <span class='ocrx_word' id='word_1_200' title='bbox 1599 1513 1699 1568; x_wconf 88' lang='lat' dir='ltr'><strong>ardere</strong></span> <span class='ocrx_word' id='word_1_201' title='bbox 1723 1514 1820 1581; x_wconf 87' lang='lat' dir='ltr'><strong>sentit,</strong></span> <span class='ocrx_word' id='word_1_202' title='bbox 1840 1530 1913 1585; x_wconf 87' lang='lat' dir='ltr'><strong>qua·</strong></span> 
     </span>
     <span class='ocr_line' id='line_1_16' title="bbox 159 1593 1913 1676; baseline -0.002 -16"><span class='ocrx_word' id='word_1_203' title='bbox 159 1605 340 1675; x_wconf 89' lang='lat' dir='ltr'><strong>concipiendi</strong></span> <span class='ocrx_word' id='word_1_204' title='bbox 355 1609 384 1658; x_wconf 92' lang='lat' dir='ltr'><strong>et</strong></span> <span class='ocrx_word' id='word_1_205' title='bbox 406 1603 536 1676; x_wconf 86' lang='lat' dir='ltr'><strong>pariendi</strong></span> <span class='ocrx_word' id='word_1_206' title='bbox 560 1603 635 1658; x_wconf 81' lang='lat' dir='ltr'><strong>filios</strong></span> <span class='ocrx_word' id='word_1_207' title='bbox 660 1604 690 1657; x_wconf 93' lang='lat' dir='ltr'><strong>iu</strong></span> <span class='ocrx_word' id='word_1_208' title='bbox 713 1603 876 1673; x_wconf 89' lang='lat' dir='ltr'><strong>semetipsis</strong></span> <span class='ocrx_word' id='word_1_209' title='bbox 897 1618 1005 1674; x_wconf 90' lang='lat' dir='ltr'><strong>cogno·</strong></span> <span class='ocrx_word' id='word_1_210' title='bbox 1060 1593 1144 1656; x_wconf 84' lang='lat' dir='ltr'><strong>tenus</strong></span> <span class='ocrx_word' id='word_1_211' title='bbox 1159 1599 1286 1656; x_wconf 89' lang='lat' dir='ltr'><strong>humana</strong></span> <span class='ocrx_word' id='word_1_212' title='bbox 1300 1599 1452 1671; x_wconf 90' lang='lat' dir='ltr'><strong>disciplina</strong></span> <span class='ocrx_word' id='word_1_213' title='bbox 1470 1599 1600 1672; x_wconf 89' lang='lat' dir='ltr'><strong>inopere</strong></span> <span class='ocrx_word' id='word_1_214' title='bbox 1627 1619 1677 1656; x_wconf 90' lang='lat' dir='ltr'><strong>suc</strong></span> <span class='ocrx_word' id='word_1_215' title='bbox 1701 1601 1843 1668; x_wconf 76' lang='grc'><strong>1110111</strong></span> <span class='ocrx_word' id='word_1_216' title='bbox 1867 1603 1913 1657; x_wconf 92' lang='lat' dir='ltr'><strong>lac</strong></span> 
     </span>
     <span class='ocr_line' id='line_1_17' title="bbox 160 1659 1911 1764; baseline 0.002 -21"><span class='ocrx_word' id='word_1_217' title='bbox 160 1697 274 1757; x_wconf 79' lang='lat' dir='ltr'><strong>verunt,</strong></span> <span class='ocrx_word' id='word_1_218' title='bbox 287 1696 315 1745; x_wconf 89' lang='lat' dir='ltr'><strong>et</strong></span> <span class='ocrx_word' id='word_1_219' title='bbox 329 1691 368 1745; x_wconf 91' lang='lat' dir='ltr'><strong>ita</strong></span> <span class='ocrx_word' id='word_1_220' title='bbox 388 1691 424 1745; x_wconf 93' lang='lat' dir='ltr'><strong>de</strong></span> <span class='ocrx_word' id='word_1_221' title='bbox 438 1690 635 1746; x_wconf 87' lang='lat' dir='ltr'><strong>inobedientia</strong></span> <span class='ocrx_word' id='word_1_222' title='bbox 652 1706 704 1744; x_wconf 91' lang='lat' dir='ltr'><strong>sna</strong></span> <span class='ocrx_word' id='word_1_223' title='bbox 718 1690 748 1744; x_wconf 93' lang='lat' dir='ltr'><strong>in</strong></span> <span class='ocrx_word' id='word_1_224' title='bbox 763 1695 887 1746; x_wconf 90' lang='lat' dir='ltr'><strong>mortem</strong></span> <span class='ocrx_word' id='word_1_225' title='bbox 902 1692 1006 1747; x_wconf 92' lang='lat' dir='ltr'><strong>cadeu-</strong></span> <span class='ocrx_word' id='word_1_226' title='bbox 1026 1659 1149 1745; x_wconf 85' lang='lat' dir='ltr'><strong>Bsemel</strong></span> <span class='ocrx_word' id='word_1_227' title='bbox 1164 1689 1207 1744; x_wconf 83' lang='lat' dir='ltr'><strong>vel</strong></span> <span class='ocrx_word' id='word_1_228' title='bbox 1233 1690 1276 1745; x_wconf 89' lang='lat' dir='ltr'><strong>bis</strong></span> <span class='ocrx_word' id='word_1_229' title='bbox 1296 1695 1408 1745; x_wconf 90' lang='lat' dir='ltr'><strong>coctum</strong></span> <span class='ocrx_word' id='word_1_230' title='bbox 1432 1705 1564 1761; x_wconf 88' lang='lat' dir='ltr'><strong>saporem</strong></span> <span class='ocrx_word' id='word_1_231' title='bbox 1588 1705 1671 1745; x_wconf 89' lang='lat' dir='ltr'><strong>snum</strong></span> <span class='ocrx_word' id='word_1_232' title='bbox 1696 1707 1754 1746; x_wconf 92' lang='lat' dir='ltr'><strong>nou</strong></span> <span class='ocrx_word' id='word_1_233' title='bbox 1774 1691 1911 1764; x_wconf 88' lang='lat' dir='ltr'><strong>perdidit,</strong></span> 
     </span>
     <span class='ocr_line' id='line_1_18' title="bbox 159 1777 1913 1852; baseline -0.001 -17"><span class='ocrx_word' id='word_1_234' title='bbox 159 1787 212 1848; x_wconf 85' lang='lat' dir='ltr'><strong>tes,</strong></span> <span class='ocrx_word' id='word_1_235' title='bbox 242 1781 422 1836; x_wconf 88' lang='lat' dir='ltr'><strong>dulcedinem</strong></span> <span class='ocrx_word' id='word_1_236' title='bbox 450 1781 557 1852; x_wconf 87' lang='lat' dir='ltr'><strong>peccati</strong></span> <span class='ocrx_word' id='word_1_237' title='bbox 579 1785 783 1851; x_wconf 88' lang='lat' dir='ltr'><strong>conceperunt,</strong></span> <span class='ocrx_word' id='word_1_238' title='bbox 798 1796 863 1834; x_wconf 90' lang='lat' dir='ltr'><strong>cum</strong></span> <span class='ocrx_word' id='word_1_239' title='bbox 881 1796 911 1835; x_wconf 90' lang='lat' dir='ltr'><strong>se</strong></span> <span class='ocrx_word' id='word_1_240' title='bbox 926 1795 1008 1852; x_wconf 76' lang='lat' dir='ltr'><strong>posue</strong></span> <span class='ocrx_word' id='word_1_241' title='bbox 1062 1795 1128 1834; x_wconf 92' lang='lat' dir='ltr'><strong>cnm</strong></span> <span class='ocrx_word' id='word_1_242' title='bbox 1157 1779 1280 1850; x_wconf 88' lang='lat' dir='ltr'><strong>septima</strong></span> <span class='ocrx_word' id='word_1_243' title='bbox 1309 1777 1351 1832; x_wconf 86' lang='lat' dir='ltr'><strong>rel</strong></span> <span class='ocrx_word' id='word_1_244' title='bbox 1381 1782 1479 1833; x_wconf 82' lang='lat' dir='ltr'><strong>octava</strong></span> <span class='ocrx_word' id='word_1_245' title='bbox 1513 1779 1573 1834; x_wconf 86' lang='lat' dir='ltr'><strong>rice</strong></span> <span class='ocrx_word' id='word_1_246' title='bbox 1599 1779 1782 1848; x_wconf 85' lang='lat' dir='ltr'><strong>coagulatum</strong></span> <span class='ocrx_word' id='word_1_247' title='bbox 1813 1785 1841 1834; x_wconf 91' lang='lat' dir='ltr'><strong>et</strong></span> <span class='ocrx_word' id='word_1_248' title='bbox 1868 1796 1913 1835; x_wconf 75' lang='lat' dir='ltr'><strong>co</strong></span> 
     </span>
     <span class='ocr_line' id='line_1_19' title="bbox 121 1853 1913 1943; baseline -0.001 -19"><span class='ocrx_word' id='word_1_249' title='bbox 121 1853 126 1860; x_wconf 45' lang='lat'><strong>⁴</strong></span> <span class='ocrx_word' id='word_1_250' title='bbox 158 1886 276 1943; x_wconf 88' lang='lat' dir='ltr'><strong>peccare</strong></span> <span class='ocrx_word' id='word_1_251' title='bbox 305 1875 512 1940; x_wconf 83' lang='lat' dir='ltr'><strong>cognoverunt.</strong></span> <span class='ocrx_word' id='word_1_252' title='bbox 535 1869 590 1924; x_wconf 87' lang='lat' dir='ltr'><strong>Sed</strong></span> <span class='ocrx_word' id='word_1_253' title='bbox 620 1869 677 1939; x_wconf 84' lang='lat' dir='ltr'><strong>ipsi</strong></span> <span class='ocrx_word' id='word_1_254' title='bbox 708 1868 762 1922; x_wconf 88' lang='lat' dir='ltr'><strong>hoc</strong></span> <span class='ocrx_word' id='word_1_255' title='bbox 791 1869 874 1923; x_wconf 89' lang='lat' dir='ltr'><strong>modo</strong></span> <span class='ocrx_word' id='word_1_256' title='bbox 900 1875 1007 1922; x_wconf 91' lang='lat' dir='ltr'><strong>rectam</strong></span> <span class='ocrx_word' id='word_1_257' title='bbox 1062 1872 1140 1922; x_wconf 90' lang='lat' dir='ltr'><strong>ctum</strong></span> <span class='ocrx_word' id='word_1_258' title='bbox 1162 1867 1237 1922; x_wconf 88' lang='lat' dir='ltr'><strong>vires</strong></span> <span class='ocrx_word' id='word_1_259' title='bbox 1262 1883 1328 1920; x_wconf 92' lang='lat' dir='ltr'><strong>snas</strong></span> <span class='ocrx_word' id='word_1_260' title='bbox 1358 1866 1488 1922; x_wconf 81' lang='lat' dir='ltr'><strong>deterens</strong></span> <span class='ocrx_word' id='word_1_261' title='bbox 1514 1867 1575 1937; x_wconf 89' lang='lat' dir='ltr'><strong>jam</strong></span> <span class='ocrx_word' id='word_1_262' title='bbox 1605 1867 1803 1923; x_wconf 83' lang='lat' dir='ltr'><strong>delectabilem</strong></span> <span class='ocrx_word' id='word_1_263' title='bbox 1831 1885 1913 1940; x_wconf 87' lang='lat' dir='ltr'><strong>sapo-</strong></span> 
     </span>
     <span class='ocr_line' id='line_1_20' title="bbox 160 1954 1913 2026; baseline 0.001 -16"><span class='ocrx_word' id='word_1_264' title='bbox 160 1955 395 2010; x_wconf 86' lang='lat' dir='ltr'><strong>conatitutiuuem</strong></span> <span class='ocrx_word' id='word_1_265' title='bbox 420 1971 513 2009; x_wconf 87' lang='lat' dir='ltr'><strong>meam</strong></span> <span class='ocrx_word' id='word_1_266' title='bbox 538 1955 568 2008; x_wconf 93' lang='lat' dir='ltr'><strong>in</strong></span> <span class='ocrx_word' id='word_1_267' title='bbox 594 1954 743 2009; x_wconf 88' lang='lat' dir='ltr'><strong>libidinem</strong></span> <span class='ocrx_word' id='word_1_268' title='bbox 769 1956 877 2026; x_wconf 87' lang='lat' dir='ltr'><strong>peccati</strong></span> <span class='ocrx_word' id='word_1_269' title='bbox 899 1958 1009 2008; x_wconf 85' lang='lat' dir='ltr'><strong>verten-</strong></span> <span class='ocrx_word' id='word_1_270' title='bbox 1062 1969 1124 2009; x_wconf 86' lang='lat' dir='ltr'><strong>rem</strong></span> <span class='ocrx_word' id='word_1_271' title='bbox 1150 1971 1208 2008; x_wconf 91' lang='lat' dir='ltr'><strong>non</strong></span> <span class='ocrx_word' id='word_1_272' title='bbox 1235 1954 1290 2008; x_wconf 85' lang='lat' dir='ltr'><strong>nisi</strong></span> <span class='ocrx_word' id='word_1_273' title='bbox 1315 1954 1344 2008; x_wconf 91' lang='lat' dir='ltr'><strong>iu</strong></span> <span class='ocrx_word' id='word_1_274' title='bbox 1370 1955 1540 2009; x_wconf 81' lang='lat' dir='ltr'><strong>necessitate</strong></span> <span class='ocrx_word' id='word_1_275' title='bbox 1563 1955 1675 2010; x_wconf 89' lang='lat' dir='ltr'><strong>babeat.</strong></span> <span class='ocrx_word' id='word_1_276' title='bbox 1700 1957 1730 2010; x_wconf 88' lang='lat' dir='ltr'><strong>Et</strong></span> <span class='ocrx_word' id='word_1_277' title='bbox 1755 1961 1786 2010; x_wconf 90' lang='grc'><strong>11</strong></span> <span class='ocrx_word' id='word_1_278' title='bbox 1806 1958 1913 2012; x_wconf 90' lang='lat' dir='ltr'><strong>notitia</strong></span> 
     </span>
     <span class='ocr_line' id='line_1_21' title="bbox 162 2042 1912 2115; baseline 0 -15"><span class='ocrx_word' id='word_1_279' title='bbox 162 2053 215 2113; x_wconf 88' lang='lat' dir='ltr'><strong>tes,</strong></span> <span class='ocrx_word' id='word_1_280' title='bbox 231 2062 296 2102; x_wconf 92' lang='lat' dir='ltr'><strong>cum</strong></span> <span class='ocrx_word' id='word_1_281' title='bbox 312 2045 534 2100; x_wconf 88' lang='lat' dir='ltr'><strong>commotionem</strong></span> <span class='ocrx_word' id='word_1_282' title='bbox 548 2060 687 2098; x_wconf 83' lang='lat' dir='ltr'><strong>venarum</strong></span> <span class='ocrx_word' id='word_1_283' title='bbox 702 2060 819 2099; x_wconf 90' lang='lat' dir='ltr'><strong>suarum</strong></span> <span class='ocrx_word' id='word_1_284' title='bbox 835 2045 934 2099; x_wconf 90' lang='lat' dir='ltr'><strong>nonin</strong></span> <span class='ocrx_word' id='word_1_285' title='bbox 948 2044 1010 2099; x_wconf 90' lang='lat' dir='ltr'><strong>dul·</strong></span> <span class='ocrx_word' id='word_1_286' title='bbox 1063 2042 1323 2115; x_wconf 78' lang='lat' dir='ltr'><strong>consanguinitatis</strong></span> <span class='ocrx_word' id='word_1_287' title='bbox 1345 2042 1374 2097; x_wconf 91' lang='lat' dir='ltr'><strong>in</strong></span> <span class='ocrx_word' id='word_1_288' title='bbox 1399 2044 1515 2115; x_wconf 91' lang='lat' dir='ltr'><strong>propria</strong></span> <span class='ocrx_word' id='word_1_289' title='bbox 1533 2043 1655 2115; x_wconf 73' lang='lat' dir='ltr'><strong>coniuge</strong></span> <span class='ocrx_word' id='word_1_290' title='bbox 1677 2043 1830 2099; x_wconf 88' lang='lat' dir='ltr'><strong>nescienda</strong></span> <span class='ocrx_word' id='word_1_291' title='bbox 1856 2051 1912 2111; x_wconf 90' lang='lat' dir='ltr'><strong>est,</strong></span> 
     </span>
     <span class='ocr_line' id='line_1_22' title="bbox 162 2131 1915 2205; baseline -0.001 -16"><span class='ocrx_word' id='word_1_292' title='bbox 162 2136 263 2190; x_wconf 88' lang='lat' dir='ltr'><strong>cedine</strong></span> <span class='ocrx_word' id='word_1_293' title='bbox 280 2133 399 2205; x_wconf 87' lang='lat' dir='ltr'><strong>peccati,</strong></span> <span class='ocrx_word' id='word_1_294' title='bbox 416 2135 465 2188; x_wconf 91' lang='lat' dir='ltr'><strong>sed</strong></span> <span class='ocrx_word' id='word_1_295' title='bbox 480 2134 511 2187; x_wconf 91' lang='lat' dir='ltr'><strong>in</strong></span> <span class='ocrx_word' id='word_1_296' title='bbox 526 2148 625 2188; x_wconf 90' lang='lat' dir='ltr'><strong>amore</strong></span> <span class='ocrx_word' id='word_1_297' title='bbox 637 2133 764 2187; x_wconf 88' lang='lat' dir='ltr'><strong>tiliorum</strong></span> <span class='ocrx_word' id='word_1_298' title='bbox 781 2133 854 2187; x_wconf 90' lang='lat' dir='ltr'><strong>scire</strong></span> <span class='ocrx_word' id='word_1_299' title='bbox 870 2133 1010 2188; x_wconf 87' lang='lat' dir='ltr'><strong>deberent</strong></span> <span class='ocrx_word' id='word_1_300' title='bbox 1062 2131 1102 2187; x_wconf 82' lang='lat' dir='ltr'><strong>ita</strong></span> <span class='ocrx_word' id='word_1_301' title='bbox 1125 2131 1210 2186; x_wconf 86' lang='lat' dir='ltr'><strong>etiam</strong></span> <span class='ocrx_word' id='word_1_302' title='bbox 1233 2136 1262 2186; x_wconf 90' lang='lat' dir='ltr'><strong>et</strong></span> <span class='ocrx_word' id='word_1_303' title='bbox 1287 2131 1387 2186; x_wconf 89' lang='lat' dir='ltr'><strong>notitia</strong></span> <span class='ocrx_word' id='word_1_304' title='bbox 1409 2131 1666 2202; x_wconf 85' lang='lat' dir='ltr'><strong>consanguinitatis</strong></span> <span class='ocrx_word' id='word_1_305' title='bbox 1688 2132 1793 2203; x_wconf 85' lang='lat' dir='ltr'><strong>prioris</strong></span> <span class='ocrx_word' id='word_1_306' title='bbox 1817 2133 1915 2204; x_wconf 91' lang='lat' dir='ltr'><strong>couju-</strong></span> 
     </span>
     <span class='ocr_line' id='line_1_23' title="bbox 161 2219 1914 2293; baseline -0.001 -15"><span class='ocrx_word' id='word_1_307' title='bbox 161 2238 225 2278; x_wconf 88' lang='lat' dir='ltr'><strong>eam</strong></span> <span class='ocrx_word' id='word_1_308' title='bbox 255 2221 396 2277; x_wconf 84' lang='lat' dir='ltr'><strong>diabolica</strong></span> <span class='ocrx_word' id='word_1_309' title='bbox 425 2221 608 2293; x_wconf 91' lang='lat' dir='ltr'><strong>suggestione</strong></span> <span class='ocrx_word' id='word_1_310' title='bbox 631 2222 661 2275; x_wconf 89' lang='lat' dir='ltr'><strong>in</strong></span> <span class='ocrx_word' id='word_1_311' title='bbox 683 2220 832 2276; x_wconf 85' lang='lat' dir='ltr'><strong>libidinem</strong></span> <span class='ocrx_word' id='word_1_312' title='bbox 856 2222 1008 2288; x_wconf 87' lang='lat' dir='ltr'><strong>dederunt,</strong></span> <span class='ocrx_word' id='word_1_313' title='bbox 1064 2219 1107 2291; x_wconf 94' lang='lat' dir='ltr'><strong>gis</strong></span> <span class='ocrx_word' id='word_1_314' title='bbox 1129 2220 1158 2274; x_wconf 91' lang='lat' dir='ltr'><strong>in</strong></span> <span class='ocrx_word' id='word_1_315' title='bbox 1182 2219 1276 2274; x_wconf 88' lang='lat' dir='ltr'><strong>aliene</strong></span> <span class='ocrx_word' id='word_1_316' title='bbox 1301 2221 1405 2290; x_wconf 91' lang='lat' dir='ltr'><strong>copnta</strong></span> <span class='ocrx_word' id='word_1_317' title='bbox 1428 2219 1609 2275; x_wconf 86' lang='lat' dir='ltr'><strong>abhorrenda</strong></span> <span class='ocrx_word' id='word_1_318' title='bbox 1623 2224 1682 2287; x_wconf 86' lang='lat' dir='ltr'><strong>ast;</strong></span> <span class='ocrx_word' id='word_1_319' title='bbox 1700 2236 1752 2276; x_wconf 88' lang='lat' dir='ltr'><strong>uec</strong></span> <span class='ocrx_word' id='word_1_320' title='bbox 1768 2237 1798 2276; x_wconf 90' lang='lat' dir='ltr'><strong>se</strong></span> <span class='ocrx_word' id='word_1_321' title='bbox 1823 2222 1914 2278; x_wconf 89' lang='lat' dir='ltr'><strong>bomo</strong></span> 
     </span>
     <span class='ocr_line' id='line_1_24' title="bbox 162 2307 1914 2384; baseline 0.001 -19"><span class='ocrx_word' id='word_1_322' title='bbox 162 2313 230 2384; x_wconf 91' lang='lat' dir='ltr'><strong>quia</strong></span> <span class='ocrx_word' id='word_1_323' title='bbox 245 2311 440 2365; x_wconf 89' lang='lat' dir='ltr'><strong>innocentiam</strong></span> <span class='ocrx_word' id='word_1_324' title='bbox 460 2309 599 2379; x_wconf 77' lang='lat' dir='ltr'><strong>genitura</strong></span> <span class='ocrx_word' id='word_1_325' title='bbox 620 2327 678 2364; x_wconf 71' lang='lat' dir='ltr'><strong>suar</strong></span> <span class='ocrx_word' id='word_1_326' title='bbox 694 2311 856 2380; x_wconf 81' lang='lat' dir='ltr'><strong>perdentes,</strong></span> <span class='ocrx_word' id='word_1_327' title='bbox 877 2310 955 2365; x_wconf 91' lang='lat' dir='ltr'><strong>illam</strong></span> <span class='ocrx_word' id='word_1_328' title='bbox 979 2310 1009 2363; x_wconf 94' lang='lat' dir='ltr'><strong>in</strong></span> <span class='ocrx_word' id='word_1_329' title='bbox 1064 2308 1097 2364; x_wconf 89' lang='lat' dir='ltr'><strong>ed</strong></span> <span class='ocrx_word' id='word_1_330' title='bbox 1122 2307 1289 2378; x_wconf 88' lang='lat' dir='ltr'><strong>hujusmodi</strong></span> <span class='ocrx_word' id='word_1_331' title='bbox 1312 2309 1445 2379; x_wconf 89' lang='lat' dir='ltr'><strong>copulam</strong></span> <span class='ocrx_word' id='word_1_332' title='bbox 1468 2309 1631 2380; x_wconf 86' lang='lat' dir='ltr'><strong>conjungat,</strong></span> <span class='ocrx_word' id='word_1_333' title='bbox 1654 2309 1726 2364; x_wconf 87' lang='lat' dir='ltr'><strong>sicut</strong></span> <span class='ocrx_word' id='word_1_334' title='bbox 1740 2315 1769 2365; x_wconf 88' lang='lat' dir='ltr'><strong>et</strong></span> <span class='ocrx_word' id='word_1_335' title='bbox 1787 2311 1914 2366; x_wconf 82' lang='lat' dir='ltr'><strong>Ecclesia</strong></span> 
     </span>
     <span class='ocr_line' id='line_1_25' title="bbox 162 2394 1915 2470; baseline 0 -18"><span class='ocrx_word' id='word_1_336' title='bbox 162 2406 312 2470; x_wconf 87' lang='lat' dir='ltr'><strong>peccatum</strong></span> <span class='ocrx_word' id='word_1_337' title='bbox 335 2398 485 2452; x_wconf 90' lang='lat' dir='ltr'><strong>miseruut.</strong></span> <span class='ocrx_word' id='word_1_338' title='bbox 509 2397 600 2465; x_wconf 78' lang='lat' dir='ltr'><strong>Unde,</strong></span> <span class='ocrx_word' id='word_1_339' title='bbox 627 2397 765 2468; x_wconf 91' lang='lat' dir='ltr'><strong>qnoniam</strong></span> <span class='ocrx_word' id='word_1_340' title='bbox 787 2398 842 2451; x_wconf 89' lang='lat' dir='ltr'><strong>hoc</strong></span> <span class='ocrx_word' id='word_1_341' title='bbox 865 2413 923 2452; x_wconf 89' lang='lat' dir='ltr'><strong>nou</strong></span> <span class='ocrx_word' id='word_1_342' title='bbox 947 2397 1010 2451; x_wconf 89' lang='lat' dir='ltr'><strong>siue</strong></span> <span class='ocrx_word' id='word_1_343' title='bbox 1063 2411 1116 2468; x_wconf 86' lang='lat' dir='ltr'><strong>pcr</strong></span> <span class='ocrx_word' id='word_1_344' title='bbox 1130 2394 1261 2450; x_wconf 84' lang='lat' dir='ltr'><strong>doctores</strong></span> <span class='ocrx_word' id='word_1_345' title='bbox 1281 2411 1347 2450; x_wconf 90' lang='lat' dir='ltr'><strong>suos</strong></span> <span class='ocrx_word' id='word_1_346' title='bbox 1361 2395 1494 2466; x_wconf 77' lang='lat' dir='ltr'><strong>prohibat</strong></span> <span class='ocrx_word' id='word_1_347' title='bbox 1510 2397 1559 2466; x_wconf 92' lang='lat' dir='ltr'><strong>qui</strong></span> <span class='ocrx_word' id='word_1_348' title='bbox 1575 2395 1665 2466; x_wconf 78' lang='lat' dir='ltr'><strong>ipsam</strong></span> <span class='ocrx_word' id='word_1_349' title='bbox 1686 2396 1714 2450; x_wconf 92' lang='lat' dir='ltr'><strong>in</strong></span> <span class='ocrx_word' id='word_1_350' title='bbox 1731 2397 1822 2451; x_wconf 90' lang='lat' dir='ltr'><strong>multa</strong></span> <span class='ocrx_word' id='word_1_351' title='bbox 1835 2397 1915 2452; x_wconf 82' lang='lat' dir='ltr'><strong>sulli-</strong></span> 
     </span>
     <span class='ocr_line' id='line_1_26' title="bbox 164 2483 1914 2556; baseline 0.001 -17"><span class='ocrx_word' id='word_1_352' title='bbox 164 2484 304 2540; x_wconf 89' lang='lat' dir='ltr'><strong>diabotica</strong></span> <span class='ocrx_word' id='word_1_353' title='bbox 323 2485 507 2554; x_wconf 87' lang='lat' dir='ltr'><strong>persuasione</strong></span> <span class='ocrx_word' id='word_1_354' title='bbox 529 2492 677 2556; x_wconf 87' lang='lat' dir='ltr'><strong>peractum</strong></span> <span class='ocrx_word' id='word_1_355' title='bbox 694 2490 746 2550; x_wconf 90' lang='lat' dir='ltr'><strong>est,</strong></span> <span class='ocrx_word' id='word_1_356' title='bbox 762 2484 867 2540; x_wconf 88' lang='lat' dir='ltr'><strong>idcirco</strong></span> <span class='ocrx_word' id='word_1_357' title='bbox 884 2489 912 2539; x_wconf 90' lang='lat' dir='ltr'><strong>et</strong></span> <span class='ocrx_word' id='word_1_358' title='bbox 932 2485 1008 2538; x_wconf 89' lang='lat' dir='ltr'><strong>idem</strong></span> <span class='ocrx_word' id='word_1_359' title='bbox 1063 2483 1190 2538; x_wconf 88' lang='lat' dir='ltr'><strong>citudine</strong></span> <span class='ocrx_word' id='word_1_360' title='bbox 1215 2487 1243 2537; x_wconf 89' lang='lat' dir='ltr'><strong>et</strong></span> <span class='ocrx_word' id='word_1_361' title='bbox 1274 2484 1384 2538; x_wconf 90' lang='lat' dir='ltr'><strong>bonore</strong></span> <span class='ocrx_word' id='word_1_362' title='bbox 1424 2484 1616 2539; x_wconf 86' lang='lat' dir='ltr'><strong>stabilierunt.</strong></span> <span class='ocrx_word' id='word_1_363' title='bbox 1645 2485 1725 2548; x_wconf 82' lang='lat' dir='ltr'><strong>Quod</strong></span> <span class='ocrx_word' id='word_1_364' title='bbox 1758 2490 1854 2540; x_wconf 87' lang='lat' dir='ltr'><strong>autem</strong></span> <span class='ocrx_word' id='word_1_365' title='bbox 1881 2486 1914 2540; x_wconf 92' lang='lat' dir='ltr'><strong>in</strong></span> 
     </span>
     <span class='ocr_line' id='line_1_27' title="bbox 163 2571 1912 2644; baseline 0.001 -15"><span class='ocrx_word' id='word_1_366' title='bbox 163 2575 294 2629; x_wconf 90' lang='lat' dir='ltr'><strong>diabolus</strong></span> <span class='ocrx_word' id='word_1_367' title='bbox 308 2574 342 2627; x_wconf 91' lang='lat' dir='ltr'><strong>ad</strong></span> <span class='ocrx_word' id='word_1_368' title='bbox 361 2574 415 2627; x_wconf 78' lang='lat' dir='ltr'><strong>linc</strong></span> <span class='ocrx_word' id='word_1_369' title='bbox 429 2590 503 2643; x_wconf 88' lang='lat' dir='ltr'><strong>opus</strong></span> <span class='ocrx_word' id='word_1_370' title='bbox 514 2574 610 2642; x_wconf 77' lang='lat' dir='ltr'><strong>jacula</strong></span> <span class='ocrx_word' id='word_1_371' title='bbox 624 2590 675 2627; x_wconf 87' lang='lat' dir='ltr'><strong>sua</strong></span> <span class='ocrx_word' id='word_1_372' title='bbox 689 2573 796 2642; x_wconf 85' lang='lat' dir='ltr'><strong>emisit,</strong></span> <span class='ocrx_word' id='word_1_373' title='bbox 811 2589 847 2629; x_wconf 89' lang='lat' dir='ltr'><strong>ne</strong></span> <span class='ocrx_word' id='word_1_374' title='bbox 867 2573 928 2626; x_wconf 88' lang='lat' dir='ltr'><strong>sina</strong></span> <span class='ocrx_word' id='word_1_375' title='bbox 945 2589 1011 2644; x_wconf 91' lang='lat' dir='ltr'><strong>sng-</strong></span> <span class='ocrx_word' id='word_1_376' title='bbox 1063 2571 1159 2626; x_wconf 87' lang='lat' dir='ltr'><strong>Veteri</strong></span> <span class='ocrx_word' id='word_1_377' title='bbox 1172 2572 1353 2626; x_wconf 82' lang='lat' dir='ltr'><strong>Testamenta</strong></span> <span class='ocrx_word' id='word_1_378' title='bbox 1369 2571 1499 2626; x_wconf 86' lang='lat' dir='ltr'><strong>homines</strong></span> <span class='ocrx_word' id='word_1_379' title='bbox 1522 2573 1552 2627; x_wconf 92' lang='lat' dir='ltr'><strong>in</strong></span> <span class='ocrx_word' id='word_1_380' title='bbox 1577 2574 1827 2642; x_wconf 81' lang='lat' dir='ltr'><strong>consanguinitate</strong></span> <span class='ocrx_word' id='word_1_381' title='bbox 1843 2591 1912 2630; x_wconf 84' lang='lat' dir='ltr'><strong>san-</strong></span> 
     </span>
     <span class='ocr_line' id='line_1_28' title="bbox 161 2658 1916 2732; baseline 0.002 -17"><span class='ocrx_word' id='word_1_382' title='bbox 161 2662 289 2732; x_wconf 86' lang='lat' dir='ltr'><strong>gestione</strong></span> <span class='ocrx_word' id='word_1_383' title='bbox 303 2661 391 2731; x_wconf 88' lang='lat' dir='ltr'><strong>ipsius</strong></span> <span class='ocrx_word' id='word_1_384' title='bbox 407 2658 580 2731; x_wconf 83' lang='lat' dir='ltr'><strong>perficiatur,</strong></span> <span class='ocrx_word' id='word_1_385' title='bbox 597 2675 663 2715; x_wconf 92' lang='lat' dir='ltr'><strong>cum</strong></span> <span class='ocrx_word' id='word_1_386' title='bbox 682 2661 776 2715; x_wconf 89' lang='lat' dir='ltr'><strong>dixit:</strong></span> <span class='ocrx_word' id='word_1_387' title='bbox 795 2662 854 2715; x_wconf 85' lang='lat' dir='ltr'><strong>llea</strong></span> <span class='ocrx_word' id='word_1_388' title='bbox 870 2660 1007 2715; x_wconf 76' lang='lat' dir='ltr'><strong>tortitudo</strong></span> <span class='ocrx_word' id='word_1_389' title='bbox 1065 2659 1159 2730; x_wconf 88' lang='lat' dir='ltr'><strong>guinis</strong></span> <span class='ocrx_word' id='word_1_390' title='bbox 1192 2659 1235 2712; x_wconf 91' lang='lat' dir='ltr'><strong>sui</strong></span> <span class='ocrx_word' id='word_1_391' title='bbox 1268 2667 1410 2730; x_wconf 67' lang='lat' dir='ltr'><strong>peraccepta</strong></span> <span class='ocrx_word' id='word_1_392' title='bbox 1443 2661 1513 2730; x_wconf 87' lang='lat' dir='ltr'><strong>legis</strong></span> <span class='ocrx_word' id='word_1_393' title='bbox 1555 2661 1702 2732; x_wconf 87' lang='lat' dir='ltr'><strong>conjuncti</strong></span> <span class='ocrx_word' id='word_1_394' title='bbox 1748 2669 1825 2730; x_wconf 91' lang='lat' dir='ltr'><strong>sunt,</strong></span> <span class='ocrx_word' id='word_1_395' title='bbox 1858 2665 1916 2718; x_wconf 83' lang='lat' dir='ltr'><strong>lroc</strong></span> 
     </span>
     <span class='ocr_line' id='line_1_29' title="bbox 162 2748 1916 2821; baseline 0.002 -16"><span class='ocrx_word' id='word_1_396' title='bbox 162 2750 580 2821; x_wconf 88' lang='lat' dir='ltr'><strong>inconceptuhominumest,</strong></span> <span class='ocrx_word' id='word_1_397' title='bbox 605 2750 712 2804; x_wconf 90' lang='lat' dir='ltr'><strong>idcirco</strong></span> <span class='ocrx_word' id='word_1_398' title='bbox 737 2749 824 2803; x_wconf 91' lang='lat' dir='ltr'><strong>bomo</strong></span> <span class='ocrx_word' id='word_1_399' title='bbox 848 2765 929 2803; x_wconf 91' lang='lat' dir='ltr'><strong>meus</strong></span> <span class='ocrx_word' id='word_1_400' title='bbox 954 2755 1008 2802; x_wconf 90' lang='lat' dir='ltr'><strong>est.</strong></span> <span class='ocrx_word' id='word_1_401' title='bbox 1063 2755 1182 2820; x_wconf 88' lang='lat' dir='ltr'><strong>propter</strong></span> <span class='ocrx_word' id='word_1_402' title='bbox 1214 2748 1349 2802; x_wconf 88' lang='lat' dir='ltr'><strong>duritiam</strong></span> <span class='ocrx_word' id='word_1_403' title='bbox 1383 2748 1498 2804; x_wconf 91' lang='lat' dir='ltr'><strong>illorum</strong></span> <span class='ocrx_word' id='word_1_404' title='bbox 1526 2751 1631 2805; x_wconf 76' lang='grc'><strong>1111111</strong></span> <span class='ocrx_word' id='word_1_405' title='bbox 1655 2757 1708 2818; x_wconf 83' lang='lat' dir='ltr'><strong>est,</strong></span> <span class='ocrx_word' id='word_1_406' title='bbox 1737 2757 1770 2806; x_wconf 89' lang='lat' dir='ltr'><strong>nt</strong></span> <span class='ocrx_word' id='word_1_407' title='bbox 1790 2752 1916 2808; x_wconf 84' lang='lat' dir='ltr'><strong>invicem</strong></span> 
     </span>
     <span class='ocr_line' id='line_1_30' title="bbox 165 2836 1916 2910; baseline 0.002 -16"><span class='ocrx_word' id='word_1_408' title='bbox 165 2841 197 2894; x_wconf 80' lang='lat' dir='ltr'><strong>lit</strong></span> <span class='ocrx_word' id='word_1_409' title='bbox 216 2839 316 2893; x_wconf 84' lang='lat' dir='ltr'><strong>videns</strong></span> <span class='ocrx_word' id='word_1_410' title='bbox 338 2839 414 2910; x_wconf 89' lang='lat' dir='ltr'><strong>quod</strong></span> <span class='ocrx_word' id='word_1_411' title='bbox 440 2839 527 2893; x_wconf 88' lang='lat' dir='ltr'><strong>homo</strong></span> <span class='ocrx_word' id='word_1_412' title='bbox 551 2840 693 2909; x_wconf 85' lang='lat' dir='ltr'><strong>particeps</strong></span> <span class='ocrx_word' id='word_1_413' title='bbox 715 2854 864 2910; x_wconf 74' lang='lat' dir='ltr'><strong>paenarum</strong></span> <span class='ocrx_word' id='word_1_414' title='bbox 889 2851 1010 2891; x_wconf 90' lang='lat' dir='ltr'><strong>suarum</strong></span> <span class='ocrx_word' id='word_1_415' title='bbox 1065 2851 1164 2907; x_wconf 87' lang='lat' dir='ltr'><strong>pacem</strong></span> <span class='ocrx_word' id='word_1_416' title='bbox 1196 2836 1345 2903; x_wconf 84' lang='lat' dir='ltr'><strong>traherent,</strong></span> <span class='ocrx_word' id='word_1_417' title='bbox 1370 2841 1398 2892; x_wconf 91' lang='lat' dir='ltr'><strong>et</strong></span> <span class='ocrx_word' id='word_1_418' title='bbox 1423 2841 1455 2891; x_wconf 92' lang='lat' dir='ltr'><strong>ut</strong></span> <span class='ocrx_word' id='word_1_419' title='bbox 1482 2843 1539 2892; x_wconf 91' lang='lat' dir='ltr'><strong>tam</strong></span> <span class='ocrx_word' id='word_1_420' title='bbox 1566 2838 1649 2892; x_wconf 81' lang='lat' dir='ltr'><strong>firma</strong></span> <span class='ocrx_word' id='word_1_421' title='bbox 1670 2839 1795 2895; x_wconf 88' lang='lat' dir='ltr'><strong>charitas</strong></span> <span class='ocrx_word' id='word_1_422' title='bbox 1818 2841 1848 2896; x_wconf 91' lang='lat' dir='ltr'><strong>in</strong></span> <span class='ocrx_word' id='word_1_423' title='bbox 1872 2844 1916 2896; x_wconf 89' lang='lat' dir='ltr'><strong>eis</strong></span> 
     </span>
     <span class='ocr_line' id='line_1_31' title="bbox 163 2925 1915 3021; baseline 0.003 -40"><span class='ocrx_word' id='word_1_424' title='bbox 163 2943 224 2982; x_wconf 87' lang='lat' dir='ltr'><strong>esse</strong></span> <span class='ocrx_word' id='word_1_425' title='bbox 239 2928 347 2994; x_wconf 82' lang='lat' dir='ltr'><strong>debuit,</strong></span> <span class='ocrx_word' id='word_1_426' title='bbox 365 2925 432 2998; x_wconf 87' lang='lat' dir='ltr'><strong>quia</strong></span> <span class='ocrx_word' id='word_1_427' title='bbox 458 2925 485 2980; x_wconf 88' lang='lat' dir='ltr'><strong>ei</strong></span> <span class='ocrx_word' id='word_1_428' title='bbox 510 2931 702 2992; x_wconf 84' lang='lat' dir='ltr'><strong>consenserat,</strong></span> <span class='ocrx_word' id='word_1_429' title='bbox 728 2929 834 2981; x_wconf 87' lang='lat' dir='ltr'><strong>iterum</strong></span> <span class='ocrx_word' id='word_1_430' title='bbox 855 2926 886 2981; x_wconf 92' lang='lat' dir='ltr'><strong>in</strong></span> <span class='ocrx_word' id='word_1_431' title='bbox 908 2931 1012 2979; x_wconf 89' lang='lat' dir='ltr'><strong>semet·</strong></span> <span class='ocrx_word' id='word_1_432' title='bbox 1029 2965 1050 3021; x_wconf 73' lang='lat' dir='ltr'>C</span> <span class='ocrx_word' id='word_1_433' title='bbox 1065 2931 1161 2980; x_wconf 87' lang='lat' dir='ltr'><strong>esset:</strong></span> <span class='ocrx_word' id='word_1_434' title='bbox 1187 2941 1222 2980; x_wconf 91' lang='lat' dir='ltr'><strong>nc</strong></span> <span class='ocrx_word' id='word_1_435' title='bbox 1245 2925 1337 2979; x_wconf 90' lang='lat' dir='ltr'><strong>tribus</strong></span> <span class='ocrx_word' id='word_1_436' title='bbox 1358 2925 1456 2980; x_wconf 84' lang='lat' dir='ltr'><strong>divisse</strong></span> <span class='ocrx_word' id='word_1_437' title='bbox 1479 2926 1673 2996; x_wconf 80' lang='lat' dir='ltr'><strong>conjunctioni</strong></span> <span class='ocrx_word' id='word_1_438' title='bbox 1700 2927 1853 2998; x_wconf 88' lang='lat' dir='ltr'><strong>gentilium</strong></span> <span class='ocrx_word' id='word_1_439' title='bbox 1882 2948 1915 2986; x_wconf 88' lang='lat' dir='ltr'><strong>se</strong></span> 
     </span>
     <span class='ocr_line' id='line_1_32' title="bbox 162 3010 1912 3088; baseline 0.004 -22"><span class='ocrx_word' id='word_1_440' title='bbox 162 3013 227 3084; x_wconf 85' lang='lat' dir='ltr'><strong>ipso</strong></span> <span class='ocrx_word' id='word_1_441' title='bbox 255 3012 367 3066; x_wconf 86' lang='lat' dir='ltr'><strong>dicebat</strong></span> <span class='ocrx_word' id='word_1_442' title='bbox 393 3028 399 3066; x_wconf 91' lang='lat'><strong>:</strong></span> <span class='ocrx_word' id='word_1_443' title='bbox 433 3011 599 3066; x_wconf 82' lang='lat' dir='ltr'><strong>Fortissimc</strong></span> <span class='ocrx_word' id='word_1_444' title='bbox 629 3013 686 3066; x_wconf 84' lang='lat' dir='ltr'><strong>lleo</strong></span> <span class='ocrx_word' id='word_1_445' title='bbox 713 3028 814 3067; x_wconf 85' lang='lat' dir='ltr'><strong>omues</strong></span> <span class='ocrx_word' id='word_1_446' title='bbox 841 3010 1009 3083; x_wconf 90' lang='lat' dir='ltr'><strong>iniquitates</strong></span> <span class='ocrx_word' id='word_1_447' title='bbox 1065 3014 1216 3068; x_wconf 86' lang='lat' dir='ltr'><strong>miscentes</strong></span> <span class='ocrx_word' id='word_1_448' title='bbox 1246 3013 1339 3068; x_wconf 83' lang='lat' dir='ltr'><strong>loedus</strong></span> <span class='ocrx_word' id='word_1_449' title='bbox 1371 3029 1467 3068; x_wconf 88' lang='lat' dir='ltr'><strong>meum</strong></span> <span class='ocrx_word' id='word_1_450' title='bbox 1500 3011 1702 3085; x_wconf 80' lang='lat' dir='ltr'><strong>infringerent,</strong></span> <span class='ocrx_word' id='word_1_451' title='bbox 1725 3031 1816 3088; x_wconf 84' lang='lat' dir='ltr'><strong>usque</strong></span> <span class='ocrx_word' id='word_1_452' title='bbox 1840 3016 1912 3073; x_wconf 91' lang='lat' dir='ltr'><strong>dum</strong></span> 
     </span>
     <span class='ocr_line' id='line_1_33' title="bbox 163 3097 1985 3175; baseline 0.006 -23"><span class='ocrx_word' id='word_1_453' title='bbox 163 3099 315 3154; x_wconf 82' lang='lat' dir='ltr'><strong>contrariae</strong></span> <span class='ocrx_word' id='word_1_454' title='bbox 338 3103 414 3166; x_wconf 79' lang='lat' dir='ltr'><strong>scint,</strong></span> <span class='ocrx_word' id='word_1_455' title='bbox 437 3098 574 3170; x_wconf 89' lang='lat' dir='ltr'><strong>quoniam</strong></span> <span class='ocrx_word' id='word_1_456' title='bbox 590 3098 709 3153; x_wconf 90' lang='lat' dir='ltr'><strong>omnino</strong></span> <span class='ocrx_word' id='word_1_457' title='bbox 728 3097 852 3169; x_wconf 88' lang='lat' dir='ltr'><strong>injustus</strong></span> <span class='ocrx_word' id='word_1_458' title='bbox 875 3114 934 3153; x_wconf 94' lang='lat' dir='ltr'><strong>nou</strong></span> <span class='ocrx_word' id='word_1_459' title='bbox 955 3104 1008 3153; x_wconf 90' lang='lat' dir='ltr'><strong>est.</strong></span> <span class='ocrx_word' id='word_1_460' title='bbox 1063 3101 1135 3157; x_wconf 94' lang='lat' dir='ltr'><strong>illud</strong></span> <span class='ocrx_word' id='word_1_461' title='bbox 1148 3107 1262 3173; x_wconf 88' lang='lat' dir='ltr'><strong>tempus</strong></span> <span class='ocrx_word' id='word_1_462' title='bbox 1275 3103 1353 3157; x_wconf 78' lang='lat' dir='ltr'><strong>venit</strong></span> <span class='ocrx_word' id='word_1_463' title='bbox 1368 3102 1398 3156; x_wconf 90' lang='lat' dir='ltr'><strong>in</strong></span> <span class='ocrx_word' id='word_1_464' title='bbox 1413 3118 1470 3173; x_wconf 90' lang='lat' dir='ltr'><strong>quo</strong></span> <span class='ocrx_word' id='word_1_465' title='bbox 1491 3103 1578 3158; x_wconf 83' lang='lat' dir='ltr'><strong>Filius</strong></span> <span class='ocrx_word' id='word_1_466' title='bbox 1601 3117 1682 3158; x_wconf 88' lang='lat' dir='ltr'><strong>meus</strong></span> <span class='ocrx_word' id='word_1_467' title='bbox 1697 3104 1912 3175; x_wconf 88' lang='lat' dir='ltr'><strong>plenitudinem</strong></span> <span class='ocrx_word' id='word_1_468' title='bbox 1984 3115 1985 3128; x_wconf 65' lang='lat'>¹</span> 
     </span>
     <span class='ocr_line' id='line_1_34' title="bbox 165 3187 1912 3264; baseline 0.006 -24"><span class='ocrx_word' id='word_1_469' title='bbox 165 3189 199 3242; x_wconf 84' lang='lat' dir='ltr'><strong>Et</strong></span> <span class='ocrx_word' id='word_1_470' title='bbox 212 3187 266 3242; x_wconf 92' lang='lat' dir='ltr'><strong>boc</strong></span> <span class='ocrx_word' id='word_1_471' title='bbox 280 3187 355 3241; x_wconf 89' lang='lat' dir='ltr'><strong>idem</strong></span> <span class='ocrx_word' id='word_1_472' title='bbox 369 3187 505 3256; x_wconf 87' lang='lat' dir='ltr'><strong>deceptor</strong></span> <span class='ocrx_word' id='word_1_473' title='bbox 519 3187 549 3240; x_wconf 91' lang='lat' dir='ltr'><strong>in</strong></span> <span class='ocrx_word' id='word_1_474' title='bbox 564 3187 650 3241; x_wconf 89' lang='lat' dir='ltr'><strong>corde</strong></span> <span class='ocrx_word' id='word_1_475' title='bbox 669 3203 720 3240; x_wconf 90' lang='lat' dir='ltr'><strong>suo</strong></span> <span class='ocrx_word' id='word_1_476' title='bbox 744 3188 904 3242; x_wconf 84' lang='lat' dir='ltr'><strong>maximum</strong></span> <span class='ocrx_word' id='word_1_477' title='bbox 928 3187 1010 3257; x_wconf 90' lang='lat' dir='ltr'><strong>sigil-</strong></span> <span class='ocrx_word' id='word_1_478' title='bbox 1064 3191 1213 3246; x_wconf 90' lang='lat' dir='ltr'><strong>charitatis</strong></span> <span class='ocrx_word' id='word_1_479' title='bbox 1240 3190 1373 3256; x_wconf 81' lang='lat' dir='ltr'><strong>afferens,</strong></span> <span class='ocrx_word' id='word_1_480' title='bbox 1395 3191 1628 3262; x_wconf 89' lang='lat' dir='ltr'><strong>conjunctionem</strong></span> <span class='ocrx_word' id='word_1_481' title='bbox 1653 3194 1912 3264; x_wconf 86' lang='lat' dir='ltr'><strong>consanguinitatis</strong></span> 
     </span>
     <span class='ocr_line' id='line_1_35' title="bbox 164 3275 1914 3358; baseline 0.007 -29"><span class='ocrx_word' id='word_1_482' title='bbox 164 3279 223 3332; x_wconf 91' lang='lat' dir='ltr'><strong>lum</strong></span> <span class='ocrx_word' id='word_1_483' title='bbox 240 3277 344 3349; x_wconf 87' lang='lat' dir='ltr'><strong>posuit,</strong></span> <span class='ocrx_word' id='word_1_484' title='bbox 361 3275 493 3331; x_wconf 79' lang='lat' dir='ltr'><strong>videlicet</strong></span> <span class='ocrx_word' id='word_1_485' title='bbox 508 3276 584 3348; x_wconf 74' lang='lat' dir='ltr'><strong>qum</strong></span> <span class='ocrx_word' id='word_1_486' title='bbox 596 3276 683 3331; x_wconf 91' lang='lat' dir='ltr'><strong>bomo</strong></span> <span class='ocrx_word' id='word_1_487' title='bbox 697 3277 747 3348; x_wconf 83' lang='lat' dir='ltr'><strong>qui</strong></span> <span class='ocrx_word' id='word_1_488' title='bbox 762 3277 817 3330; x_wconf 88' lang='lat' dir='ltr'><strong>sibi</strong></span> <span class='ocrx_word' id='word_1_489' title='bbox 828 3283 929 3348; x_wconf 88' lang='lat' dir='ltr'><strong>sponte</strong></span> <span class='ocrx_word' id='word_1_490' title='bbox 940 3293 1010 3332; x_wconf 91' lang='lat' dir='ltr'><strong>con·</strong></span> <span class='ocrx_word' id='word_1_491' title='bbox 1064 3284 1185 3338; x_wconf 77' lang='lat' dir='ltr'><strong>carnalis</strong></span> <span class='ocrx_word' id='word_1_492' title='bbox 1208 3284 1317 3354; x_wconf 75' lang='lat' dir='ltr'><strong>copulae</strong></span> <span class='ocrx_word' id='word_1_493' title='bbox 1340 3283 1370 3338; x_wconf 92' lang='lat' dir='ltr'><strong>in</strong></span> <span class='ocrx_word' id='word_1_494' title='bbox 1391 3284 1516 3339; x_wconf 87' lang='lat' dir='ltr'><strong>alienam</strong></span> <span class='ocrx_word' id='word_1_495' title='bbox 1539 3286 1705 3358; x_wconf 90' lang='lat' dir='ltr'><strong>prosapiam</strong></span> <span class='ocrx_word' id='word_1_496' title='bbox 1720 3303 1786 3342; x_wconf 81' lang='lat' dir='ltr'><strong>curn</strong></span> <span class='ocrx_word' id='word_1_497' title='bbox 1802 3287 1914 3358; x_wconf 92' lang='lat' dir='ltr'><strong>pudore</strong></span> 
     </span>
     <span class='ocr_line' id='line_1_36' title="bbox 164 3365 1914 3447; baseline 0.006 -27"><span class='ocrx_word' id='word_1_498' title='bbox 164 3370 300 3434; x_wconf 80' lang='lat' dir='ltr'><strong>senserat,</strong></span> <span class='ocrx_word' id='word_1_499' title='bbox 328 3365 383 3436; x_wconf 91' lang='lat' dir='ltr'><strong>ipsi</strong></span> <span class='ocrx_word' id='word_1_500' title='bbox 409 3366 516 3420; x_wconf 82' lang='lat' dir='ltr'><strong>autent</strong></span> <span class='ocrx_word' id='word_1_501' title='bbox 543 3381 601 3420; x_wconf 91' lang='lat' dir='ltr'><strong>uon</strong></span> <span class='ocrx_word' id='word_1_502' title='bbox 631 3370 737 3437; x_wconf 84' lang='lat' dir='ltr'><strong>posset.</strong></span> <span class='ocrx_word' id='word_1_503' title='bbox 764 3365 946 3438; x_wconf 81' lang='lat' dir='ltr'><strong>Quapropter</strong></span> <span class='ocrx_word' id='word_1_504' title='bbox 969 3382 1011 3420; x_wconf 78' lang='grc'><strong>111·</strong></span> <span class='ocrx_word' id='word_1_505' title='bbox 1064 3373 1243 3428; x_wconf 82' lang='lat' dir='ltr'><strong>verecundiae</strong></span> <span class='ocrx_word' id='word_1_506' title='bbox 1267 3373 1425 3428; x_wconf 87' lang='lat' dir='ltr'><strong>transtulit.</strong></span> <span class='ocrx_word' id='word_1_507' title='bbox 1450 3373 1529 3429; x_wconf 90' lang='lat' dir='ltr'><strong>Unde</strong></span> <span class='ocrx_word' id='word_1_508' title='bbox 1548 3375 1687 3447; x_wconf 89' lang='lat' dir='ltr'><strong>quoniam</strong></span> <span class='ocrx_word' id='word_1_509' title='bbox 1711 3391 1814 3446; x_wconf 90' lang='lat' dir='ltr'><strong>sponsa</strong></span> <span class='ocrx_word' id='word_1_510' title='bbox 1838 3375 1914 3446; x_wconf 85' lang='lat' dir='ltr'><strong>ejus·</strong></span> 
     </span>
     <span class='ocr_line' id='line_1_37' title="bbox 164 3452 1910 3522; baseline 0.001 -15"><span class='ocrx_word' id='word_1_511' title='bbox 164 3459 272 3508; x_wconf 88' lang='lat' dir='ltr'><strong>cretum</strong></span> <span class='ocrx_word' id='word_1_512' title='bbox 295 3453 446 3508; x_wconf 88' lang='lat' dir='ltr'><strong>consilinm</strong></span> <span class='ocrx_word' id='word_1_513' title='bbox 471 3452 501 3507; x_wconf 94' lang='lat' dir='ltr'><strong>in</strong></span> <span class='ocrx_word' id='word_1_514' title='bbox 523 3469 569 3507; x_wconf 88' lang='lat' dir='ltr'><strong>mc</strong></span> <span class='ocrx_word' id='word_1_515' title='bbox 590 3453 646 3509; x_wconf 87' lang='lat' dir='ltr'><strong>luit</strong></span> <span class='ocrx_word' id='word_1_516' title='bbox 672 3456 702 3507; x_wconf 92' lang='lat' dir='ltr'><strong>ut</strong></span> <span class='ocrx_word' id='word_1_517' title='bbox 725 3453 828 3508; x_wconf 86' lang='lat' dir='ltr'><strong>Filium</strong></span> <span class='ocrx_word' id='word_1_518' title='bbox 852 3470 949 3508; x_wconf 88' lang='lat' dir='ltr'><strong>meum</strong></span> <span class='ocrx_word' id='word_1_519' title='bbox 973 3454 1009 3509; x_wconf 92' lang='lat' dir='ltr'><strong>ad</strong></span> <span class='ocrx_word' id='word_1_520' title='bbox 1065 3463 1131 3518; x_wconf 71' lang='lat' dir='ltr'><strong>dem</strong></span> <span class='ocrx_word' id='word_1_521' title='bbox 1166 3461 1229 3516; x_wconf 75' lang='lat' dir='ltr'><strong>Filii</strong></span> <span class='ocrx_word' id='word_1_522' title='bbox 1257 3461 1313 3516; x_wconf 73' lang='lat' dir='ltr'><strong>moi</strong></span> <span class='ocrx_word' id='word_1_523' title='bbox 1341 3463 1487 3518; x_wconf 72' lang='lat' dir='ltr'><strong>vincutum</strong></span> <span class='ocrx_word' id='word_1_524' title='bbox 1517 3463 1628 3518; x_wconf 72' lang='lat' dir='ltr'><strong>timoris</strong></span> <span class='ocrx_word' id='word_1_525' title='bbox 1658 3463 1714 3519; x_wconf 72' lang='lat' dir='ltr'><strong>mei</strong></span> <span class='ocrx_word' id='word_1_526' title='bbox 1745 3471 1773 3520; x_wconf 63' lang='grc' dir='ltr'><strong>οι</strong></span> <span class='ocrx_word' id='word_1_527' title='bbox 1802 3472 1910 3522; x_wconf 64' lang='lat' dir='ltr'><strong>mecam</strong></span> 
     </span>
    </p>
   </div>
   <div class='ocr_carea' id='block_1_3' title="bbox 164 3537 1914 3801">
    <p class='ocr_par' dir='ltr' id='par_1_3' title="bbox 164 3537 1914 3801">
     <span class='ocr_line' id='line_1_38' title="bbox 164 3537 1908 3625; baseline 0.003 -22"><span class='ocrx_word' id='word_1_528' title='bbox 164 3537 395 3608; x_wconf 62' lang='lat' dir='ltr'><strong>redssfflpliffllssm</strong></span> <span class='ocrx_word' id='word_1_529' title='bbox 426 3537 575 3591; x_wconf 69' lang='grc' dir='ltr'><strong>11οω1111111)</strong></span> <span class='ocrx_word' id='word_1_530' title='bbox 609 3538 763 3604; x_wconf 61' lang='lat' dir='ltr'><strong>mitterem,</strong></span> <span class='ocrx_word' id='word_1_531' title='bbox 788 3543 931 3608; x_wconf 72' lang='grc'><strong>(1111111115</strong></span> <span class='ocrx_word' id='word_1_532' title='bbox 958 3555 1012 3594; x_wconf 64' lang='grc'><strong>112·</strong></span> <span class='ocrx_word' id='word_1_533' title='bbox 1062 3550 1204 3622; x_wconf 85' lang='lat' dir='ltr'><strong>justitiam</strong></span> <span class='ocrx_word' id='word_1_534' title='bbox 1239 3550 1270 3604; x_wconf 93' lang='lat' dir='ltr'><strong>iu</strong></span> <span class='ocrx_word' id='word_1_535' title='bbox 1308 3557 1405 3606; x_wconf 85' lang='lat' dir='ltr'><strong>sancto</strong></span> <span class='ocrx_word' id='word_1_536' title='bbox 1440 3551 1611 3623; x_wconf 86' lang='lat' dir='ltr'><strong>baptismate</strong></span> <span class='ocrx_word' id='word_1_537' title='bbox 1649 3553 1735 3610; x_wconf 88' lang='lat' dir='ltr'><strong>modo</strong></span> <span class='ocrx_word' id='word_1_538' title='bbox 1770 3554 1908 3625; x_wconf 84' lang='lat' dir='ltr'><strong>srrscepit,</strong></span> 
     </span>
     <span class='ocr_line' id='line_1_39' title="bbox 165 3625 1909 3713; baseline 0.003 -34"><span class='ocrx_word' id='word_1_539' title='bbox 165 3627 227 3680; x_wconf 69' lang='grc'><strong>10811</strong></span> <span class='ocrx_word' id='word_1_540' title='bbox 249 3625 405 3680; x_wconf 66' lang='lat' dir='ltr'><strong>Jerusalem</strong></span> <span class='ocrx_word' id='word_1_541' title='bbox 430 3625 599 3681; x_wconf 61' lang='lat' dir='ltr'><strong>redderetur</strong></span> <span class='ocrx_word' id='word_1_542' title='bbox 623 3627 720 3680; x_wconf 77' lang='grc'><strong>11111110.</strong></span> <span class='ocrx_word' id='word_1_543' title='bbox 746 3629 777 3680; x_wconf 68' lang='lat' dir='ltr'><strong>Et</strong></span> <span class='ocrx_word' id='word_1_544' title='bbox 802 3626 868 3680; x_wconf 83' lang='lat' dir='ltr'><strong>ltuic</strong></span> <span class='ocrx_word' id='word_1_545' title='bbox 891 3628 1010 3682; x_wconf 78' lang='lat' dir='ltr'><strong>t&#39;OHSlllO</strong></span> <span class='ocrx_word' id='word_1_546' title='bbox 1064 3640 1171 3695; x_wconf 67' lang='lat' dir='ltr'><strong>idcirco</strong></span> <span class='ocrx_word' id='word_1_547' title='bbox 1201 3639 1288 3694; x_wconf 69' lang='lat' dir='ltr'><strong>eliam</strong></span> <span class='ocrx_word' id='word_1_548' title='bbox 1322 3639 1486 3710; x_wconf 67' lang='lat' dir='ltr'><strong>hujusmodi</strong></span> <span class='ocrx_word' id='word_1_549' title='bbox 1508 3643 1764 3713; x_wconf 65' lang='lat' dir='ltr'><strong>conggnguinilgtig</strong></span> <span class='ocrx_word' id='word_1_550' title='bbox 1785 3647 1909 3713; x_wconf 66' lang='lat' dir='ltr'><strong>conjun-</strong></span> 
     </span>
     <span class='ocr_line' id='line_1_40' title="bbox 165 3713 1914 3801; baseline 0.003 -32"><span class='ocrx_word' id='word_1_551' title='bbox 165 3715 243 3769; x_wconf 90' lang='lat' dir='ltr'><strong>nulla</strong></span> <span class='ocrx_word' id='word_1_552' title='bbox 257 3714 534 3786; x_wconf 88' lang='lat' dir='ltr'><strong>iniquitasresisterc</strong></span> <span class='ocrx_word' id='word_1_553' title='bbox 553 3713 659 3784; x_wconf 90' lang='lat' dir='ltr'><strong>potnit,</strong></span> <span class='ocrx_word' id='word_1_554' title='bbox 675 3730 741 3769; x_wconf 86' lang='lat' dir='ltr'><strong>curn</strong></span> <span class='ocrx_word' id='word_1_555' title='bbox 766 3715 853 3769; x_wconf 84' lang='lat' dir='ltr'><strong>Filius</strong></span> <span class='ocrx_word' id='word_1_556' title='bbox 877 3730 960 3770; x_wconf 88' lang='lat' dir='ltr'><strong>mens</strong></span> <span class='ocrx_word' id='word_1_557' title='bbox 979 3715 1010 3770; x_wconf 92' lang='lat' dir='ltr'><strong>in</strong></span> <span class='ocrx_word' id='word_1_558' title='bbox 1065 3729 1121 3784; x_wconf 69' lang='lat'><strong>0210</strong></span> <span class='ocrx_word' id='word_1_559' title='bbox 1135 3744 1240 3782; x_wconf 62' lang='lat' dir='ltr'><strong>nunc„</strong></span> <span class='ocrx_word' id='word_1_560' title='bbox 1257 3745 1287 3782; x_wconf 61' lang='grc' dir='ltr'><strong>,ρ</strong></span> <span class='ocrx_word' id='word_1_561' title='bbox 1311 3729 1395 3800; x_wconf 64' lang='lat' dir='ltr'><strong>longe</strong></span> <span class='ocrx_word' id='word_1_562' title='bbox 1418 3729 1463 3797; x_wconf 63' lang='lat' dir='ltr'><strong>sit,</strong></span> <span class='ocrx_word' id='word_1_563' title='bbox 1489 3731 1558 3801; x_wconf 59' lang='lat' dir='ltr'><strong>quja</strong></span> <span class='ocrx_word' id='word_1_564' title='bbox 1581 3731 1731 3786; x_wconf 59' lang='lat' dir='ltr'><strong>ruminatio</strong></span> <span class='ocrx_word' id='word_1_565' title='bbox 1752 3731 1813 3787; x_wconf 64' lang='lat'><strong>,5110</strong></span> <span class='ocrx_word' id='word_1_566' title='bbox 1837 3747 1914 3788; x_wconf 63' lang='lat' dir='ltr'><strong>vm.</strong></span> 
     </span>
    </p>
   </div>
   <div class='ocr_carea' id='block_1_4' title="bbox 164 3802 1912 3976">
    <p class='ocr_par' dir='ltr' id='par_1_4' title="bbox 164 3802 1912 3976">
     <span class='ocr_line' id='line_1_41' title="bbox 164 3802 1912 3890; baseline 0.008 -30"><span class='ocrx_word' id='word_1_567' title='bbox 164 3804 304 3859; x_wconf 82' lang='lat' dir='ltr'><strong>mundum</strong></span> <span class='ocrx_word' id='word_1_568' title='bbox 329 3802 457 3868; x_wconf 75' lang='grc'><strong>11111111,</strong></span> <span class='ocrx_word' id='word_1_569' title='bbox 475 3817 576 3856; x_wconf 72' lang='grc'><strong>1111111111</strong></span> <span class='ocrx_word' id='word_1_570' title='bbox 596 3804 630 3857; x_wconf 66' lang='lat' dir='ltr'><strong>td</strong></span> <span class='ocrx_word' id='word_1_571' title='bbox 657 3819 686 3856; x_wconf 77' lang='lat'><strong>⁵⁰</strong></span> <span class='ocrx_word' id='word_1_572' title='bbox 709 3803 1011 3875; x_wconf 73' lang='grc'><strong>10111811111111111111</strong></span> <span class='ocrx_word' id='word_1_573' title='bbox 1065 3817 1170 3870; x_wconf 88' lang='lat' dir='ltr'><strong>cundia</strong></span> <span class='ocrx_word' id='word_1_574' title='bbox 1185 3821 1213 3870; x_wconf 91' lang='lat' dir='ltr'><strong>et</strong></span> <span class='ocrx_word' id='word_1_575' title='bbox 1227 3817 1288 3870; x_wconf 90' lang='lat' dir='ltr'><strong>sina</strong></span> <span class='ocrx_word' id='word_1_576' title='bbox 1313 3817 1507 3872; x_wconf 89' lang='lat' dir='ltr'><strong>moderatione</strong></span> <span class='ocrx_word' id='word_1_577' title='bbox 1532 3818 1658 3874; x_wconf 90' lang='lat' dir='ltr'><strong>libidinis</strong></span> <span class='ocrx_word' id='word_1_578' title='bbox 1680 3819 1710 3874; x_wconf 89' lang='lat' dir='ltr'><strong>in</strong></span> <span class='ocrx_word' id='word_1_579' title='bbox 1734 3819 1912 3890; x_wconf 83' lang='lat' dir='ltr'><strong>amplexibus</strong></span> 
     </span>
     <span class='ocr_line' id='line_1_42' title="bbox 164 3891 1912 3976; baseline 0.007 -29"><span class='ocrx_word' id='word_1_580' title='bbox 164 3893 264 3948; x_wconf 89' lang='lat' dir='ltr'><strong>audire</strong></span> <span class='ocrx_word' id='word_1_581' title='bbox 289 3898 317 3946; x_wconf 90' lang='lat' dir='ltr'><strong>et</strong></span> <span class='ocrx_word' id='word_1_582' title='bbox 338 3891 444 3945; x_wconf 87' lang='lat' dir='ltr'><strong>imitari</strong></span> <span class='ocrx_word' id='word_1_583' title='bbox 469 3897 585 3961; x_wconf 86' lang='lat' dir='ltr'><strong>peccata</strong></span> <span class='ocrx_word' id='word_1_584' title='bbox 609 3891 766 3946; x_wconf 90' lang='lat' dir='ltr'><strong>deserendo</strong></span> <span class='ocrx_word' id='word_1_585' title='bbox 793 3893 926 3948; x_wconf 83' lang='lat' dir='ltr'><strong>volebant</strong></span> <span class='ocrx_word' id='word_1_586' title='bbox 951 3894 1010 3964; x_wconf 87' lang='lat' dir='ltr'><strong>Ego</strong></span> <span class='ocrx_word' id='word_1_587' title='bbox 1065 3900 1168 3954; x_wconf 77' lang='lat' dir='ltr'><strong>viriet</strong></span> <span class='ocrx_word' id='word_1_588' title='bbox 1193 3901 1322 3956; x_wconf 85' lang='lat' dir='ltr'><strong>mulieris</strong></span> <span class='ocrx_word' id='word_1_589' title='bbox 1345 3901 1374 3955; x_wconf 90' lang='lat' dir='ltr'><strong>in</strong></span> <span class='ocrx_word' id='word_1_590' title='bbox 1398 3907 1467 3956; x_wconf 88' lang='lat' dir='ltr'><strong>noto</strong></span> <span class='ocrx_word' id='word_1_591' title='bbox 1490 3905 1631 3974; x_wconf 84' lang='lat' dir='ltr'><strong>sanguiue</strong></span> <span class='ocrx_word' id='word_1_592' title='bbox 1656 3904 1748 3975; x_wconf 87' lang='lat' dir='ltr'><strong>magis</strong></span> <span class='ocrx_word' id='word_1_593' title='bbox 1769 3921 1856 3976; x_wconf 89' lang='lat' dir='ltr'><strong>quam</strong></span> <span class='ocrx_word' id='word_1_594' title='bbox 1880 3905 1912 3960; x_wconf 91' lang='lat' dir='ltr'><strong>in</strong></span> 
     </span>
    </p>
   </div>
   <div class='ocr_carea' id='block_1_5' title="bbox 162 3979 1914 5570">
    <p class='ocr_par' dir='ltr' id='par_1_5' title="bbox 162 3979 1914 5027">
     <span class='ocr_line' id='line_1_43' title="bbox 164 3979 1912 4065; baseline 0.011 -34"><span class='ocrx_word' id='word_1_595' title='bbox 164 3979 242 4032; x_wconf 91' lang='lat' dir='ltr'><strong>enim</strong></span> <span class='ocrx_word' id='word_1_596' title='bbox 256 3979 350 4049; x_wconf 87' lang='lat' dir='ltr'><strong>justus</strong></span> <span class='ocrx_word' id='word_1_597' title='bbox 373 3984 401 4032; x_wconf 92' lang='lat' dir='ltr'><strong>et</strong></span> <span class='ocrx_word' id='word_1_598' title='bbox 424 3982 519 4032; x_wconf 89' lang='lat' dir='ltr'><strong>rectns</strong></span> <span class='ocrx_word' id='word_1_599' title='bbox 539 3995 601 4032; x_wconf 91' lang='lat' dir='ltr'><strong>sum</strong></span> <span class='ocrx_word' id='word_1_600' title='bbox 626 3979 736 4034; x_wconf 90' lang='lat' dir='ltr'><strong>nullam</strong></span> <span class='ocrx_word' id='word_1_601' title='bbox 759 3980 858 4033; x_wconf 84' lang='lat' dir='ltr'><strong>rolens</strong></span> <span class='ocrx_word' id='word_1_602' title='bbox 878 3979 1012 4050; x_wconf 88' lang='lat' dir='ltr'><strong>iniquita·</strong></span> <span class='ocrx_word' id='word_1_603' title='bbox 1064 3988 1160 4046; x_wconf 65' lang='lat' dir='ltr'><strong>atiena</strong></span> <span class='ocrx_word' id='word_1_604' title='bbox 1175 3989 1210 4043; x_wconf 79' lang='lat' dir='ltr'><strong>ud</strong></span> <span class='ocrx_word' id='word_1_605' title='bbox 1225 3995 1310 4060; x_wconf 86' lang='lat' dir='ltr'><strong>turpe</strong></span> <span class='ocrx_word' id='word_1_606' title='bbox 1333 4005 1405 4061; x_wconf 90' lang='lat' dir='ltr'><strong>opus</strong></span> <span class='ocrx_word' id='word_1_607' title='bbox 1428 3991 1639 4048; x_wconf 89' lang='lat' dir='ltr'><strong>accenderetur.</strong></span> <span class='ocrx_word' id='word_1_608' title='bbox 1666 3993 1723 4065; x_wconf 81' lang='lat' dir='ltr'><strong>Ego</strong></span> <span class='ocrx_word' id='word_1_609' title='bbox 1743 3993 1819 4049; x_wconf 89' lang='lat' dir='ltr'><strong>euim</strong></span> <span class='ocrx_word' id='word_1_610' title='bbox 1839 4009 1912 4065; x_wconf 91' lang='lat' dir='ltr'><strong>opus</strong></span> 
     </span>
     <span class='ocr_line' id='line_1_44' title="bbox 165 4067 1912 4149; baseline 0.013 -34"><span class='ocrx_word' id='word_1_611' title='bbox 165 4071 394 4138; x_wconf 79' lang='lat' dir='ltr'><strong>tem,quamtu,</strong></span> <span class='ocrx_word' id='word_1_612' title='bbox 412 4067 543 4135; x_wconf 70' lang='lat' dir='ltr'><strong>«thoma,</strong></span> <span class='ocrx_word' id='word_1_613' title='bbox 567 4067 750 4137; x_wconf 83' lang='lat' dir='ltr'><strong>amplecteris</strong></span> <span class='ocrx_word' id='word_1_614' title='bbox 770 4074 880 4122; x_wconf 77' lang='grc'><strong>1111111</strong></span> <span class='ocrx_word' id='word_1_615' title='bbox 902 4069 1010 4124; x_wconf 79' lang='lat' dir='ltr'><strong>malum</strong></span> <span class='ocrx_word' id='word_1_616' title='bbox 1065 4077 1140 4132; x_wconf 88' lang='lat' dir='ltr'><strong>istud</strong></span> <span class='ocrx_word' id='word_1_617' title='bbox 1161 4094 1213 4149; x_wconf 91' lang='lat' dir='ltr'><strong>per</strong></span> <span class='ocrx_word' id='word_1_618' title='bbox 1240 4079 1317 4134; x_wconf 90' lang='lat' dir='ltr'><strong>hunc</strong></span> <span class='ocrx_word' id='word_1_619' title='bbox 1344 4078 1492 4135; x_wconf 87' lang='lat' dir='ltr'><strong>homiuem</strong></span> <span class='ocrx_word' id='word_1_620' title='bbox 1522 4080 1646 4137; x_wconf 88' lang='lat' dir='ltr'><strong>edissero</strong></span> <span class='ocrx_word' id='word_1_621' title='bbox 1674 4098 1681 4136; x_wconf 91' lang='lat'>:</span> <span class='ocrx_word' id='word_1_622' title='bbox 1706 4083 1753 4137; x_wconf 92' lang='lat' dir='ltr'><strong>cui</strong></span> <span class='ocrx_word' id='word_1_623' title='bbox 1780 4083 1851 4138; x_wconf 91' lang='lat' dir='ltr'><strong>illud</strong></span> <span class='ocrx_word' id='word_1_624' title='bbox 1880 4083 1912 4139; x_wconf 91' lang='lat' dir='ltr'><strong>iu</strong></span> 
     </span>
     <span class='ocr_line' id='line_1_45' title="bbox 165 4155 1912 4240; baseline 0.009 -33"><span class='ocrx_word' id='word_1_625' title='bbox 165 4170 249 4225; x_wconf 88' lang='lat' dir='ltr'><strong>posse</strong></span> <span class='ocrx_word' id='word_1_626' title='bbox 277 4155 368 4208; x_wconf 87' lang='lat' dir='ltr'><strong>lacere</strong></span> <span class='ocrx_word' id='word_1_627' title='bbox 391 4155 551 4225; x_wconf 89' lang='lat' dir='ltr'><strong>cognoscis.</strong></span> <span class='ocrx_word' id='word_1_628' title='bbox 578 4157 649 4210; x_wconf 86' lang='lat' dir='ltr'><strong>Nam</strong></span> <span class='ocrx_word' id='word_1_629' title='bbox 675 4156 787 4210; x_wconf 79' lang='lat' dir='ltr'><strong>Lucifer</strong></span> <span class='ocrx_word' id='word_1_630' title='bbox 809 4160 838 4210; x_wconf 89' lang='lat' dir='ltr'><strong>ct</strong></span> <span class='ocrx_word' id='word_1_631' title='bbox 859 4155 957 4221; x_wconf 89' lang='lat' dir='ltr'><strong>homo,</strong></span> <span class='ocrx_word' id='word_1_632' title='bbox 982 4157 1010 4212; x_wconf 88' lang='lat' dir='ltr'><strong>in</strong></span> <span class='ocrx_word' id='word_1_633' title='bbox 1064 4166 1183 4221; x_wconf 78' lang='lat' dir='ltr'><strong>homine</strong></span> <span class='ocrx_word' id='word_1_634' title='bbox 1207 4166 1339 4235; x_wconf 81' lang='lat' dir='ltr'><strong>ignotum</strong></span> <span class='ocrx_word' id='word_1_635' title='bbox 1361 4173 1413 4235; x_wconf 80' lang='lat' dir='ltr'><strong>est,</strong></span> <span class='ocrx_word' id='word_1_636' title='bbox 1433 4174 1462 4222; x_wconf 81' lang='lat' dir='ltr'><strong>et</strong></span> <span class='ocrx_word' id='word_1_637' title='bbox 1485 4170 1535 4240; x_wconf 87' lang='lat' dir='ltr'><strong>qui</strong></span> <span class='ocrx_word' id='word_1_638' title='bbox 1558 4185 1721 4226; x_wconf 79' lang='lat' dir='ltr'><strong>sermonem</strong></span> <span class='ocrx_word' id='word_1_639' title='bbox 1743 4171 1832 4228; x_wconf 86' lang='lat' dir='ltr'><strong>istum</strong></span> <span class='ocrx_word' id='word_1_640' title='bbox 1853 4188 1912 4228; x_wconf 87' lang='lat' dir='ltr'><strong>non</strong></span> 
     </span>
     <span class='ocr_line' id='line_1_46' title="bbox 165 4242 1913 4332; baseline 0.012 -35"><span class='ocrx_word' id='word_1_641' title='bbox 165 4242 248 4297; x_wconf 91' lang='lat' dir='ltr'><strong>initio</strong></span> <span class='ocrx_word' id='word_1_642' title='bbox 262 4243 414 4296; x_wconf 89' lang='lat' dir='ltr'><strong>creationis</strong></span> <span class='ocrx_word' id='word_1_643' title='bbox 429 4259 499 4308; x_wconf 79' lang='lat' dir='ltr'><strong>susa,</strong></span> <span class='ocrx_word' id='word_1_644' title='bbox 521 4242 594 4297; x_wconf 91' lang='lat' dir='ltr'><strong>mibi</strong></span> <span class='ocrx_word' id='word_1_645' title='bbox 615 4242 753 4298; x_wconf 86' lang='lat' dir='ltr'><strong>rebellare</strong></span> <span class='ocrx_word' id='word_1_646' title='bbox 768 4249 958 4308; x_wconf 84' lang='lat' dir='ltr'><strong>tentaverunt,</strong></span> <span class='ocrx_word' id='word_1_647' title='bbox 981 4251 1011 4300; x_wconf 92' lang='lat' dir='ltr'><strong>et</strong></span> <span class='ocrx_word' id='word_1_648' title='bbox 1029 4255 1101 4322; x_wconf 71' lang='lat' dir='ltr'><strong>nab</strong></span> <span class='ocrx_word' id='word_1_649' title='bbox 1124 4254 1243 4310; x_wconf 81' lang='lat' dir='ltr'><strong>homine</strong></span> <span class='ocrx_word' id='word_1_650' title='bbox 1268 4256 1316 4310; x_wconf 78' lang='lat' dir='ltr'><strong>sed</strong></span> <span class='ocrx_word' id='word_1_651' title='bbox 1346 4271 1363 4310; x_wconf 89' lang='lat' dir='ltr'><strong>a</strong></span> <span class='ocrx_word' id='word_1_652' title='bbox 1390 4256 1508 4311; x_wconf 88' lang='lat' dir='ltr'><strong>scientia</strong></span> <span class='ocrx_word' id='word_1_653' title='bbox 1537 4259 1588 4314; x_wconf 85' lang='lat' dir='ltr'><strong>Dei</strong></span> <span class='ocrx_word' id='word_1_654' title='bbox 1616 4259 1734 4330; x_wconf 87' lang='lat' dir='ltr'><strong>accepit.</strong></span> <span class='ocrx_word' id='word_1_655' title='bbox 1759 4260 1813 4316; x_wconf 88' lang='lat' dir='ltr'><strong>Sed</strong></span> <span class='ocrx_word' id='word_1_656' title='bbox 1842 4261 1913 4332; x_wconf 84' lang='lat' dir='ltr'><strong>quid</strong></span> 
     </span>
     <span class='ocr_line' id='line_1_47' title="bbox 165 4330 1912 4416; baseline 0.01 -31"><span class='ocrx_word' id='word_1_657' title='bbox 165 4336 240 4385; x_wconf 90' lang='lat' dir='ltr'><strong>stare</strong></span> <span class='ocrx_word' id='word_1_658' title='bbox 263 4345 322 4385; x_wconf 88' lang='lat' dir='ltr'><strong>non</strong></span> <span class='ocrx_word' id='word_1_659' title='bbox 348 4334 519 4401; x_wconf 80' lang='lat' dir='ltr'><strong>potuerunt3</strong></span> <span class='ocrx_word' id='word_1_660' title='bbox 540 4330 671 4386; x_wconf 80' lang='lat' dir='ltr'><strong>debono</strong></span> <span class='ocrx_word' id='word_1_661' title='bbox 696 4332 829 4387; x_wconf 73' lang='grc'><strong>1111111111</strong></span> <span class='ocrx_word' id='word_1_662' title='bbox 849 4338 878 4387; x_wconf 74' lang='lat' dir='ltr'><strong>et</strong></span> <span class='ocrx_word' id='word_1_663' title='bbox 901 4334 1010 4388; x_wconf 79' lang='grc'><strong>1111111111</strong></span> <span class='ocrx_word' id='word_1_664' title='bbox 1065 4341 1247 4398; x_wconf 74' lang='lat' dir='ltr'><strong>anacteum</strong></span> <span class='ocrx_word' id='word_1_665' title='bbox 1265 4348 1362 4398; x_wconf 89' lang='lat' dir='ltr'><strong>autem</strong></span> <span class='ocrx_word' id='word_1_666' title='bbox 1386 4344 1530 4400; x_wconf 88' lang='lat' dir='ltr'><strong>masculus</strong></span> <span class='ocrx_word' id='word_1_667' title='bbox 1552 4345 1581 4400; x_wconf 94' lang='lat' dir='ltr'><strong>in</strong></span> <span class='ocrx_word' id='word_1_668' title='bbox 1603 4346 1670 4402; x_wconf 85' lang='lat' dir='ltr'><strong>lorti</strong></span> <span class='ocrx_word' id='word_1_669' title='bbox 1694 4353 1778 4403; x_wconf 79' lang='lat' dir='ltr'><strong>atate</strong></span> <span class='ocrx_word' id='word_1_670' title='bbox 1802 4354 1854 4416; x_wconf 89' lang='lat' dir='ltr'><strong>est,</strong></span> <span class='ocrx_word' id='word_1_671' title='bbox 1869 4347 1912 4404; x_wconf 91' lang='lat' dir='ltr'><strong>ita</strong></span> 
     </span>
     <span class='ocr_line' id='line_1_48' title="bbox 165 4419 1913 4505; baseline 0.011 -31"><span class='ocrx_word' id='word_1_672' title='bbox 165 4421 313 4490; x_wconf 89' lang='lat' dir='ltr'><strong>eligentes.</strong></span> <span class='ocrx_word' id='word_1_673' title='bbox 332 4419 443 4474; x_wconf 76' lang='lat' dir='ltr'><strong>Lucifer</strong></span> <span class='ocrx_word' id='word_1_674' title='bbox 458 4427 555 4474; x_wconf 89' lang='lat' dir='ltr'><strong>autem</strong></span> <span class='ocrx_word' id='word_1_675' title='bbox 569 4425 662 4476; x_wconf 91' lang='lat' dir='ltr'><strong>totum</strong></span> <span class='ocrx_word' id='word_1_676' title='bbox 688 4424 796 4476; x_wconf 91' lang='lat' dir='ltr'><strong>malum</strong></span> <span class='ocrx_word' id='word_1_677' title='bbox 817 4423 1009 4492; x_wconf 88' lang='lat' dir='ltr'><strong>comprehen·</strong></span> <span class='ocrx_word' id='word_1_678' title='bbox 1065 4430 1143 4502; x_wconf 87' lang='lat' dir='ltr'><strong>quod</strong></span> <span class='ocrx_word' id='word_1_679' title='bbox 1158 4447 1236 4486; x_wconf 78' lang='lat' dir='ltr'><strong>vcnae</strong></span> <span class='ocrx_word' id='word_1_680' title='bbox 1251 4431 1328 4486; x_wconf 91' lang='lat' dir='ltr'><strong>illius</strong></span> <span class='ocrx_word' id='word_1_681' title='bbox 1351 4433 1491 4504; x_wconf 88' lang='lat' dir='ltr'><strong>sanguino</strong></span> <span class='ocrx_word' id='word_1_682' title='bbox 1505 4435 1598 4505; x_wconf 81' lang='lat' dir='ltr'><strong>plena</strong></span> <span class='ocrx_word' id='word_1_683' title='bbox 1622 4440 1699 4501; x_wconf 90' lang='lat' dir='ltr'><strong>sant,</strong></span> <span class='ocrx_word' id='word_1_684' title='bbox 1716 4442 1785 4491; x_wconf 89' lang='lat' dir='ltr'><strong>tunc</strong></span> <span class='ocrx_word' id='word_1_685' title='bbox 1807 4435 1913 4493; x_wconf 83' lang='lat' dir='ltr'><strong>fertilis</strong></span> 
     </span>
     <span class='ocr_line' id='line_1_49' title="bbox 165 4508 1913 4596; baseline 0.01 -32"><span class='ocrx_word' id='word_1_686' title='bbox 165 4508 207 4564; x_wconf 90' lang='lat' dir='ltr'><strong>dit</strong></span> <span class='ocrx_word' id='word_1_687' title='bbox 227 4514 255 4563; x_wconf 89' lang='lat' dir='ltr'><strong>et</strong></span> <span class='ocrx_word' id='word_1_688' title='bbox 280 4523 365 4562; x_wconf 78' lang='lat' dir='ltr'><strong>ousae</strong></span> <span class='ocrx_word' id='word_1_689' title='bbox 387 4508 493 4563; x_wconf 80' lang='lat' dir='ltr'><strong>bonrtm</strong></span> <span class='ocrx_word' id='word_1_690' title='bbox 515 4509 628 4579; x_wconf 76' lang='lat' dir='ltr'><strong>ubjecit,</strong></span> <span class='ocrx_word' id='word_1_691' title='bbox 651 4525 703 4563; x_wconf 78' lang='grc'><strong>11111</strong></span> <span class='ocrx_word' id='word_1_692' title='bbox 727 4511 797 4564; x_wconf 82' lang='lat' dir='ltr'><strong>illud</strong></span> <span class='ocrx_word' id='word_1_693' title='bbox 822 4512 940 4565; x_wconf 83' lang='lat' dir='ltr'><strong>omnino</strong></span> <span class='ocrx_word' id='word_1_694' title='bbox 960 4527 1011 4584; x_wconf 76' lang='grc'><strong>311·</strong></span> <span class='ocrx_word' id='word_1_695' title='bbox 1064 4519 1217 4575; x_wconf 88' lang='lat' dir='ltr'><strong>insemiue</strong></span> <span class='ocrx_word' id='word_1_696' title='bbox 1233 4526 1349 4588; x_wconf 79' lang='lat' dir='ltr'><strong>suocst,</strong></span> <span class='ocrx_word' id='word_1_697' title='bbox 1373 4527 1442 4576; x_wconf 90' lang='lat' dir='ltr'><strong>tnnc</strong></span> <span class='ocrx_word' id='word_1_698' title='bbox 1465 4524 1617 4578; x_wconf 88' lang='lat' dir='ltr'><strong>mulierem</strong></span> <span class='ocrx_word' id='word_1_699' title='bbox 1640 4525 1669 4578; x_wconf 91' lang='lat' dir='ltr'><strong>in</strong></span> <span class='ocrx_word' id='word_1_700' title='bbox 1690 4525 1913 4596; x_wconf 87' lang='lat' dir='ltr'><strong>desponsatione</strong></span> 
     </span>
     <span class='ocr_line' id='line_1_50' title="bbox 164 4598 1914 4684; baseline 0.01 -32"><span class='ocrx_word' id='word_1_701' title='bbox 164 4598 249 4652; x_wconf 83' lang='lat' dir='ltr'><strong>stavit</strong></span> <span class='ocrx_word' id='word_1_702' title='bbox 264 4599 312 4652; x_wconf 86' lang='lat' dir='ltr'><strong>sed</strong></span> <span class='ocrx_word' id='word_1_703' title='bbox 329 4598 358 4651; x_wconf 92' lang='lat' dir='ltr'><strong>in</strong></span> <span class='ocrx_word' id='word_1_704' title='bbox 379 4605 471 4652; x_wconf 84' lang='lat' dir='ltr'><strong>morte</strong></span> <span class='ocrx_word' id='word_1_705' title='bbox 486 4599 597 4653; x_wconf 90' lang='lat' dir='ltr'><strong>cecidit.</strong></span> <span class='ocrx_word' id='word_1_706' title='bbox 621 4599 713 4654; x_wconf 80' lang='lat' dir='ltr'><strong>Adam</strong></span> <span class='ocrx_word' id='word_1_707' title='bbox 736 4615 803 4653; x_wconf 79' lang='lat' dir='ltr'><strong>raro</strong></span> <span class='ocrx_word' id='word_1_708' title='bbox 829 4599 936 4656; x_wconf 93' lang='lat' dir='ltr'><strong>bonum</strong></span> <span class='ocrx_word' id='word_1_709' title='bbox 959 4617 1011 4673; x_wconf 91' lang='lat' dir='ltr'><strong>gn·</strong></span> <span class='ocrx_word' id='word_1_710' title='bbox 1064 4608 1199 4678; x_wconf 76' lang='lat' dir='ltr'><strong>legitimae</strong></span> <span class='ocrx_word' id='word_1_711' title='bbox 1221 4609 1408 4664; x_wconf 88' lang='lat' dir='ltr'><strong>institutionis</strong></span> <span class='ocrx_word' id='word_1_712' title='bbox 1429 4611 1484 4664; x_wconf 91' lang='lat' dir='ltr'><strong>sibi</strong></span> <span class='ocrx_word' id='word_1_713' title='bbox 1507 4612 1645 4682; x_wconf 90' lang='lat' dir='ltr'><strong>accipiat,</strong></span> <span class='ocrx_word' id='word_1_714' title='bbox 1669 4629 1734 4684; x_wconf 77' lang='lat' dir='ltr'><strong>qnae</strong></span> <span class='ocrx_word' id='word_1_715' title='bbox 1768 4613 1855 4669; x_wconf 87' lang='lat' dir='ltr'><strong>etiam</strong></span> <span class='ocrx_word' id='word_1_716' title='bbox 1880 4615 1914 4670; x_wconf 91' lang='lat' dir='ltr'><strong>in</strong></span> 
     </span>
     <span class='ocr_line' id='line_1_51' title="bbox 164 4686 1913 4758; baseline 0.011 -20"><span class='ocrx_word' id='word_1_717' title='bbox 164 4687 248 4742; x_wconf 80' lang='lat' dir='ltr'><strong>stavit</strong></span> <span class='ocrx_word' id='word_1_718' title='bbox 270 4703 336 4742; x_wconf 88' lang='lat' dir='ltr'><strong>cnm</strong></span> <span class='ocrx_word' id='word_1_719' title='bbox 360 4686 556 4742; x_wconf 86' lang='lat' dir='ltr'><strong>obedientiam</strong></span> <span class='ocrx_word' id='word_1_720' title='bbox 581 4689 719 4758; x_wconf 88' lang='lat' dir='ltr'><strong>suscepit;</strong></span> <span class='ocrx_word' id='word_1_721' title='bbox 743 4688 791 4742; x_wconf 93' lang='lat' dir='ltr'><strong>sed</strong></span> <span class='ocrx_word' id='word_1_722' title='bbox 817 4690 925 4744; x_wconf 90' lang='lat' dir='ltr'><strong>malum</strong></span> <span class='ocrx_word' id='word_1_723' title='bbox 944 4706 1011 4745; x_wconf 89' lang='lat' dir='ltr'><strong>con·</strong></span> <span class='ocrx_word' id='word_1_724' title='bbox 1063 4696 1186 4751; x_wconf 79' lang='lat' dir='ltr'><strong>terrenti</strong></span> <span class='ocrx_word' id='word_1_725' title='bbox 1202 4703 1284 4752; x_wconf 76' lang='lat' dir='ltr'><strong>atate</strong></span> <span class='ocrx_word' id='word_1_726' title='bbox 1305 4700 1428 4752; x_wconf 89' lang='lat' dir='ltr'><strong>existens</strong></span> <span class='ocrx_word' id='word_1_727' title='bbox 1446 4715 1544 4753; x_wconf 86' lang='lat' dir='ltr'><strong>semen</strong></span> <span class='ocrx_word' id='word_1_728' title='bbox 1564 4700 1643 4755; x_wconf 88' lang='lat' dir='ltr'><strong>illius</strong></span> <span class='ocrx_word' id='word_1_729' title='bbox 1657 4717 1722 4756; x_wconf 89' lang='lat' dir='ltr'><strong>cum</strong></span> <span class='ocrx_word' id='word_1_730' title='bbox 1738 4702 1913 4758; x_wconf 84' lang='lat' dir='ltr'><strong>verecundia</strong></span> 
     </span>
     <span class='ocr_line' id='line_1_52' title="bbox 164 4776 1903 4862; baseline 0.009 -33"><span class='ocrx_word' id='word_1_731' title='bbox 164 4776 280 4846; x_wconf 79' lang='lat' dir='ltr'><strong>cupivit,</strong></span> <span class='ocrx_word' id='word_1_732' title='bbox 297 4786 326 4829; x_wconf 90' lang='lat' dir='ltr'><strong>et</strong></span> <span class='ocrx_word' id='word_1_733' title='bbox 340 4776 371 4830; x_wconf 91' lang='lat' dir='ltr'><strong>in</strong></span> <span class='ocrx_word' id='word_1_734' title='bbox 387 4776 615 4846; x_wconf 74' lang='lat' dir='ltr'><strong>concuspiscentia</strong></span> <span class='ocrx_word' id='word_1_735' title='bbox 635 4792 686 4830; x_wconf 89' lang='lat' dir='ltr'><strong>sua</strong></span> <span class='ocrx_word' id='word_1_736' title='bbox 710 4777 781 4832; x_wconf 93' lang='lat' dir='ltr'><strong>illud</strong></span> <span class='ocrx_word' id='word_1_737' title='bbox 798 4779 927 4848; x_wconf 89' lang='lat' dir='ltr'><strong>perlecit,</strong></span> <span class='ocrx_word' id='word_1_738' title='bbox 943 4796 1008 4834; x_wconf 91' lang='lat' dir='ltr'><strong>cum</strong></span> <span class='ocrx_word' id='word_1_739' title='bbox 1064 4784 1209 4856; x_wconf 90' lang='lat' dir='ltr'><strong>suscipiat,</strong></span> <span class='ocrx_word' id='word_1_740' title='bbox 1233 4793 1263 4841; x_wconf 92' lang='lat' dir='ltr'><strong>et</strong></span> <span class='ocrx_word' id='word_1_741' title='bbox 1286 4787 1327 4842; x_wconf 93' lang='lat' dir='ltr'><strong>illi</strong></span> <span class='ocrx_word' id='word_1_742' title='bbox 1353 4788 1463 4858; x_wconf 88' lang='lat' dir='ltr'><strong>prolem</strong></span> <span class='ocrx_word' id='word_1_743' title='bbox 1486 4788 1516 4842; x_wconf 92' lang='lat' dir='ltr'><strong>in</strong></span> <span class='ocrx_word' id='word_1_744' title='bbox 1540 4789 1586 4843; x_wconf 84' lang='lat' dir='ltr'><strong>via</strong></span> <span class='ocrx_word' id='word_1_745' title='bbox 1599 4789 1780 4845; x_wconf 89' lang='lat' dir='ltr'><strong>rectitudinis</strong></span> <span class='ocrx_word' id='word_1_746' title='bbox 1795 4791 1903 4862; x_wconf 87' lang='lat' dir='ltr'><strong>gignat.</strong></span> 
     </span>
     <span class='ocr_line' id='line_1_53' title="bbox 162 4864 1910 4937; baseline 0.009 -19"><span class='ocrx_word' id='word_1_747' title='bbox 162 4864 333 4919; x_wconf 89' lang='lat' dir='ltr'><strong>inobediens</strong></span> <span class='ocrx_word' id='word_1_748' title='bbox 356 4865 413 4918; x_wconf 85' lang='lat' dir='ltr'><strong>lleo</strong></span> <span class='ocrx_word' id='word_1_749' title='bbox 437 4865 553 4919; x_wconf 86' lang='lat' dir='ltr'><strong>exstitit.</strong></span> <span class='ocrx_word' id='word_1_750' title='bbox 579 4865 663 4930; x_wconf 82' lang='lat' dir='ltr'><strong>Quod</strong></span> <span class='ocrx_word' id='word_1_751' title='bbox 691 4882 780 4937; x_wconf 89' lang='lat' dir='ltr'><strong>quare</strong></span> <span class='ocrx_word' id='word_1_752' title='bbox 810 4866 917 4922; x_wconf 75' lang='lat' dir='ltr'><strong>factuam</strong></span> <span class='ocrx_word' id='word_1_753' title='bbox 942 4869 1008 4924; x_wconf 89' lang='lat' dir='ltr'><strong>sit:</strong></span> <span class='ocrx_word' id='word_1_754' title='bbox 1064 4873 1119 4930; x_wconf 88' lang='lat' dir='ltr'><strong>Sed</strong></span> <span class='ocrx_word' id='word_1_755' title='bbox 1138 4875 1261 4930; x_wconf 81' lang='lat' dir='ltr'><strong>virante</strong></span> <span class='ocrx_word' id='word_1_756' title='bbox 1289 4891 1380 4930; x_wconf 90' lang='lat' dir='ltr'><strong>anuos</strong></span> <span class='ocrx_word' id='word_1_757' title='bbox 1403 4876 1581 4932; x_wconf 83' lang='lat' dir='ltr'><strong>tortitudinis</strong></span> <span class='ocrx_word' id='word_1_758' title='bbox 1608 4894 1667 4932; x_wconf 79' lang='lat' dir='ltr'><strong>sua¹</strong></span> <span class='ocrx_word' id='word_1_759' title='bbox 1696 4894 1793 4933; x_wconf 88' lang='lat' dir='ltr'><strong>semen</strong></span> <span class='ocrx_word' id='word_1_760' title='bbox 1823 4895 1910 4934; x_wconf 86' lang='lat' dir='ltr'><strong>snum</strong></span> 
     </span>
     <span class='ocr_line' id='line_1_54' title="bbox 163 4952 1010 5027; baseline 0.007 -20"><span class='ocrx_word' id='word_1_761' title='bbox 163 4969 221 5007; x_wconf 92' lang='lat' dir='ltr'><strong>non</strong></span> <span class='ocrx_word' id='word_1_762' title='bbox 237 4958 279 5007; x_wconf 89' lang='lat' dir='ltr'><strong>est</strong></span> <span class='ocrx_word' id='word_1_763' title='bbox 295 4969 309 5006; x_wconf 88' lang='lat' dir='ltr'><strong>a</strong></span> <span class='ocrx_word' id='word_1_764' title='bbox 326 4957 365 5014; x_wconf 81' lang='lat' dir='ltr'><strong>te.</strong></span> <span class='ocrx_word' id='word_1_765' title='bbox 389 4952 520 5019; x_wconf 79' lang='lat' dir='ltr'><strong>olicino,</strong></span> <span class='ocrx_word' id='word_1_766' title='bbox 538 4954 775 5024; x_wconf 89' lang='lat' dir='ltr'><strong>perquirendum,</strong></span> <span class='ocrx_word' id='word_1_767' title='bbox 793 4958 835 5010; x_wconf 83' lang='lat' dir='ltr'><strong>rel</strong></span> <span class='ocrx_word' id='word_1_768' title='bbox 852 4957 921 5027; x_wconf 92' lang='lat' dir='ltr'><strong>quid</strong></span> <span class='ocrx_word' id='word_1_769' title='bbox 942 4963 1010 5013; x_wconf 88' lang='lat' dir='ltr'><strong>aute</strong></span> 
     </span>
    </p>

    <p class='ocr_par' dir='ltr' id='par_1_6' title="bbox 162 5041 1914 5570">
     <span class='ocr_line' id='line_1_55' title="bbox 163 5041 1913 5123; baseline 0.009 -28"><span class='ocrx_word' id='word_1_770' title='bbox 163 5041 396 5096; x_wconf 81' lang='lat' dir='ltr'><strong>corastitutiouem</strong></span> <span class='ocrx_word' id='word_1_771' title='bbox 412 5043 509 5096; x_wconf 74' lang='lat' dir='ltr'><strong>saculi</strong></span> <span class='ocrx_word' id='word_1_772' title='bbox 529 5043 626 5110; x_wconf 70' lang='lat' dir='ltr'><strong>luserit,</strong></span> <span class='ocrx_word' id='word_1_773' title='bbox 647 5043 689 5096; x_wconf 82' lang='lat' dir='ltr'><strong>vel</strong></span> <span class='ocrx_word' id='word_1_774' title='bbox 716 5043 784 5114; x_wconf 90' lang='lat' dir='ltr'><strong>quid</strong></span> <span class='ocrx_word' id='word_1_775' title='bbox 809 5051 875 5114; x_wconf 87' lang='lat' dir='ltr'><strong>post</strong></span> <span class='ocrx_word' id='word_1_776' title='bbox 894 5047 1011 5102; x_wconf 79' lang='lat' dir='ltr'><strong>norissi-</strong></span> <span class='ocrx_word' id='word_1_777' title='bbox 1062 5048 1140 5105; x_wconf 87' lang='lat' dir='ltr'><strong>batia</strong></span> <span class='ocrx_word' id='word_1_778' title='bbox 1156 5051 1264 5122; x_wconf 90' lang='lat' dir='ltr'><strong>peccati</strong></span> <span class='ocrx_word' id='word_1_779' title='bbox 1279 5058 1449 5123; x_wconf 89' lang='lat' dir='ltr'><strong>suggerente</strong></span> <span class='ocrx_word' id='word_1_780' title='bbox 1462 5053 1577 5112; x_wconf 89' lang='lat' dir='ltr'><strong>diabolo</strong></span> <span class='ocrx_word' id='word_1_781' title='bbox 1593 5059 1646 5122; x_wconf 90' lang='lat' dir='ltr'><strong>est,</strong></span> <span class='ocrx_word' id='word_1_782' title='bbox 1667 5054 1690 5108; x_wconf 91' lang='lat' dir='ltr'><strong>si</strong></span> <span class='ocrx_word' id='word_1_783' title='bbox 1710 5069 1811 5109; x_wconf 89' lang='lat' dir='ltr'><strong>semen</strong></span> <span class='ocrx_word' id='word_1_784' title='bbox 1826 5071 1913 5110; x_wconf 89' lang='lat' dir='ltr'><strong>suum</strong></span> 
     </span>
     <span class='ocr_line' id='line_1_56' title="bbox 163 5129 1913 5211; baseline 0.008 -28"><span class='ocrx_word' id='word_1_785' title='bbox 163 5145 244 5184; x_wconf 89' lang='lat' dir='ltr'><strong>mum</strong></span> <span class='ocrx_word' id='word_1_786' title='bbox 260 5130 336 5184; x_wconf 89' lang='lat' dir='ltr'><strong>diem</strong></span> <span class='ocrx_word' id='word_1_787' title='bbox 353 5129 481 5185; x_wconf 89' lang='lat' dir='ltr'><strong>luturum</strong></span> <span class='ocrx_word' id='word_1_788' title='bbox 498 5130 726 5186; x_wconf 88' lang='lat' dir='ltr'><strong>mortalishomo</strong></span> <span class='ocrx_word' id='word_1_789' title='bbox 742 5130 1008 5205; x_wconf 85' lang='lat' dir='ltr'><strong>scirenonpotest,</strong></span> <span class='ocrx_word' id='word_1_790' title='bbox 1064 5138 1093 5193; x_wconf 92' lang='lat' dir='ltr'><strong>iu</strong></span> <span class='ocrx_word' id='word_1_791' title='bbox 1129 5139 1362 5211; x_wconf 89' lang='lat' dir='ltr'><strong>concupiscentia</strong></span> <span class='ocrx_word' id='word_1_792' title='bbox 1397 5139 1525 5196; x_wconf 87' lang='lat' dir='ltr'><strong>libidinis</strong></span> <span class='ocrx_word' id='word_1_793' title='bbox 1561 5143 1703 5198; x_wconf 90' lang='lat' dir='ltr'><strong>seminare</strong></span> <span class='ocrx_word' id='word_1_794' title='bbox 1741 5143 1913 5210; x_wconf 85' lang='lat' dir='ltr'><strong>tentaverit,</strong></span> 
     </span>
     <span class='ocr_line' id='line_1_57' title="bbox 163 5218 1914 5304; baseline 0.01 -35"><span class='ocrx_word' id='word_1_795' title='bbox 163 5219 211 5272; x_wconf 83' lang='lat' dir='ltr'><strong>scd</strong></span> <span class='ocrx_word' id='word_1_796' title='bbox 237 5219 313 5272; x_wconf 89' lang='lat' dir='ltr'><strong>solus</strong></span> <span class='ocrx_word' id='word_1_797' title='bbox 338 5219 413 5273; x_wconf 84' lang='lat' dir='ltr'><strong>Deus</strong></span> <span class='ocrx_word' id='word_1_798' title='bbox 434 5218 487 5272; x_wconf 90' lang='lat' dir='ltr'><strong>hoc</strong></span> <span class='ocrx_word' id='word_1_799' title='bbox 502 5218 602 5272; x_wconf 83' lang='lat' dir='ltr'><strong>novit:</strong></span> <span class='ocrx_word' id='word_1_800' title='bbox 624 5219 679 5272; x_wconf 92' lang='lat' dir='ltr'><strong>nisi</strong></span> <span class='ocrx_word' id='word_1_801' title='bbox 698 5226 839 5289; x_wconf 89' lang='lat' dir='ltr'><strong>quantum</strong></span> <span class='ocrx_word' id='word_1_802' title='bbox 861 5220 933 5276; x_wconf 88' lang='lat' dir='ltr'><strong>illud</strong></span> <span class='ocrx_word' id='word_1_803' title='bbox 955 5222 1011 5278; x_wconf 86' lang='lat' dir='ltr'><strong>ele·</strong></span> <span class='ocrx_word' id='word_1_804' title='bbox 1064 5229 1218 5297; x_wconf 88' lang='lat' dir='ltr'><strong>antequam</strong></span> <span class='ocrx_word' id='word_1_805' title='bbox 1248 5227 1342 5299; x_wconf 90' lang='lat' dir='ltr'><strong>ipsam</strong></span> <span class='ocrx_word' id='word_1_806' title='bbox 1369 5245 1468 5284; x_wconf 87' lang='lat' dir='ltr'><strong>semen</strong></span> <span class='ocrx_word' id='word_1_807' title='bbox 1493 5236 1600 5287; x_wconf 87' lang='lat' dir='ltr'><strong>rectam</strong></span> <span class='ocrx_word' id='word_1_808' title='bbox 1626 5232 1856 5304; x_wconf 87' lang='lat' dir='ltr'><strong>coagulationem</strong></span> <span class='ocrx_word' id='word_1_809' title='bbox 1881 5231 1914 5286; x_wconf 91' lang='lat' dir='ltr'><strong>in</strong></span> 
     </span>
     <span class='ocr_line' id='line_1_58' title="bbox 162 5304 1913 5390; baseline 0.009 -32"><span class='ocrx_word' id='word_1_810' title='bbox 162 5311 223 5360; x_wconf 86' lang='lat' dir='ltr'><strong>ctos</strong></span> <span class='ocrx_word' id='word_1_811' title='bbox 247 5321 314 5361; x_wconf 90' lang='lat' dir='ltr'><strong>suos</strong></span> <span class='ocrx_word' id='word_1_812' title='bbox 338 5307 413 5361; x_wconf 84' lang='lat' dir='ltr'><strong>Dens</strong></span> <span class='ocrx_word' id='word_1_813' title='bbox 434 5305 506 5359; x_wconf 89' lang='lat' dir='ltr'><strong>scire</strong></span> <span class='ocrx_word' id='word_1_814' title='bbox 528 5305 680 5376; x_wconf 90' lang='lat' dir='ltr'><strong>permittit.</strong></span> <span class='ocrx_word' id='word_1_815' title='bbox 713 5304 767 5361; x_wconf 89' lang='lat' dir='ltr'><strong>Sed</strong></span> <span class='ocrx_word' id='word_1_816' title='bbox 799 5312 829 5361; x_wconf 91' lang='lat' dir='ltr'><strong>et</strong></span> <span class='ocrx_word' id='word_1_817' title='bbox 857 5307 1009 5365; x_wconf 82' lang='lat' dir='ltr'><strong>fornicatio</strong></span> <span class='ocrx_word' id='word_1_818' title='bbox 1064 5313 1542 5390; x_wconf 81' lang='lat' dir='ltr'><strong>terrentecalorehaberepossit.</strong></span> <span class='ocrx_word' id='word_1_819' title='bbox 1566 5319 1685 5376; x_wconf 81' lang='lat' dir='ltr'><strong>Etcum</strong></span> <span class='ocrx_word' id='word_1_820' title='bbox 1707 5319 1913 5390; x_wconf 74' lang='grc'><strong>1111111111-</strong></span> 
     </span>
     <span class='ocr_line' id='line_1_59' title="bbox 162 5393 1914 5479; baseline 0.009 -30"><span class='ocrx_word' id='word_1_821' title='bbox 162 5393 212 5449; x_wconf 90' lang='lat' dir='ltr'><strong>ilta</strong></span> <span class='ocrx_word' id='word_1_822' title='bbox 225 5409 288 5466; x_wconf 87' lang='lat' dir='ltr'><strong>quae</strong></span> <span class='ocrx_word' id='word_1_823' title='bbox 315 5411 345 5449; x_wconf 90' lang='lat' dir='ltr'><strong>se</strong></span> <span class='ocrx_word' id='word_1_824' title='bbox 365 5409 548 5450; x_wconf 88' lang='lat' dir='ltr'><strong>communem</strong></span> <span class='ocrx_word' id='word_1_825' title='bbox 570 5393 737 5450; x_wconf 90' lang='lat' dir='ltr'><strong>hominibus</strong></span> <span class='ocrx_word' id='word_1_826' title='bbox 764 5395 841 5466; x_wconf 85' lang='lat' dir='ltr'><strong>iacit,</strong></span> <span class='ocrx_word' id='word_1_827' title='bbox 864 5397 1010 5454; x_wconf 88' lang='lat' dir='ltr'><strong>abomina-</strong></span> <span class='ocrx_word' id='word_1_828' title='bbox 1063 5401 1191 5459; x_wconf 89' lang='lat' dir='ltr'><strong>tissimus</strong></span> <span class='ocrx_word' id='word_1_829' title='bbox 1208 5405 1239 5460; x_wconf 92' lang='lat' dir='ltr'><strong>iu</strong></span> <span class='ocrx_word' id='word_1_830' title='bbox 1262 5406 1456 5476; x_wconf 89' lang='lat' dir='ltr'><strong>generationis</strong></span> <span class='ocrx_word' id='word_1_831' title='bbox 1471 5424 1559 5479; x_wconf 85' lang='lat' dir='ltr'><strong>opere</strong></span> <span class='ocrx_word' id='word_1_832' title='bbox 1583 5414 1636 5476; x_wconf 88' lang='lat' dir='ltr'><strong>ast,</strong></span> <span class='ocrx_word' id='word_1_833' title='bbox 1661 5413 1731 5466; x_wconf 93' lang='lat' dir='ltr'><strong>tunc</strong></span> <span class='ocrx_word' id='word_1_834' title='bbox 1752 5409 1826 5465; x_wconf 73' lang='lat' dir='ltr'><strong>rues</strong></span> <span class='ocrx_word' id='word_1_835' title='bbox 1847 5424 1914 5465; x_wconf 86' lang='lat' dir='ltr'><strong>snas</strong></span> 
     </span>
     <span class='ocr_line' id='line_1_60' title="bbox 162 5482 1911 5570; baseline 0.009 -31"><span class='ocrx_word' id='word_1_836' title='bbox 162 5483 229 5539; x_wconf 88' lang='lat' dir='ltr'><strong>bitis</strong></span> <span class='ocrx_word' id='word_1_837' title='bbox 241 5498 336 5539; x_wconf 90' lang='lat' dir='ltr'><strong>coram</strong></span> <span class='ocrx_word' id='word_1_838' title='bbox 359 5499 404 5540; x_wconf 89' lang='lat' dir='ltr'><strong>me</strong></span> <span class='ocrx_word' id='word_1_839' title='bbox 419 5487 472 5552; x_wconf 88' lang='lat' dir='ltr'><strong>est,</strong></span> <span class='ocrx_word' id='word_1_840' title='bbox 488 5482 556 5554; x_wconf 86' lang='lat' dir='ltr'><strong>quia</strong></span> <span class='ocrx_word' id='word_1_841' title='bbox 572 5484 608 5539; x_wconf 89' lang='lat' dir='ltr'><strong>ab</strong></span> <span class='ocrx_word' id='word_1_842' title='bbox 630 5483 713 5540; x_wconf 89' lang='lat' dir='ltr'><strong>initio</strong></span> <span class='ocrx_word' id='word_1_843' title='bbox 735 5486 895 5542; x_wconf 89' lang='lat' dir='ltr'><strong>masculum</strong></span> <span class='ocrx_word' id='word_1_844' title='bbox 918 5493 947 5543; x_wconf 89' lang='lat' dir='ltr'><strong>et</strong></span> <span class='ocrx_word' id='word_1_845' title='bbox 966 5488 1007 5544; x_wconf 87' lang='lat' dir='ltr'><strong>ie·</strong></span> <span class='ocrx_word' id='word_1_846' title='bbox 1064 5492 1221 5548; x_wconf 87' lang='lat' dir='ltr'><strong>secundnm</strong></span> <span class='ocrx_word' id='word_1_847' title='bbox 1237 5493 1315 5565; x_wconf 89' lang='lat' dir='ltr'><strong>qnod</strong></span> <span class='ocrx_word' id='word_1_848' title='bbox 1333 5497 1428 5566; x_wconf 90' lang='lat' dir='ltr'><strong>potest</strong></span> <span class='ocrx_word' id='word_1_849' title='bbox 1441 5495 1473 5551; x_wconf 91' lang='lat' dir='ltr'><strong>iu</strong></span> <span class='ocrx_word' id='word_1_850' title='bbox 1486 5497 1536 5554; x_wconf 91' lang='lat' dir='ltr'><strong>illo</strong></span> <span class='ocrx_word' id='word_1_851' title='bbox 1551 5500 1682 5569; x_wconf 91' lang='lat' dir='ltr'><strong>tempore</strong></span> <span class='ocrx_word' id='word_1_852' title='bbox 1698 5513 1756 5554; x_wconf 91' lang='lat' dir='ltr'><strong>uon</strong></span> <span class='ocrx_word' id='word_1_853' title='bbox 1770 5503 1911 5570; x_wconf 85' lang='lat' dir='ltr'><strong>exerceat,</strong></span> 
     </span>
    </p>
   </div>
   <div class='ocr_carea' id='block_1_6' title="bbox 0 0 2002 6034">
    <p class='ocr_par' dir='ltr' id='par_1_7' title="bbox 0 0 2002 6034">
     <span class='ocr_line' id='line_1_61' title="bbox 0 0 2002 6034; baseline 0 0"><span class='ocrx_word' id='word_1_854' title='bbox 0 0 2002 6034; x_wconf 95' lang='lat' dir='ltr'><strong> </strong></span> 
     </span>
    </p>
   </div>
  </div>
 </body>
</html>
