3984 6034
98 207 152 264 tta
720 209 865 268 SClVlAS.
879 207 991 268 -tlta
1013 209 1034 277 l,
1054 209 1147 268 visto
1165 209 1211 266 tv.
1796 200 1850 260 ttt

99 343 280 413 quapropter
287 345 318 396 et
330 339 386 413 ipsi
400 341 557 414 contempti
571 345 649 397 sunt.
668 341 729 414 Sgo
749 345 846 397 sutem
862 357 951 413 sopor
967 345 991 397 tt
1004 341 1080 413 justa
1094 340 1276 398 ordinatione
1287 339 1437 412 disposuit.
1455 339 1512 412 Ego
1536 337 1613 394 enim
1637 351 1702 392 sum
1728 351 1851 410 magnus

97 447 218 486 omnem
233 429 948 501 creatursminclaritatedivinitatismerelulgco:
1007 431 1133 486 medicus
1154 430 1283 486 omnium
1307 430 1503 500 languorum:
1528 427 1635 482 iaciens
1657 427 1735 481 uelut
1760 423 1849 482 medi-

98 521 141 574 ita
155 520 237 591 quod
252 520 391 575 muscula
405 519 513 575 masin
526 519 633 574 sanctis
650 521 723 576 meis
734 520 787 576 tibi
800 521 951 576 manifeste
1005 535 1055 574 cus
1083 520 1134 592 qui
1159 518 1328 591 languidum
1361 517 1448 578 videt.
1476 515 1526 588 qui
1553 515 1694 572 medelam
1716 515 1851 569 ardenter

98 612 178 674 sunt,
193 623 285 679 quare
295 606 415 662 ulterius
426 607 493 662 nolo
504 608 669 680 etamplius
679 608 891 664 huncesrorem
901 623 951 662 su·
1005 605 1154 662 desiderat.
1181 604 1254 670 Quid
1281 602 1350 660 boel
1376 603 1407 660 Si
1433 605 1554 674 languor
1580 619 1683 674 pervus
1704 607 1756 671 est,
1783 615 1850 658 eum

99 695 238 766 gnriaudi
252 711 394 763 exerceas,
411 697 461 752 sed
481 702 512 751 ut
531 697 561 751 in
584 712 630 752 me
654 697 784 768 aspicias.
807 697 830 753 0
853 698 949 766 stulte,
1004 694 1086 749 tacite
1099 694 1231 762 ouret3si
1247 709 1314 748 vero
1338 692 1431 766 grauis
1453 698 1505 759 est,
1530 692 1665 763 languido
1686 691 1764 746 dicit.
1792 693 1849 763 Ego

98 783 479 856 consideraquissnmego;
494 784 949 857 consideraquiaagosumsnm-
1004 789 1156 855 argentum
1172 786 1201 838 st
1216 797 1317 838 eurum
1343 797 1359 836 a
1383 789 1411 836 te
1435 781 1528 853 exigo.
1550 780 1632 846 Quod
1659 779 1682 834 si
1707 780 1755 834 ille
1778 778 1849 836 mihi

100 888 182 927 mom
197 873 318 928 bonam.
335 873 414 929 Unde
429 873 529 928 omnia
542 873 618 928 bons
633 873 687 928 tibi
700 872 795 928 tribuo
807 887 872 928 cum
886 873 951 928 dili·
1005 871 1127 939 dsdaris,
1146 877 1175 928 ta
1193 871 1309 944 jurabo.
1325 871 1370 926 Sic
1393 877 1422 926 at
1442 887 1508 942 ego,
1533 885 1550 924 o
1574 871 1670 936 homo,
1693 869 1774 924 lucio.
1799 869 1849 926 tti-

99 967 204 1031 genter
216 960 367 1033 quaesieris
382 977 437 1015 me.
454 962 489 1016 Et
508 977 595 1033 quem
611 961 704 1016 credis
719 977 765 1016 me
780 962 863 1018 esset
878 963 951 1018 Dens
1004 976 1075 1015 nore
1090 965 1205 1033 peccata
1218 961 1248 1014 in
1263 961 1383 1030 gemitu,
1402 965 1431 1014 et
1445 959 1587 1030 lacrymis,
1605 974 1637 1012 nc
1652 959 1680 1012 in
1703 958 1778 1014 bona
1800 973 1850 1012 vo·

99 1049 630 1120 sumsnperomnisstinomnibus.
648 1049 704 1105 Sed
725 1050 875 1105 turisme
896 1051 950 1105 bs·
1004 1051 1116 1106 lnntate
1138 1049 1287 1105 homiuum
1309 1049 1457 1121 abstergo;
1486 1049 1515 1102 in
1549 1047 1729 1120 gravioribus
1753 1051 1849 1100 autam

99 1136 164 1191 beri
197 1138 278 1191 veliet
307 1138 461 1204 rusticum;
485 1138 536 1209 qui
564 1137 716 1192 dominum
748 1155 832 1193 sunm
855 1138 949 1194 timet.
1004 1139 1096 1210 culpis
1110 1139 1367 1205 mando,obomo,
1384 1153 1437 1209 age
1459 1137 1658 1210 poenitentiam
1681 1141 1708 1190 et
1736 1147 1850 1190 morum

100 1224 273 1289 Quomodo?
287 1225 383 1280 Terris
398 1231 430 1280 ut
444 1226 622 1280 voluntatem
645 1233 724 1281 tuam
746 1227 859 1295 taciem,
884 1243 950 1282 cnm
1004 1227 1231 1295 correctionem,
1267 1231 1296 1282 et
1339 1227 1488 1282 ostendam
1532 1226 1583 1280 tibi
1625 1223 1850 1280 misericordiam

100 1319 134 1368 ιιι
159 1322 308 1386 praecepte
326 1330 393 1369 mes
414 1321 591 1371 contemnas.
620 1317 681 1372 Non
704 1321 802 1372 summ
821 1317 861 1372 sic
877 1318 952 1372 Deus
1006 1333 1099 1374 meam
1124 1323 1154 1372 et
1175 1316 1262 1371 ritem
1291 1322 1429 1371 aeternam
1456 1315 1507 1370 tibi
1533 1315 1616 1370 dabo.
1643 1315 1675 1370 Et
1698 1314 1794 1368 stellas
1822 1316 1851 1367 at

101 1407 155 1456 est.
173 1402 248 1469 Quid
264 1403 338 1458 boat
351 1404 514 1475 lpseenim
539 1420 590 1458 nec
605 1404 773 1474 opinionem
795 1405 882 1474 initii,
898 1421 951 1461 nec
1005 1407 1074 1461 alias
1087 1409 1232 1462 creaturas
1256 1405 1291 1460 de
1317 1405 1409 1459 causis
1432 1404 1483 1460 tibi
1508 1403 1723 1459 occurrentibus
1745 1418 1781 1457 ne
1804 1401 1849 1457 in·

100 1492 237 1546 timorem
251 1491 318 1548 linis
332 1491 428 1547 babet.
454 1492 524 1548 Coeli
547 1492 578 1548 in
598 1493 733 1548 laudibus
756 1493 829 1550 meis
849 1499 951 1550 sonant
1005 1495 1119 1568 apicius,
1137 1509 1189 1548 nac
1202 1493 1349 1549 diabolum
1364 1493 1476 1561 adoras,
1492 1509 1543 1547 nec
1566 1507 1634 1548 eum
1658 1492 1781 1559 invoces,
1797 1507 1851 1546 uec

99 1593 148 1634 ma
169 1579 365 1651 inspicientes,
391 1587 421 1635 et
442 1581 601 1636 seecundum
621 1581 763 1652 justitiam
790 1582 869 1638 illam
893 1598 950 1655 qua
1004 1583 1161 1656 quidquem
1176 1583 1213 1639 ab
1225 1599 1259 1638 ao
1274 1582 1434 1654 perquiras,
1451 1582 1600 1652 quoniam,
1614 1581 1637 1635 si
1650 1577 1850 1650 pluerolusris

100 1681 154 1736 per
177 1681 225 1723 me
250 1667 338 1740 positi
364 1673 432 1724 sunt
460 1668 532 1724 mibi
566 1669 748 1726 obedientes.
773 1671 822 1726 Sol
851 1671 948 1740 susm,
1003 1669 1076 1726 scire
1090 1685 1176 1743 quam
1192 1673 1479 1740 teoportsetnosse‚
1502 1667 1678 1738 abantiquo
1701 1666 1850 1721 seductore

98 1755 170 1810 luna
192 1761 222 1812 et
239 1758 331 1812 stellae
351 1756 382 1812 in
400 1757 525 1814 nubibus
549 1757 614 1814 omli
636 1759 794 1814 secundum
816 1765 948 1816 tenorem
1004 1758 1166 1830 decipieris,
1198 1757 1279 1831 quia,
1308 1773 1373 1812 cum
1398 1756 1509 1828 primus
1532 1758 1620 1812 ltomo
1643 1755 1708 1826 plus
1727 1753 1850 1826 quesivit

102 1858 188 1898 saum
204 1847 368 1916 apparent:
385 1861 497 1900 necnon
512 1845 603 1900 ilabra
618 1851 768 1902 uentorum
790 1851 819 1902 et
845 1848 948 1918 pluries
1004 1863 1091 1920 quam
1106 1862 1237 1920 quaerere
1258 1846 1388 1916 deberet;
1414 1847 1450 1902 ab
1475 1845 1524 1900 illo
1547 1846 1682 1916 deceptus
1704 1849 1795 1898 estet
1818 1842 1849 1898 in

100 1931 213 1988 inaere
226 1937 259 1987 ut
274 1933 315 1988 eis
328 1934 516 1988 constitutum
540 1939 583 1989 est
604 1940 733 1998 comunt,
757 1941 786 1991 et
806 1937 867 1991 baec
890 1951 950 1991 orn·
1004 1936 1165 2007 perditione
1181 1935 1241 1990 ivit.
1266 1935 1320 1990 Sed
1343 1941 1439 1990 tamen
1463 1933 1594 1990 diabolus
1616 1931 1734 1988 nescivit
1756 1931 1849 1986 homi·

101 2021 151 2075 nia
179 2023 310 2076 Creatori
331 2038 383 2076 sno
409 2023 566 2078 secundum
582 2023 743 2093 jussionem
766 2023 858 2094 ipsius
880 2023 949 2079 obe·
1004 2025 1049 2080 nis
1073 2024 1313 2096 redemptionem,
1335 2024 1385 2078 ubi
1410 2023 1496 2079 Filius
1524 2021 1573 2079 liei
1599 2027 1719 2076 mortem
1735 2018 1847 2086 occidit,

101 2109 196 2165 diunt.
214 2111 255 2165 Tu
277 2115 386 2177 eutem,
408 2127 426 2165 o
451 2111 540 2166 bomo
563 2118 707 2184 precepta
728 2127 791 2167 mea
814 2128 872 2167 non
894 2113 949 2168 im·
1004 2119 1033 2170 et
1053 2113 1197 2169 internum
1219 2113 1370 2184 coniregit,
1386 2113 1519 2168 diabolus
1543 2111 1621 2165 enim
1643 2109 1774 2164 intuitio
1798 2123 1850 2181 per

102 2198 174 2268 ples.
190 2198 241 2253 sed
255 2200 433 2255 voluntatem
452 2207 533 2256 tuam
556 2201 685 2272 sequeris
708 2218 716 2256 r
741 2203 819 2256 retest
837 2201 950 2272 justitia
1004 2203 1155 2258 mulierem
1172 2201 1275 2258 devicit
1290 2201 1517 2268 bominem;sed
1542 2201 1615 2256 [teus
1642 2199 1671 2254 in
1693 2199 1750 2254 tine
1772 2203 1849 2253 tern-

99 2286 175 2357 legis
187 2286 242 2341 tibi
256 2303 309 2344 uec
322 2287 416 2360 posita
427 2304 479 2343 nec
497 2296 610 2344 ostensa
637 2289 683 2345 sit.
707 2291 738 2344 ln
761 2297 841 2345 tanta
871 2291 949 2344 enim
1003 2307 1107 2362 porum
1132 2306 1185 2362 per
1206 2291 1356 2346 mulierem
1379 2291 1512 2346 contrivit
1533 2289 1692 2352 diabolum,
1716 2303 1780 2359 qnae
1807 2284 1850 2342 t‘i-

100 2377 285 2431 contumacia
298 2391 338 2442 es,
353 2379 484 2449 quamvis
502 2378 572 2432 cinis
585 2378 634 2447 sis,
649 2380 726 2450 quod
741 2379 792 2434 tibi
817 2395 873 2434 non
888 2379 950 2433 sul·
1006 2380 1074 2435 lium
1092 2379 1141 2436 tlei
1151 2379 1319 2451 genuit,qui
1329 2378 1564 2449 diabolicenperu
1578 2376 1749 2432 mirabiliter
1759 2375 1793 2430 ad
1804 2375 1848 2430 ni·

100 2463 163 2518 fleis
182 2463 296 2534 justitia
318 2465 391 2538 legis
412 2482 482 2522 mere
505 2483 572 2540 quse
595 2473 675 2523 erate
698 2472 727 2523 et
756 2467 832 2523 culte
858 2475 902 2523 sst
920 2467 950 2524 in
1004 2469 1096 2524 hilum
1136 2469 1236 2535 duxit,
1277 2469 1519 2541 quemadmodum
1564 2469 1687 2522 loannes
1729 2465 1849 2520 dilectus

100 2551 245 2623 sanguine
269 2553 333 2609 Filii
360 2554 417 2610 mei
439 2561 467 2609 et
490 2555 564 2611 bene
588 2556 656 2611 trita
683 2556 715 2612 in
744 2556 850 2611 sanctis
878 2557 951 2612 meis
1005 2572 1086 2613 meus
1115 2562 1246 2624 testetur,
1282 2556 1380 2612 diceus
1406 2573 1412 2611 :
1443 2558 1479 2611 lu
1505 2556 1557 2611 boc
1584 2553 1723 2628 apparuit
1756 2551 1850 2610 attius

102 2643 163 2693 tem
178 2639 287 2694 Veteris
301 2657 389 2713 quam
405 2643 477 2698 Novi
491 2643 675 2700 Testamenti.
1006 2645 1054 2702 Dei
1073 2648 1105 2702 ut
1131 2644 1269 2701 dissoluat
1295 2661 1384 2718 opera
1408 2643 1517 2700 diaboii
1540 2643 1568 2714 (1
1585 2645 1673 2698 Joan.
1699 2647 1752 2711 ιιι).
1775 2641 1847 2706 Quid

137 2727 196 2783 Sed
211 2729 241 2783 in
258 2745 363 2800 magna
374 2731 496 2787 stultitia
511 2733 552 2786 ris
574 2747 622 2788 me
642 2732 868 2805 apprehendere,
883 2749 949 2789 cum
1004 2735 1079 2790 boot
1106 2736 1226 2805 Propter
1264 2735 1386 2788 salutem
1418 2737 1447 2787 st
1477 2733 1664 2786 salvationem
1697 2731 1848 2784 hominum

105 2817 178 2872 mibi
193 2817 248 2872 hoe
272 2819 358 2874 modo
378 2819 511 2887 insultas,
535 2822 632 2877 dicens
648 2822 696 2878 :Si
722 2821 779 2876 ileo
802 2822 895 2893 placet
918 2828 950 2879 ut
1004 2822 1137 2896 apperuit
1151 2823 1276 2878 maxime
1299 2823 1422 2886 claritas,
1446 2821 1554 2876 scilieet
1577 2821 1663 2876 Filius
1689 2819 1749 2888 ilci,
1773 2833 1848 2888 peu·

99 2907 348 2976 justusctbonus
372 2909 437 2978 sim,
464 2926 553 2982 quara
576 2927 634 2966 nou
659 2911 726 2966 iecit
749 2925 795 2966 me
818 2913 989 2980 rectumlc
1004 2914 1144 2982 pertatem
1180 2911 1300 2966 humani
1338 2911 1467 2981 corporis
1506 2910 1643 2976 induens;
1680 2908 1731 2962 scd
1770 2906 1849 2960 velut

100 3002 133 3050 tu
161 2995 203 3050 ita
229 3011 277 3050 me
301 3013 403 3066 capere
429 2999 529 3053 volens
561 3015 593 3054 ac
623 3001 648 3054 si
686 3002 819 3072 petulans
848 3002 949 3057 baudus
1002 3001 1107 3056 ardens
1132 3001 1215 3056 stalla
1251 3000 1281 3056 in
1317 2997 1460 3056 umbrosis
1496 2999 1621 3053 nubibus
1657 2996 1781 3066 lulgcns,
1808 2995 1850 3050 ils

101 3099 220 3140 cerrum
262 3085 329 3140 velit
367 3101 481 3159 cepere,
524 3089 574 3159 qui
614 3089 777 3145 fortissimis
815 3091 949 3145 cornibus
1002 3089 1114 3160 positus
1128 3089 1158 3143 in
1172 3089 1320 3156 torculari,
1337 3088 1385 3144 nbi
1399 3088 1498 3142 vinum
1513 3087 1574 3141 sine
1597 3085 1681 3140 sorde
1703 3081 1847 3152 fermenti,

97 3173 173 3228 cerri
204 3174 296 3229 selide
326 3175 484 3230 retruditur
514 3181 543 3231 et
575 3178 748 3248 perforatur.
777 3179 823 3234 Sic
844 3185 873 3234 et
895 3195 948 3251 ego
1002 3178 1223 3248 exprimendum
1254 3183 1326 3242 eret,
1358 3177 1497 3249 quoniam
1522 3175 1583 3246 ipsc
1607 3175 1681 3246 lapis
1702 3171 1849 3244 angularis

96 3277 163 3315 cum
194 3277 308 3317 mecum
339 3264 503 3335 petulanter
535 3264 565 3320 in
601 3265 731 3321 moribus
759 3266 818 3321 tuis
848 3267 948 3322 ludera
1001 3281 1089 3337 super
1101 3267 1226 3322 torcular
1240 3265 1397 3333 cecidit;at
1411 3265 1467 3322 tale
1489 3265 1587 3319 uincam
1609 3262 1748 3335 expressit
1770 3261 1848 3333 quod

97 3350 142 3404 ris
163 3350 194 3406 in
214 3353 366 3424 preceptis
393 3352 466 3423 legis
488 3369 561 3409 mem
593 3354 676 3426 quasi
703 3355 849 3421 cornibus,
876 3357 947 3412 meis
1001 3357 1160 3411 maximum
1176 3357 1294 3412 odorem
1312 3353 1460 3410 suavitatis
1481 3353 1570 3409 dedit.
1598 3354 1660 3424 lpse
1681 3351 1759 3406 enim
1784 3350 1847 3406 abs-

94 3439 295 3510 jastojudicio
309 3456 373 3496 meo
386 3447 415 3496 te
431 3443 610 3498 comminuo.
635 3444 700 3499 uec
715 3444 794 3499 enim
815 3449 883 3499 snut
897 3451 948 3500 tu·
1001 3459 1057 3518 qus
1082 3445 1273 3501 inundatione
1299 3443 1402 3515 polluti
1428 3442 1578 3515 sanguinis
1601 3441 1779 3496 inhumano
1800 3455 1849 3510 ge·

96 3529 142 3583 bae
162 3529 193 3583 in
214 3545 298 3584 aures
320 3535 384 3585 tuas
403 3536 584 3600 resonantss;
607 3532 657 3587 sed
682 3539 713 3586 tu
734 3532 799 3587 illas
819 3549 878 3588 non
901 3549 945 3589 se-
1000 3549 1069 3590 nere
1092 3535 1186 3589 clarus
1210 3534 1297 3588 homo
1319 3533 1476 3604 effulgens,
1502 3531 1575 3602 pade
1600 3529 1711 3585 militiae
1736 3543 1795 3583 sum
1816 3544 1848 3582 os

96 3616 206 3689 queris,
237 3618 285 3672 sed
319 3621 387 3690 post
404 3618 506 3690 lupum
527 3620 620 3674 curris
644 3635 732 3692 quem
754 3626 782 3675 te
801 3626 885 3692 putas
903 3621 947 3676 ita
999 3623 1113 3695 antiqui
1134 3621 1274 3692 serpentis
1298 3619 1505 3676 conculcarit:
1532 3619 1691 3674 dissolvens
1715 3634 1731 3671 a
1751 3617 1848 3687 jecore

96 3707 232 3762 domasse
244 3712 276 3762 nt
288 3712 318 3762 tc
332 3707 437 3762 ledere
452 3723 510 3763 non
529 3708 632 3779 possit.
655 3709 710 3766 Sed
734 3709 883 3765 famelicus
903 3710 945 3765 lu·
1000 3711 1162 3783 iniquitatis
1175 3709 1253 3764 illius
1275 3709 1374 3764 omnia
1386 3709 1491 3779 jacula,
1514 3723 1580 3779 ques
1602 3711 1631 3761 et
1656 3707 1752 3760 iurors
1768 3709 1797 3758 et
1817 3704 1848 3758 li·

95 3811 153 3867 pus
171 3797 289 3852 devorat
309 3801 348 3864 te,
367 3795 486 3853 dicens:
515 3797 581 3853 Quis
605 3797 659 3853 iste
683 3799 945 3855 secueriamsrra·
1000 3798 1098 3854 bidine
1134 3798 1220 3868 plena
1251 3801 1342 3864 erant,
1367 3812 1434 3851 eum
1458 3797 1578 3850 omnino
1599 3791 1847 3863 contemptibilem

94 3885 138 3940 rit
151 3899 204 3940 nec
224 3891 369 3957 pastorem
392 3901 476 3942 suum
501 3887 585 3958 sequi
608 3887 710 3955 uoluit,
735 3889 785 3943 sed
807 3893 874 3958 post
897 3903 944 3944 mc
998 3886 1133 3942 reddidit.
1153 3886 1231 3942 Unde
1244 3885 1410 3958 quicunque
1425 3883 1572 3939 scientiam
1590 3883 1620 3937 in
1631 3881 1739 3953 Spiritu
1750 3885 1848 3936 sancto

93 3973 232 4041 cucurrit,
253 3990 343 4047 qnare
365 3975 446 4031 illem
469 3976 612 4048 deglutire
637 3977 712 4046 roto,
735 3977 805 4050 qaia
826 3992 872 4032 me
887 3978 944 4033 ele-
998 3983 1027 4032 et
1041 3991 1150 4048 pennas
1170 3975 1200 4030 in
1224 3975 1279 4031 ilde
1298 3974 1402 4042 habct;
1426 3974 1479 4029 iste
1500 3971 1726 4028 admonitionem
1753 3985 1847 4025 meam

94 4059 137 4132 git
151 4065 181 4114 et
193 4065 336 4132 pastorem
350 4077 435 4116 suurn
450 4061 586 4118 deseruit.
601 4063 624 4119 0
638 4063 737 4133 bomo,
754 4065 829 4118 Deus
847 4065 944 4135 justus
996 4082 1056 4121 nun
1080 4064 1318 4137 transgrediatur,
1342 4064 1391 4119 sed
1413 4079 1477 4118 eam
1502 4063 1532 4116 in
1552 4065 1640 4134 gustu
1664 4060 1768 4116 animm
1789 4075 1848 4115 suas

93 4154 162 4204 est:
184 4153 213 4204 et
234 4150 301 4206 ideo
319 4150 419 4206 omnis
432 4167 498 4223 quta
519 4151 551 4208 in
570 4153 643 4209 ooelo
666 4159 696 4209 et
714 4152 746 4210 in
764 4159 840 4210 tarra
864 4154 942 4222 iecit,
996 4155 1198 4227 amplectendo
1214 4153 1362 4227 pereipiat.

749 4433 902 4508 VISIO
942 4432 1181 4520 QUARTA.

89 4617 268 4672 sneisane.
283 4643 318 4655 -
330 4613 452 4682 Querela
460 4613 567 4671 animas
580 4615 617 4673 de
628 4612 677 4670 oia
694 4616 800 4669 erroris
812 4629 866 4685 per
878 4611 1008 4696 qratiam
1026 4613 1073 4669 liei
1094 4613 1134 4669 od
1147 4617 1270 4669 matrem
1284 4613 1354 4669 Sion
1374 4613 1531 4669 redeuntis.
1555 4613 1597 4668 De
1612 4613 1705 4686 poenis
1725 4617 1839 4670 anime.

128 4689 173 4741 De
184 4684 370 4741 tabernaculo
382 4685 458 4757 quod
474 4685 608 4755 inqresm
621 4689 674 4741 est.
699 4683 820 4754 Querela
840 4701 945 4742 omme
958 4683 1111 4741 diabolicis
1126 4685 1286 4740 turbinibus
1303 4684 1412 4740 nuettto
1434 4684 1481 4740 aet
1499 4684 1618 4754 fortiter
1638 4685 1841 4757 repugnantis.

126 4760 168 4812 oe
181 4757 419 4837 turbinibusquos
431 4755 576 4812 diabolica
592 4757 740 4828 persuasio
754 4755 895 4811 immittit.
911 4763 972 4825 Qun
985 4755 1019 4812 de
1038 4771 1128 4814 causo
1150 4773 1261 4812 errores
1274 4755 1324 4811 isti
1344 4757 1518 4812 excitantur.
1545 4761 1606 4826 Qua
1627 4757 1740 4812 ratione
1757 4772 1764 4811 :
1787 4755 1845 4821 iru,

123 4827 235 4891 odium,
247 4827 383 4899 superbia
397 4828 599 4898 cornpescitur.
616 4827 737 4893 Querela
758 4825 863 4882 onina
884 4827 1117 4882 detodernaouto
1137 4844 1188 4884 suo
1208 4844 1274 4884 crum
1289 4828 1393 4882 timore
1415 4826 1595 4898 egredientis.
1625 4827 1702 4894 Quod
1722 4825 1846 4882 seientia

128 4899 185 4954 Dei
202 4899 285 4953 nulla
303 4897 474 4954 obscuritate
487 4898 577 4954 ullircr
593 4896 637 4952 rei
654 4896 847 4953 obnubilatur.
864 4898 941 4964 Quod
963 4897 995 4952 in
1018 4897 1231 4968 pulchritudine
1251 4898 1373 4964 justitie
1391 4899 1443 4952 Dei
1457 4897 1541 4954 uuna
1553 4897 1701 4968 injustitia
1723 4895 1848 4952 inueniri

124 4973 228 5040 potest.
249 4973 290 5025 De
301 4968 485 5040 sculptilibus
498 4974 526 5023 ct
538 4969 614 5041 quod
625 4967 781 5023 deserenda
798 4972 875 5022 sunt.
896 4969 1027 5024 iirecttiet
1047 4970 1187 5040 propbeta
1199 4969 1235 5024 de
1257 4969 1364 5025 codem.
1393 4971 1434 5022 De
1457 4969 1654 5040 inaequalitate
1667 4967 1840 5034 trumonise·

123 5040 254 5095 minisei
266 5039 301 5095 dc
318 5039 487 5096 diuersitate
510 5039 654 5095 bomirmm
674 5038 741 5094 inde
760 5042 987 5110 procreatorum.
1013 5040 1107 5096 Verba
1121 5039 1216 5112 Moysi
1235 5039 1274 5096 ad
1296 5039 1427 5096 eumdem
1449 5055 1521 5094 rem.
1542 5041 1637 5104 Quare
1658 5039 1802 5093 contracti
1819 5042 1848 5094 et

122 5111 239 5166 distorti
259 5115 427 5166 moretur.
445 5110 588 5177 Quomodo
609 5111 711 5176 iulans
731 5109 763 5163 in
779 5113 860 5165 utero
873 5109 979 5166 matris
996 5111 1158 5178 uiuificatur
1184 5117 1212 5164 et
1234 5111 1301 5166 inde
1314 5127 1446 5183 soresmos
1474 5112 1510 5165 ab
1529 5109 1630 5166 arsirua
1651 5108 1795 5166 solidatur
1818 5112 1847 5166 et

123 5185 311 5237 sustentatur.
333 5182 477 5246 Quomodo
490 5181 756 5237 onimasecundum
769 5180 884 5236 viresco
939 5185 980 5236 ris
996 5182 1072 5238 uires
1090 5199 1160 5238 suas
1177 5181 1312 5240 ostendit.
1334 5181 1412 5252 Quod
1434 5181 1517 5237 bomo
1544 5185 1603 5236 tres
1619 5181 1739 5236 semitas
1761 5183 1793 5234 in
1815 5197 1848 5235 se

130 5253 225 5332 ¹babet.
241 5255 282 5309 De
299 5251 457 5309 intellectu.
474 5251 678 5334 Qcmluntate.
701 5249 868 5306 Similitudo
884 5197 1001 5325 Zoipne
1018 5255 1046 5306 et
1062 5269 1149 5324 pane.
1166 5252 1410 5321 Quemadmodum
1431 5251 1463 5307 in
1477 5252 1662 5308 tabernaculo
1679 5250 1848 5332 uoluntatis,

124 5323 155 5378 cd
168 5323 251 5378 estin
264 5322 468 5379 animoomnes
478 5322 552 5378 uires
565 5338 669 5378 amma
681 5322 818 5388 calefiunt
829 5325 858 5377 et
868 5339 901 5377 se
914 5322 1036 5378 inmcem
1050 5325 1235 5394 conjunpunt.
1251 5325 1292 5378 Dc
1305 5322 1427 5378 ratione.
1447 5327 1483 5377 tle
1492 5339 1587 5378 sensu.
1601 5323 1682 5389 Quod
1692 5328 1845 5377 ausmocst

125 5394 280 5466 magistra,
294 5411 363 5450 caro
373 5395 492 5450 ansula.
505 5393 672 5450 Similitudo
689 5393 725 5448 de
739 5393 840 5448 arbore
853 5393 893 5448 od
905 5395 1046 5449 animam.
1057 5394 1135 5464 Quod
1145 5394 1247 5450 animo
1259 5394 1298 5449 ad
1312 5396 1433 5466 peccata
1447 5392 1591 5450 inclinata
1603 5409 1657 5466 per
1675 5393 1782 5448 donum
1799 5392 1851 5448 ttei

125 5471 296 5538 oompuunla
306 5471 427 5538 mocula
444 5465 561 5523 deserit.
574 5465 652 5534 Quod
665 5463 767 5522 auimo
786 5462 939 5521 diabolicis
958 5464 1074 5522 insidiis
1096 5469 1208 5522 mutata
1233 5481 1360 5539 superna
1377 5463 1569 5538 inspiratione
1584 5481 1604 5520 o
1623 5481 1655 5520 se
1667 5461 1772 5536 incula
1784 5463 1850 5522 dio·
