3984 6034
112 213 164 268 ter
739 215 880 271 servias.
907 241 939 254 -
961 213 1026 270 bttt.
1047 213 1083 280 lt,
1105 213 1194 269 visio
1215 213 1246 266 l'.
1815 219 1867 272 -idb

112 353 239 406 stratum
264 349 419 420 voluptatis
439 366 511 404 mere
533 349 708 421 relinquens,
732 349 773 404 ita
792 350 868 423 qnod
894 349 966 405 nibil
985 352 1192 422 Apotestatem
1207 365 1288 406 suam
1312 355 1473 407 exerceant.
1500 352 1533 407 nt
1546 351 1576 408 bi
1596 369 1696 410 omnes
1721 369 1779 409 non
1800 369 1867 428 pro·

113 439 191 494 mibi
212 439 325 494 dulcius
347 443 393 495 est
412 455 499 511 quam
522 439 659 494 anhelare
689 439 724 494 ad
747 443 775 494 te
802 441 965 494 Creatorem
1020 443 1085 512 pter
1110 440 1252 496 coelestsm
1281 455 1410 496 amorem
1444 440 1493 496 sed
1524 445 1641 514 propter
1663 443 1715 498 bas
1739 447 1868 500 terrenas

112 529 258 584 omnium.
277 529 310 584 Et
325 529 363 584 ob
375 529 429 584 boc
444 529 562 584 reddam
578 529 628 583 tibi
650 535 715 583 rota
738 545 803 585 mea
817 546 881 602 quse
896 545 964 601 pro·
1021 527 1167 584 molestias
1199 543 1271 600 quas
1300 528 1444 584 sustinent
1476 529 1512 584 ad
1541 530 1721 602 spiritualem
1750 531 1866 604 religio·

111 617 182 673 tulit
196 634 230 671 os
244 632 341 672 meum
357 633 421 672 cum
438 618 535 672 anima
557 634 634 683 mea3
652 616 719 688 qrria
743 619 879 689 perticere
901 619 964 672 roto
1020 631 1085 670 nem
1103 615 1231 681 veniunt,
1247 631 1306 671 nou
1321 615 1537 672 considerantes
1555 623 1650 672 utrum
1668 618 1758 673 salsus
1774 635 1811 674 an
1827 619 1868 674 in-

111 706 194 777 qood
210 705 349 776 tibijusto
361 705 452 775 judici
467 704 497 760 in
511 706 623 760 ardenti
638 706 779 761 desiderio
791 706 863 776 {meo
884 705 965 777 prius
1020 704 1123 770 auleas,
1140 719 1176 759 un
1190 692 1282 758 dulcis
1296 719 1332 759 an
1348 720 1473 770 amarus,
1493 720 1529 759 an
1553 705 1617 760 cmii
1642 721 1680 761 an
1704 711 1789 762 terrm
1812 707 1867 762 ha-

109 795 328 864 promiseram:
345 795 477 849 videlicet
496 801 528 848 ut
545 802 719 848 actusrneos
747 795 781 850 ad
806 799 833 850 te
857 794 963 866 dirige-
1019 791 1204 848 bitatorsim.
1230 792 1304 858 Quid
1327 793 1404 848 brici
1420 793 1477 863 lpsi
1496 809 1548 848 nec
1564 794 1791 864 condimentum,
1815 811 1868 851 nac

110 899 187 952 ram,
203 883 281 955 quod
296 881 469 954 insipienter
485 885 677 953 transgressus
687 882 830 949 som3sed
842 882 965 939 nuucad
1020 879 1200 936 dulcedinem
1243 881 1455 952 scripturarum
1490 883 1660 949 attendunt;
1698 897 1750 938 nec
1788 899 1864 955 quo·

111 976 140 1024 te
156 986 304 1025 recurrere
328 969 504 1036 desiderans,
529 970 596 1024 volo
617 971 693 1025 mala
713 970 850 1037 devitare,
868 976 896 1026 et
914 971 964 1026 bo·
1020 969 1104 1024 modo
1135 969 1163 1024 iu
1187 969 1322 1024 cordibus
1350 969 1466 1024 illorum
1504 970 1637 1025 homines
1666 970 1795 1026 habitent
1816 971 1864 1044 qui

112 1074 152 1112 na
176 1058 280 1124 facere,
310 1057 446 1126 ursoniam
479 1057 659 1112 rationalitas
681 1062 710 1112 et
730 1059 891 1113 intellectus
913 1063 962 1131 qui
1019 1072 1143 1128 superna
1174 1061 1320 1129 quaerunt,
1356 1058 1545 1113 considerant.
1583 1059 1614 1114 lit
1645 1057 1783 1130 quoniam
1805 1057 1867 1114 brec

110 1146 143 1201 in
160 1162 207 1200 me
231 1146 351 1214 ferrent,
368 1162 421 1217 per
443 1145 645 1201 discretionem
667 1161 740 1200 verae
768 1146 964 1218 castigationis
1020 1144 1137 1200 scrutari
1159 1145 1272 1213 nolunt,
1305 1145 1371 1201 ideo
1404 1145 1539 1202 timorem
1576 1161 1672 1202 mcum
1702 1147 1866 1218 abjicientes

111 1235 406 1306 magisqneeruntad
430 1235 567 1290 tarisum
593 1237 682 1290 baum
708 1235 854 1304 anhelare,
876 1251 962 1308 quam
1019 1233 1178 1290 secundom
1203 1235 1363 1290 voluntates
1380 1251 1445 1289 suas
1476 1234 1622 1303 incedunt,
1647 1235 1724 1290 unde
1748 1239 1776 1290 et
1799 1235 1867 1292 indo

110 1340 167 1394 per
180 1324 332 1378 stultitiam
346 1323 425 1378 falsas
447 1323 657 1378 contrarietatis
675 1323 823 1379 diabolum
843 1324 961 1380 imitari.
1018 1321 1105 1377 alieni
1121 1327 1189 1378 suut
1203 1328 1231 1378 et
1245 1322 1356 1395 fugitivi
1372 1327 1518 1380 vocantur.
1534 1324 1715 1396 Quapropter
1739 1339 1790 1379 nec
1812 1341 1866 1397 ego

112 1413 205 1481 Unde,
219 1412 347 1480 obomo,
361 1427 427 1467 cum
440 1427 488 1465 eor
502 1417 584 1466 tuum
605 1410 660 1466 boc
675 1412 761 1466 modo
786 1411 857 1467 mibi
876 1413 964 1467 obtu·
1019 1411 1081 1468 dico
1106 1427 1153 1466 eos
1176 1413 1312 1468 smonlmn
1339 1411 1480 1468 dimisisse
1501 1417 1530 1468 et
1550 1411 1585 1468 ad
1608 1428 1654 1468 me
1676 1412 1796 1482 venisse,
1818 1413 1867 1468 sed

111 1501 192 1569 ieris,
208 1501 358 1556 considera
375 1500 522 1572 quonrodo
545 1499 616 1555 illud
637 1499 796 1572 pendentes
823 1501 962 1573 perficies,
1018 1499 1049 1554 in
1065 1499 1175 1555 bocrei
1197 1505 1263 1554 srrnt
1283 1500 1358 1572 quod
1384 1517 1497 1556 serrum
1520 1503 1631 1568 timent,
1653 1506 1682 1556 et
1710 1502 1865 1558 Dominum

111 1589 221 1644 Oculm
243 1590 321 1644 enim
344 1604 425 1644 meus
453 1588 615 1644 acutissime
640 1589 717 1644 sidat
740 1588 810 1660 qnid
832 1591 964 1644 rolrmtas
1018 1593 1218 1657 contemnunt,
1251 1590 1319 1660 quia
1351 1594 1481 1644 terrenas
1511 1605 1610 1644 musas
1638 1595 1814 1661 sequuntur;
1837 1594 1866 1644 et

110 1677 238 1732 bominis
261 1676 333 1732 mibi
354 1680 497 1748 loquatur.
530 1676 581 1732 Ubi
604 1677 682 1749 quod
708 1693 805 1732 meum
826 1685 880 1746 est,
909 1679 963 1733 hoc
982 1647 1338 1740 Bmenonrerentur‚et
1357 1677 1422 1732 ideo
1441 1677 1537 1748 paridi
1561 1677 1591 1732 iu
1616 1677 1792 1743 minimest
1814 1693 1863 1732 au·

110 1765 320 1822 districtissime
335 1766 463 1838 requiro,
483 1766 673 1837 Quapropter,
696 1765 812 1821 ostulti
837 1771 866 1820 et
884 1768 962 1838 plus·
1018 1763 1101 1820 daces
1124 1763 1154 1820 in
1180 1765 1304 1820 marimo
1331 1755 1475 1821 dicuntur.
1500 1766 1574 1834 Ergo
1598 1769 1627 1820 et
1652 1765 1766 1820 Balaam
1793 1765 1864 1819 assi·
1915 1819 1920 1826 ,

110 1869 201 1925 quiam
216 1853 307 1919 stulti,
322 1853 424 1925 utquid
439 1852 520 1908 robis
547 1859 605 1908 tam
631 1869 736 1925 magna
760 1870 847 1910 onera
870 1855 963 1927 impo-
1017 1853 1165 1920 mitantur,
1196 1853 1246 1925 qui
1277 1855 1465 1908 israeliticum
1504 1853 1643 1926 populum
1676 1854 1707 1910 in
1731 1854 1864 1909 taberna-

108 1942 182 1998 uitis
200 1943 278 2014 quaid
294 1942 401 2013 putatis
428 1942 508 1996 vobis
536 1945 595 1996 mm
617 1941 700 1997 facile
716 1958 778 1997 esse
801 1943 878 2016 quod
897 1958 963 1997 car·
1016 1941 1089 1997 culis
1111 1941 1170 1996 suis
1197 1942 1350 2012 pulchrum
1375 1941 1485 2009 videns,
1517 1942 1694 1998 mansionem
1715 1957 1779 1996 cum
1808 1941 1866 1997 illis

109 2030 208 2086 nalem
222 2031 396 2085 volumtatem
428 2035 550 2086 vestram
574 2030 732 2086 deseratis‘l
756 2032 826 2086 Nam
849 2048 902 2102 per
920 2032 961 2086 le·
1016 2031 1082 2086 licto
1098 2031 1194 2086 animo
1208 2047 1238 2084 se
1262 2031 1367 2086 babere
1385 2031 1558 2103 concupivit,
1584 2029 1866 2088 dicens210riotur

109 2137 180 2192 gem
195 2137 261 2192 quse
275 2120 355 2175 robis
370 2136 403 2174 ex
423 2119 574 2192 praeceptis
597 2120 668 2176 meis
683 2122 748 2175 data
772 2125 825 2186 est,
849 2121 885 2175 ad
908 2122 962 2176 boc
1015 2115 1116 2172 anima
1133 2133 1199 2172 naen
1219 2120 1311 2172 morte
1320 2117 1475 2187 justorum,
1491 2121 1520 2172 et
1535 2117 1610 2186 fiunt
1629 2116 1786 2174 nomenoio
1800 2134 1867 2173 men

110 2225 172 2264 nou
183 2208 328 2282 cogemini
342 2209 524 2264 utsaeculum
544 2208 724 2280 relinquatis,
740 2209 795 2264 nisi
818 2210 898 2280 prius
910 2226 962 2280 per
1015 2205 1116 2260 borum
1133 2203 1245 2260 similia
1260 2205 1363 2276 (Num.
1379 2205 1465 2278 xxru).
1489 2205 1561 2272 Quid
1583 2205 1660 2261 boc?
1685 2207 1756 2262 Cum
1778 2207 1865 2261 homo

109 2295 219 2350 multos
243 2295 354 2350 labores
375 2295 415 2350 ita
443 2295 644 2360 exerceamini,
670 2300 701 2349 ut
726 2295 889 2351 carnalibus
911 2297 960 2350 de·
1015 2292 1170 2364 aliquando
1191 2294 1221 2348 in
1245 2293 1377 2366 suspiriis
1399 2294 1504 2350 animae
1518 2296 1553 2350 ad
1579 2294 1633 2350 boc
1657 2293 1819 2350 concutitur
1834 2301 1866 2350 ut

107 2381 223 2436 sideriis
247 2397 312 2452 quse
336 2380 365 2436 in
389 2380 469 2436 vobis
494 2385 562 2436 sunt
585 2378 701 2436 fri-num
721 2379 867 2452 imponere
891 2399 961 2455 pos·
1014 2397 1101 2454 opera
1126 2383 1249 2455 justitia
1277 2383 1404 2455 incipiat,
1432 2387 1501 2438 tunc
1527 2383 1697 2454 insurgente
1722 2383 1864 2439 desiderio

108 2477 184 2532 sitis.
1015 2487 1049 2526 ea
1083 2471 1265 2543 gemebunde
1289 2475 1415 2544 exoptat,
1442 2472 1482 2528 sic
1507 2471 1605 2528 dicens
1628 2471 1657 2526 iu
1682 2471 1861 2544 semetipso:

146 2566 202 2621 Sed
218 2565 314 2637 tepido
328 2569 413 2620 rento
429 2563 639 2633 assimilamini,
655 2566 871 2638 quoniamcum
886 2582 960 2622 rana
1014 2557 1076 2632 Ego
1105 2559 1193 2615 miser
1221 2560 1272 2631 qui
1302 2559 1401 2616 multis
1436 2561 1559 2631 peccatis
1584 2564 1613 2616 ct
1640 2559 1864 2630 obligationibus

107 2653 204 2724 gloria
225 2658 352 2710 mentem
374 2659 501 2709 vestram
533 2653 683 2722 afflaverit,
715 2659 784 2710 tunc
806 2671 839 2710 cr
862 2655 961 2727 aliqua
1012 2648 1188 2721 prepeditus
1202 2663 1278 2717 sum,
1295 2648 1423 2704 studiose
1444 2648 1576 2704 desidero
1591 2652 1624 2704 ut
1645 2649 1676 2705 iu
1702 2649 1862 2720 abjectione

109 2740 265 2813 asperitate
280 2740 434 2814 loquimini
448 2742 488 2796 sic
503 2741 631 2796 dicentes
647 2758 654 2796 ε
670 2741 802 2812 Amplius
824 2757 892 2796 cnm
905 2759 958 2797 sre-
1013 2735 1172 2792 carnalium
1194 2735 1493 2806 concupiscentiarum
1521 2737 1619 2793 anima
1643 2753 1708 2793 urea
1746 2754 1861 2794 omnem

107 2820 175 2884 culo
191 2828 322 2884 laborare
336 2830 414 2890 noto.
430 2828 479 2883 sed
493 2829 564 2884 illud
579 2829 749 2885 festinanter
767 2829 868 2901 fugere
887 2831 959 2887 dcli·
1014 2824 1153 2880 malitiam
1177 2822 1339 2896 iniqnitatis
1360 2823 1515 2897 relinquat,
1537 2828 1567 2880 at
1591 2830 1622 2880 ut
1645 2841 1696 2897 per
1715 2826 1863 2882 contritio·

108 2917 189 2972 bero.
213 2918 246 2972 at
262 2933 315 2973 cur
328 2917 368 2972 ita
383 2933 430 2973 me
448 2917 579 2988 frangam
599 2917 630 2972 in
651 2933 731 2972 casso
758 2917 879 2972 labora?
904 2919 958 2975 Sed
978 2929 1079 2994 cuam
1095 2913 1174 2967 illam
1190 2928 1247 2984 qna
1261 2909 1331 2983 justi
1351 2911 1519 2984 semetipsos
1543 2913 1705 2984 despiciunt
1728 2912 1756 2969 in
1784 2915 1863 2970 habi·

106 3022 173 3060 cum
198 3006 260 3061 brec
280 3006 357 3061 intra
379 3023 430 3061 ros
450 3005 554 3070 dicitis,
579 3005 687 3076 putatis
701 3022 736 3060 aa
754 3005 792 3061 ita
807 3007 959 3063 terminari
1013 3001 1107 3056 2⁸0⁰¹⁰
1132 3001 1272 3056 h⁰¹¹0t¹¹¹¹¹
1303 3015 1423 3072 ⁰P⁰i¹¹¹¹¹
1452 3006 1597 3058 mflssfflfli·
1628 3001 1798 3069 0⁰⁰m0d0?
1828 3004 1864 3059 Ul

108 3099 139 3148 nt
154 3093 332 3166 excogitatis.
350 3095 422 3150 Nam
441 3094 525 3150 multi
538 3094 682 3150 vacillanti
701 3096 799 3150 animo
815 3111 860 3150 me
883 3111 959 3167 qum«
1012 3090 1042 3146 in
1057 3090 1144 3146 rectis
1158 3089 1267 3146 actibus
1289 3089 1453 3145 inveniatur
1476 3089 1542 3146 linis
1566 3107 1657 3158 meus,
1682 3091 1739 3147 iltis
1764 3091 1861 3147 bomi-

108 3187 186 3249 ront‚
202 3181 243 3236 ita
255 3181 333 3254 quod
355 3186 469 3237 mutum
495 3182 579 3253 signo
599 3181 748 3253 religionis
767 3182 892 3237 extarios
907 3198 958 3238 no·
1013 3180 1098 3235 nibus
1112 3179 1162 3251 qui
1174 3178 1317 3249 justitiam
1334 3178 1383 3235 ilai
1399 3185 1556 3249 operantur
1568 3179 1668 3235 similis
1684 3195 1691 3235 ε
1706 3180 1745 3234 ila
1762 3185 1795 3236 ut
1806 3185 1861 3236 ter-

108 3275 218 3337 tautur,
234 3270 315 3340 poris
328 3269 419 3325 oculis
437 3286 484 3326 me
506 3285 566 3325 non
590 3276 762 3344 querentes,
785 3286 837 3326 nec
858 3276 959 3328 semet-
1014 3267 1110 3324 minus
1125 3268 1267 3323 bonorum
1284 3282 1404 3339 operum
1422 3283 1552 3322 meorum
1570 3268 1653 3322 initio
1665 3270 1750 3341 justas
1770 3269 1861 3324 inten-

106 3357 187 3427 ipsos
209 3356 240 3412 in
264 3373 329 3412 aera
351 3357 480 3413 doctrina
502 3357 673 3430 simpliciter
696 3357 958 3428 circumspicientes
1011 3354 1099 3410 lionis
1122 3369 1223 3410 eorum
1252 3353 1430 3427 adaquatur.
1457 3355 1511 3411 Sed
1533 3355 1623 3412 bomo
1647 3355 1697 3427 qui
1722 3355 1797 3412 intra
1816 3371 1860 3412 se-

105 3446 254 3518 quomodo
268 3445 417 3502 diabolum
429 3447 479 3518 qui
493 3463 541 3501 eos
555 3447 691 3502 devorare
709 3446 788 3518 capit
808 3447 956 3519 effugiant,
1011 3443 1166 3516 metipsum
1181 3443 1234 3496 ista
1247 3442 1383 3514 loquitur,
1400 3443 1424 3497 si
1450 3449 1547 3514 postea
1564 3448 1706 3499 transacto
1731 3448 1861 3515 tempore

104 3532 352 3605 quemadmodum
377 3533 555 3589 columbeio
581 3532 704 3604 puritate
718 3549 803 3605 aqum
823 3533 958 3589 couside-
1011 3531 1127 3585 illorum
1143 3529 1332 3601 suspiriorum
1348 3545 1413 3585 cum
1434 3530 1644 3587 tentationibus
1668 3531 1861 3603 malignorum

103 3637 175 3676 rans
188 3620 354 3694 accipitrem
377 3621 501 3694 quieam
526 3638 627 3694 rapere
643 3627 744 3685 tentat,
765 3621 881 3693 adagim
899 3639 957 3678 non
1011 3619 1165 3690 spirituum
1190 3618 1316 3684 afflatur,
1339 3622 1368 3672 et
1394 3618 1502 3673 carnali
1524 3618 1754 3690 concupiscentia
1778 3619 1860 3674 deri-

104 3715 202 3765 antem
217 3710 259 3765 sic
274 3710 316 3765 illi
331 3710 480 3767 diabolum
499 3711 642 3783 effingiunt
660 3726 726 3766 cum
753 3727 821 3767 eum
845 3711 877 3766 in
891 3711 958 3766 scri-
1010 3711 1071 3762 ctus
1084 3707 1119 3762 ad
1135 3705 1317 3778 iniquitatem
1339 3706 1586 3774 1·erertitar,facit
1607 3712 1639 3762 ut
1660 3707 1721 3778 ipse
1745 3706 1859 3761 Balaam

103 3804 189 3870 ptura
204 3797 400 3854 doctrinarum
423 3799 585 3855 venientem
601 3799 707 3868 vident,
726 3800 774 3854 scd
797 3799 828 3855 in
857 3815 957 3871 rapen-
1008 3811 1061 3866 per
1076 3793 1237 3868 nequitiam
1254 3793 1419 3866 cupiditatis
1434 3794 1571 3866 deceptus
1591 3793 1668 3849 fecit.
1685 3793 1860 3860 Quomodo?

102 3888 166 3942 tino
193 3903 296 3959 sopore
310 3888 361 3959 qui
377 3888 404 3944 ei
420 3903 472 3958 par
486 3889 640 3944 cecitatem
665 3888 848 3944 mantissam
869 3888 955 3956 inest,
1009 3883 1080 3949 Quia
1094 3883 1155 3955 ipse
1171 3887 1269 3954 postea
1284 3899 1336 3954 par
1350 3882 1422 3938 illud
1445 3882 1568 3938 schisma
1591 3887 1683 3938 metus
1706 3897 1759 3954 per
1781 3881 1859 3955 quod

101 3973 266 4045 uttepidus
282 3975 434 4030 sentosad
449 3974 775 4039 mecurrunt.Quidem
793 3975 872 4030 enirn
896 3991 955 4029 non
1010 3972 1090 4043 prius
1114 3972 1221 4042 populo
1248 3987 1312 4026 meo
1339 3970 1509 4026 maledicere
1534 3971 1656 4038 volebat,
1690 3970 1739 4025 ubi
1761 3969 1787 4025 ei
1807 3987 1860 4042 per

103 4061 281 4116 voluntatem
308 4077 401 4127 suam,
425 4062 474 4117 sed
502 4066 614 4117 mutum
636 4063 803 4118 secularem
824 4061 955 4118 babilam
1010 4060 1142 4132 angelum
1156 4075 1253 4116 merim
1268 4063 1297 4114 et
1312 4075 1363 4132 per
1383 4061 1494 4115 asinam
1516 4059 1606 4132 ipsius
1630 4059 1734 4127 restiti,
1749 4059 1785 4116 ad
1805 4059 1859 4114 boc

101 4147 280 4220 abjicientes,
308 4149 486 4221 spiritualem
518 4149 689 4219 religionem
712 4148 953 4220 ‘aggrediuntur3
1008 4165 1075 4204 enm
1087 4155 1185 4204 temen
1199 4149 1228 4204 in
1241 4149 1301 4202 zeto
1318 4164 1380 4204 meo
1394 4149 1647 4222 perduransque
1661 4147 1858 4204 benedictione

102 4239 172 4310 qnia
195 4239 299 4294 multas
314 4238 444 4293 miserias
460 4244 489 4293 et
504 4243 687 4310 paupertates
701 4237 732 4292 in
747 4237 852 4292 seculo
866 4237 952 4293 susti·
971 4234 994 4287 D
1010 4238 1161 4294 verborum
1177 4237 1292 4292 illorum
1306 4253 1370 4309 quae
1385 4238 1415 4293 in
1433 4255 1465 4293 os
1480 4238 1569 4309 ipsius
1584 4237 1666 4310 posui
1686 4237 1779 4294 eidem
1804 4252 1857 4307 po-

102 4332 205 4383 nentes
218 4326 333 4381 diritias
348 4327 454 4382 babere
469 4344 529 4382 non
544 4333 674 4399 possunt,
690 4325 793 4382 ctideo
812 4326 952 4381 muudum
1009 4327 1078 4398 puto
1103 4342 1167 4381 meo
1191 4326 1399 4383 benedicebat:
1422 4335 1486 4399 post
1511 4327 1684 4382 desiderium
1708 4324 1780 4382 illud
1800 4341 1858 4398 quo

101 4416 282 4488 relinquunt,
299 4415 437 4488 quoniam
456 4432 524 4472 eum
539 4416 579 4470 ita
594 4421 626 4471 ut
645 4414 749 4470 vellent
773 4413 881 4470 habere
894 4429 953 4469 non
1008 4415 1103 4471 eidem
1119 4417 1226 4487 populo
1241 4416 1336 4470 israeli
1350 4411 1490 4471 in‘morte
1507 4432 1558 4471 sna
1572 4414 1857 4495 assimilari'daside-

103 4507 231 4576 pussrrnt.
249 4502 306 4557 Alii
319 4508 417 4558 autern
431 4502 465 4558 ad
483 4503 620 4558 saeclum
638 4502 718 4558 stulti
734 4508 764 4559 et
785 4502 857 4557 fatui
873 4507 951 4566 suut,
1008 4503 1090 4572 ravit,
1105 4505 1138 4559 ad
1153 4503 1280 4575 primum
1303 4503 1427 4560 schisma
1444 4518 1575 4561 reversus
1598 4508 1651 4570 est,
1672 4507 1701 4560 et
1715 4503 1855 4575 populum

101 4594 140 4648 ita
163 4592 242 4665 quod
266 4591 433 4647 homiuibus
460 4591 692 4661 contemptibiles
719 4596 748 4646 et
775 4592 884 4663 seipsos
907 4606 950 4644 re·
1008 4608 1104 4648 merim
1126 4593 1156 4648 in
1182 4591 1304 4663 pecunia
1327 4594 1428 4649 mortis
1450 4609 1502 4648 eoo
1518 4592 1636 4649 coneilio
1658 4608 1711 4665 per
1730 4591 1855 4647 fornica·

102 4695 250 4753 geraram
274 4681 411 4748 volentes,
433 4684 462 4736 et
482 4685 637 4750 propterea
662 4681 798 4735 seculum
826 4679 951 4752 fugiunt,
1007 4681 1117 4736 tionem
1133 4681 1274 4751 dispersit,
1301 4685 1332 4735 ut
1355 4680 1499 4753 pollicitus
1520 4687 1562 4736 est
1589 4681 1708 4738 dicens:
1732 4681 1856 4735 Verum-

102 4771 172 4842 quia
192 4766 235 4822 illi
258 4768 384 4824 ludibrio
408 4773 484 4823 suut.
504 4769 560 4824 Sed
582 4774 611 4823 et
632 4769 751 4840 quidam
775 4767 951 4824 debilitatem
1006 4775 1103 4825 tamen
1127 4785 1250 4842 pergens
1270 4770 1304 4825 ad
1328 4771 1465 4841 populum
1492 4785 1588 4826 meum
1610 4769 1684 4825 dabo
1699 4767 1853 4824 consilium

102 4875 135 4912 ac
158 4856 360 4914 infirmitatem
395 4858 524 4929 corporis
554 4857 600 4912 sui
629 4857 766 4913 babentes
796 4861 825 4912 et
852 4857 883 4912 in
907 4857 951 4912 bis
1008 4857 1217 4930 quidpopulus
1232 4857 1599 4912 tuusbicfaciatextremo
1614 4861 1754 4929 tempore.
1780 4854 1854 4921 Quid

101 4943 315 5001 calamitatibus
338 4944 464 5000 multum
486 4945 659 5012 laborantes,
674 4961 734 5001 uon
754 4951 873 5016 propter
894 4962 950 5012 me,
1006 4946 1079 5002 boc‘l
1094 4945 1231 5002 Videlicet
1245 4961 1310 5001 cum
1332 4963 1378 5002 me
1402 4951 1543 5002 retorsero
1559 4947 1593 5001 ad
1617 4946 1673 5000 iter
1696 4943 1852 5000 desiderio·

101 5033 151 5089 sed
166 5037 199 5088 ut
219 5032 266 5088 bie
286 5032 432 5088 doloribus
451 5039 532 5090 teuto
555 5034 670 5089 suarius
691 5033 873 5096 subveniant.
897 5050 951 5089 sae-
1005 5050 1070 5090 rum
1088 5049 1218 5090 meorum
1249 5049 1312 5106 qne
1339 5035 1375 5092 ad
1403 5035 1534 5091 decorem
1568 5034 1661 5090 carnis
1693 5033 1854 5105 pertiueut;

102 5121 201 5177 culum
224 5120 441 5193 derelinquunt.
465 5122 521 5178 Alii
549 5137 617 5177 raro
639 5128 732 5177 tantm
756 5121 902 5194 angustias
922 5129 952 5177 et
1005 5127 1074 5180 tunc
1090 5123 1335 5194 concupiscentias
1355 5124 1419 5179 illas
1442 5123 1588 5194 ingrediar
1612 5137 1683 5194 quas
1705 5120 1786 5193 prius
1804 5135 1852 5175 co·

103 5208 334 5282 oppressionesa
348 5211 511 5267 carnalibus
526 5210 650 5266 dominis
671 5211 732 5266 suis
754 5209 858 5282 quibrra
879 5210 951 5267 sub·
1005 5226 1172 5283 gnoreram.
1185 5211 1356 5278 Quomodo?
1378 5211 1451 5278 Quia
1475 5212 1532 5267 scio
1546 5211 1616 5284 quid
1631 5210 1661 5267 in
1678 5225 1763 5266 carne
1788 5226 1853 5266 mea

99 5300 169 5373 jecti
193 5303 261 5354 suut
281 5299 440 5370 patiuntur,
463 5303 497 5354 ut
521 5304 639 5371 propter
661 5299 794 5356 timorem
819 5314 951 5355 acroma
1005 5300 1052 5356 cni
1073 5301 1192 5357 honeste
1215 5301 1353 5362 deservio.
1374 5299 1412 5355 ita
1428 5305 1460 5354 at
1489 5305 1518 5354 et
1542 5315 1596 5372 ego
1622 5299 1739 5372 quibis
1761 5299 1853 5354 causis

102 5389 209 5445 saeculo
230 5388 372 5456 recedant,
398 5404 458 5444 non
483 5393 516 5443 ut
538 5389 689 5461 praecptis
709 5388 780 5444 meis
803 5388 948 5456 obediant,
1005 5405 1070 5460 quse
1086 5389 1140 5462 ipsi
1154 5405 1267 5462 semper
1285 5388 1387 5445 adsunt
1400 5389 1528 5444 imbutus
1541 5403 1621 5458 sunm
1637 5388 1700 5456 tibi,
1717 5403 1734 5442 o
1754 5387 1850 5445 bomo.

103 5478 153 5535 sed
172 5493 210 5534 ue
228 5478 357 5533 carnales
380 5493 483 5533 eorum
510 5476 626 5534 Domini
648 5477 773 5550 amplius
797 5493 884 5550 super
901 5494 949 5534 cos
1005 5477 1055 5550 qbi
1070 5477 1156 5533 etism
1172 5479 1201 5533 in
1219 5477 1326 5534 eisdem
1353 5476 1567 5534 delectabilibus
1583 5477 1670 5532 rebus
1692 5475 1807 5544 ardeus,
1824 5475 1851 5529 iu
