3984 6034
154 223 206 279 eit
879 221 907 276 S.
930 219 1168 278 menenensis
1848 213 1900 264 sill

154 361 278 416 morum
307 353 433 420 cederet,
449 368 504 425 ego
521 351 611 410 Filius
633 351 749 424 uaiqni
768 353 862 425 ipsum
875 352 998 409 liberere
1016 351 1218 416 Adiversitate
1235 353 1307 418 arui,
1326 348 1377 404 ssd
1401 347 1527 404 mundus
1546 347 1576 404 in
1601 363 1687 402 carna
1706 349 1735 400 st
1760 345 1903 417 sangnine

152 445 227 510 veui,
248 444 341 499 linens
362 441 393 498 in
418 441 522 497 decore
549 440 680 495 omnium
707 439 883 513 rigationum
902 441 999 497 iniiam
1053 457 1106 495 suo
1126 439 1191 494 luit.
1207 439 1270 507 Oui,
1290 453 1355 493 cum
1377 435 1639 508 praevaricationem
1659 437 1775 502 laceret,
1799 433 1903 489 illusos

152 531 309 600 charitatis,
324 535 505 586 etcmeneus
519 529 551 585 in
572 527 725 584 diffusione
750 544 826 584 serm
843 533 872 585 ιι
895 529 998 588 indeti—
1053 533 1109 582 est:
1131 527 1171 582 ite
1188 526 1266 599 quod
1296 531 1394 596 postea
1415 539 1530 595 semper
1557 523 1728 595 sangninem
1761 537 1846 577 snum
1870 520 1902 576 in

151 617 399 692 cicutispuritatis
419 617 544 673 erivide
566 623 676 672 secreto
691 632 823 689 supernae
844 617 997 672 emoenita·
1050 615 1141 671 fetore
1173 613 1365 670 immundities
1399 612 1529 668 moechtae
1561 611 1674 683 sparsit.
1706 609 1789 680 Oraia,
1825 611 1901 665 sicul

150 707 354 781 tis;qtrsteuus
375 705 471 773 homo,
494 704 545 777 qui
560 721 596 760 ex
623 710 706 760 reatu
721 721 773 760 auo
788 705 924 776 perierat,
939 705 998 760 rni-
1050 701 1128 758 idem
1165 702 1304 758 honorem
1342 699 1515 757 innocentiae
1548 701 1702 772 abjecerat,
1735 699 1776 754 ita
1810 699 1900 755 etiam

150 795 331 854 sericmditer
365 793 401 850 de
430 793 592 866 perditione
623 793 792 866 eriperetur.
823 793 998 858 Quomodo?
1050 795 1079 845 et
1094 789 1313 862 sanguisipsius
1332 789 1505 862 sanguinum
1520 789 1643 844 colorem
1660 803 1744 843 sunm
1759 786 1899 859 perdidit,

151 885 186 942 iit
198 883 334 940 innoxius
347 883 465 953 sangnis
484 882 645 937 innocentis
666 881 847 951 innocentie,
865 882 895 938 iu
909 897 998 954 angu-
1051 877 1080 934 iu
1092 879 1220 934 humane
1234 878 1419 950 conceptione
1431 879 1462 932 in
1479 879 1618 949 liquorem
1639 877 1805 948 pollutionis
1829 875 1896 931 sub-

150 972 204 1027 atie
216 971 381 1028 desudantis
403 969 544 1042 passionis
557 987 610 1041 pro
630 987 663 1026 eo
683 969 889 1026 offunderetur.
917 970 996 1036 Qno-
1051 967 1207 1022 verensis
1231 981 1288 1039 quo
1318 967 1403 1021 ctiam
1429 964 1541 1038 liquore
1559 967 1600 1021 ite
1624 966 1686 1020 sinc
1709 964 1899 1020 fornicatione

150 1059 255 1116 orode?
268 1061 300 1116 lu
314 1058 526 1131 transgresione
545 1058 626 1130 Adra,
647 1073 713 1115 cnm
737 1059 798 1131 ipso
813 1059 849 1115 de
864 1059 996 1133 paradiso
1050 1061 1093 1110 est
1107 1056 1200 1111 donec
1214 1055 1331 1129 sanguis
1354 1061 1489 1128 apparet:
1517 1060 1545 1110 ιι
1563 1054 1603 1110 ita
1629 1053 1746 1125 sanguis
1768 1051 1816 1108 ille
1838 1051 1897 1106 ior-

149 1149 284 1220 axpuIsus
306 1151 364 1203 est:
392 1147 510 1219 sanguis
539 1147 602 1219 ejus
632 1147 669 1202 ob
697 1147 873 1219 expulsionis
903 1162 994 1219 angu·
1050 1145 1227 1201 momeliam
1253 1145 1395 1217 accipiens
1410 1148 1582 1217 postortnm
1598 1159 1684 1198 sunm
1704 1143 1733 1197 in
1748 1140 1899 1196 debilitate

148 1236 244 1306 stiam,
265 1237 334 1309 quie
359 1252 426 1292 reus
448 1241 519 1303 erat,
551 1240 628 1291 totus
653 1236 812 1301 inundavit,
848 1242 878 1292 ιι
902 1235 942 1291 sic
965 1235 994 1290 in
1046 1233 1133 1304 jacet,
1153 1233 1244 1289 donec
1259 1234 1387 1289 medulla
1410 1233 1472 1304 ejus
1492 1231 1703 1305 plenitudinem
1718 1228 1901 1285 tortitudinis

147 1325 279 1398 angustie
293 1324 344 1381 ille
364 1324 546 1398 liquefactus,
563 1339 629 1380 cnm
647 1326 848 1397 sudoresque.
864 1323 996 1396 perfusus
1048 1339 1106 1377 sues
1122 1323 1251 1378 inveniet
1265 1329 1294 1378 et
1318 1322 1409 1378 donec
1423 1337 1523 1376 seusus
1547 1321 1576 1376 in
1596 1318 1659 1391 ipso
1679 1335 1731 1391 par
1749 1317 1899 1374 excitatiu-

146 1419 199 1469 sst.
218 1413 306 1470 etita
324 1413 459 1486 sangnini
482 1413 609 1470 hominis
628 1429 704 1486 aque
728 1429 780 1486 per
798 1411 994 1469 sudorsmad·
1048 1425 1116 1466 nem
1141 1411 1260 1466 occultes
1289 1410 1481 1467 suscitationis
1521 1413 1665 1479 exsurgat.
1695 1408 1729 1462 Et
1763 1412 1831 1462 tnnc
1857 1408 1901 1462 ite

146 1501 435 1576 mistecognoscitur.
454 1502 544 1572 Unde,
569 1519 586 1557 o
613 1503 711 1568 homo,
732 1517 798 1558 cum
825 1502 994 1574 Unigenitns
1049 1498 1156 1554 munda
1170 1515 1236 1554 caro
1259 1504 1288 1553 et
1307 1498 1431 1554 mundns
1454 1498 1573 1570 singnis
1587 1503 1622 1551 de
1636 1512 1745 1550 veneno
1765 1493 1900 1566 expiatus

146 1590 197 1646 Dei
215 1590 246 1646 in
260 1607 346 1646 cerno
368 1591 527 1663 angustiari
541 1590 638 1664 cccpit,
665 1589 797 1646 uidelicet
811 1591 926 1662 quaudo
940 1605 994 1661 pro
1047 1594 1178 1660 apparet,
1193 1589 1283 1644 donoc
1297 1603 1363 1642 eum
1381 1585 1482 1643 noxius
1507 1586 1585 1641 calor
1612 1585 1745 1656 percutit,
1762 1584 1811 1656 qni
1832 1599 1900 1655 per-

143 1679 273 1736 humano
289 1695 395 1752 genere
416 1679 476 1751 peti
496 1678 597 1747 roiuit,
613 1679 730 1751 sangnis
748 1678 810 1750 ejus
831 1684 927 1752 guttas
947 1694 993 1734 sn·
1013 1641 1178 1733 Bcaesione
1205 1693 1257 1732 sue
1282 1675 1398 1732 noxiam
1429 1690 1561 1748 spumam
1593 1673 1786 1730 immunditias
1806 1673 1896 1743 ejicit.

27 1763 33 1773 ‘
144 1767 343 1836 dorissmisit,
363 1785 396 1822 ec
416 1767 532 1835 deinde,
554 1767 618 1840 ipso
639 1765 670 1822 in
689 1782 773 1823 cruce
788 1783 937 1839 suspenso,
957 1767 993 1822 de
1048 1764 1102 1820 Sed
1128 1767 1163 1820 ab
1193 1766 1237 1820 his
1264 1765 1399 1822 omnibus
1425 1763 1511 1820 Filius
1544 1763 1594 1819 bei
1619 1763 1744 1819 muudus
1770 1763 1897 1829 exstitit;

144 1856 263 1912 vrrlnere
284 1857 382 1913 leteris
402 1856 465 1928 ejus
486 1871 561 1928 aque
586 1871 652 1910 cum
675 1855 816 1926 sangnine
837 1853 991 1910 emanavit.
1047 1853 1187 1908 mundam
1204 1852 1335 1909 videlicet
1356 1869 1473 1908 carnem
1495 1857 1525 1908 et
1558 1852 1698 1908 mnndum
1723 1850 1896 1923 sauguinem

143 1943 498 2000 Etideoiusecramentu
519 1943 570 1999 iilo
592 1941 642 1999 ubi
662 1941 830 2013 mysterium
850 1941 992 2014 passionis
1047 1941 1211 1997 hebensite
1228 1943 1388 2014 quodcum
1417 1957 1566 2014 nunquam
1596 1945 1687 1996 tactus
1703 1939 1790 1994 tritius
1816 1941 1895 1994 noxii

143 2031 207 2103 ejus
220 2030 424 2088 celebrandum
449 2035 502 2099 est,
525 2046 600 2102 aqna
623 2030 690 2085 vinu
714 2030 869 2085 immisceri
890 2029 991 2096 debet;
1047 2029 1148 2085 caloris
1176 2030 1288 2102 tetigit;
1314 2032 1361 2086 sad
1389 2031 1418 2087 iu
1441 2029 1664 2085 sanctificatione
1689 2027 1842 2083 ethonore
1858 2029 1898 2083 ri-

144 2118 213 2190 quie
226 2123 256 2174 ιι
279 2117 315 2174 ds
331 2119 448 2175 vnlnere
465 2118 563 2174 lateris
580 2117 643 2173 Filii
663 2118 714 2174 Dei
738 2133 813 2189 eque
826 2123 855 2173 et
875 2117 993 2188 sangnis
1046 2118 1217 2174 acutissimae
1241 2119 1377 2174 castitatis
1397 2135 1526 2186 manens,
1549 2118 1628 2172 nulla
1642 2115 1810 2188 contagione
1830 2113 1896 2169 vio-

144 2205 264 2262 effluxit.
295 2206 403 2263 Sedet
432 2207 462 2263 in
485 2207 588 2262 eodem
622 2205 762 2262 sacrificio
787 2206 885 2260 viuum
908 2221 993 2277 aquae
1046 2207 1218 2277 laripotnit.
1234 2207 1288 2272 Qui
1306 2219 1401 2262 tamen
1420 2206 1449 2262 in
1465 2203 1749 2278 angustiapessiunis
1769 2205 1895 2276 positus,

144 2294 407 2366 superabundabit;
439 2295 508 2366 quia
538 2300 567 2350 ιι
592 2295 709 2367 sanguis
741 2294 838 2350 tabem
864 2301 991 2366 superat,
1046 2309 1151 2367 equam
1168 2295 1382 2367 insanguinem
1398 2295 1493 2351 lateris
1509 2291 1896 2365 suiaiindit3qniesnnguis

143 2383 217 2439 sicut
230 2390 259 2439 ιι
273 2384 317 2440 ιιι
342 2399 461 2440 succum
483 2400 568 2440 snum
592 2383 669 2456 qnod
694 2398 790 2439 serum
805 2389 848 2438 est
870 2382 990 2438 excedit.
1046 2383 1108 2438 sine
1124 2399 1200 2456 aqua
1212 2383 1394 2440 ineffusione
1424 2400 1476 2440 sue
1490 2399 1548 2439 non
1574 2390 1637 2453 est;
1661 2381 1709 2437 sad
1724 2382 1764 2436 ite
1780 2385 1896 2451 lampe-

144 2471 199 2537 Qui
220 2476 317 2529 autem
339 2473 508 2545 mysterium
538 2471 594 2528 hoc
619 2471 765 2528 celebrent
787 2471 816 2526 id
846 2471 887 2526 ite
908 2469 993 2540 perii·
1046 2477 1124 2527 ratus
1147 2471 1253 2541 existit,
1287 2478 1319 2528 ιιι
1347 2471 1465 2544 sanguis
1499 2488 1605 2544 aqrrarn
1629 2469 1780 2537 confortet,
1808 2475 1836 2524 et
1863 2473 1896 2524 ut

147 2561 235 2628 cient,
269 2561 517 2633 quemadmodum
545 2561 586 2616 eis
612 2566 802 2616 monstratum
832 2565 886 2629 est,
909 2565 938 2616 et
960 2563 992 2615 ut
1046 2575 1121 2633 aque
1134 2561 1304 2633 sangninem
1323 2560 1452 2617 deliniet.

143 2648 231 2706 etiem
257 2649 299 2706 ibi
322 2649 454 2707 homines
492 2650 691 2719 exhortantur,
724 2648 773 2704 nbi
805 2648 992 2722 inspiratione
1082 2650 1263 2720 Quapropter
1284 2654 1313 2705 et
1331 2667 1379 2704 vos
1401 2650 1453 2722 qni
1471 2650 1561 2705 ὓιιιιιι
1587 2648 1689 2704 devote
1712 2647 1805 2702 colere
1833 2647 1897 2702 vnl-

144 2753 210 2794 mce
234 2753 286 2810 per
308 2738 479 2810 sapientiam
498 2738 631 2802 audiunt,
649 2744 680 2793 nt
693 2738 911 2809 scriptumest:
939 2737 993 2792 Ve-
1047 2736 1095 2806 tis,
1118 2737 1160 2792 ite
1181 2738 1258 2810 quod
1285 2743 1407 2793 vestram
1430 2739 1550 2793 salntem
1571 2735 1684 2805 ametis,
1708 2735 1813 2790 sumite
1838 2735 1896 2790 lroc

142 2827 214 2893 nite,
238 2826 380 2884 comedite
399 2842 503 2897 ριιιιιιι
528 2843 634 2895 man,
655 2833 684 2884 ct
699 2825 785 2882 bibite
804 2825 901 2882 uinum
916 2825 993 2898 quod
1045 2825 1183 2897 poculum
1209 2825 1450 2896 sanctificationis,
1469 2826 1546 2898 quod
1571 2826 1611 2879 ite
1638 2823 1797 2896 temperari
1811 2823 1896 2878 vohis

141 2913 336 2973 mensotis
353 2915 446 2988 (rrae
470 2915 521 2984 rx).
551 2915 622 2981 Quid
638 2914 711 2971 hoc?
740 2915 794 2971 Vos
823 2915 873 2987 qui
901 2913 992 2970 stulti·
1011 2928 1031 2985 (ς
1048 2917 1080 2969 ιιι
1104 2915 1286 2986 asperitatem
1312 2913 1471 2970 ultionisin
1493 2913 1610 2969 lenitate
1635 2911 1813 2968 remissionis
1833 2927 1893 2966 uon

143 3004 214 3061 tiene
230 3004 374 3078 deponere
394 3003 490 3070 vultis,
511 3004 604 3059 venite
625 3004 660 3059 de
683 3003 847 3074 ignorantie
869 3002 919 3058 ille
934 3018 991 3074 qna
1046 3002 1187 3073 sentiatis,
1204 3005 1386 3076 quoniamst
1406 3003 1540 3059 divinitas
1566 3008 1595 3058 et
1608 3001 1774 3057 humanitas
1796 3001 1825 3054 in
1849 3017 1895 3054 su-

143 3093 235 3149 Deum
258 3091 385 3160 nescitis,
411 3092 490 3148 etde
508 3097 609 3162 stupro
632 3091 682 3147 illu
702 3089 847 3163 perqnod
869 3090 899 3145 iu
923 3090 992 3145 ersi·
1044 3107 1136 3164 pernu
1157 3091 1227 3148 Filio
1251 3097 1305 3156 est,
1335 3107 1386 3164 per
1409 3092 1491 3165 crrjus
1518 3091 1681 3163 passionem
1696 3089 1732 3146 de
1748 3093 1839 3146 morte
1854 3089 1892 3144 li-

143 3182 215 3236 lium
238 3180 318 3236 missi
337 3180 415 3246 estis,
447 3184 477 3235 et
500 3180 592 3235 redite
614 3179 646 3235 in
668 3179 821 3235 candidam
844 3178 990 3250 regionem
1044 3179 1147 3249 barali,
1164 3185 1194 3235 et
1218 3196 1270 3252 per
1291 3182 1373 3253 cuijus
1391 3197 1495 3253 corpus
1518 3187 1548 3236 el
1562 3181 1735 3252 sanguinem
1756 3179 1892 3251 vegetati,

143 3273 278 3336 vestram,
307 3283 373 3340 ques
395 3283 447 3340 par
473 3268 623 3339 speculum
639 3266 706 3322 tidei
729 3266 853 3321 inionta
873 3265 991 3322 viventis
1046 3268 1209 3324 societatem
1231 3267 1261 3324 in
1285 3275 1392 3324 aeterna
1418 3267 1563 3323 mansione
1588 3266 1728 3323 habeatis.
1753 3265 1809 3320 Sed
1838 3281 1893 3336 ego

143 3373 227 3430 eqnae
249 3357 331 3412 vobis
353 3361 573 3428 praemonstrata
596 3361 649 3424 est,
673 3361 701 3411 ιι
715 3355 765 3427 pia
778 3353 930 3412 devotione
942 3371 989 3410 co·
1045 3356 1095 3427 qui
1121 3371 1185 3410 snm
1211 3353 1328 3412 initium
1355 3359 1382 3412 el
1403 3355 1476 3428 finis
1491 3361 1586 3428 (Aper.
1611 3355 1679 3427 xxi),
1696 3354 1800 3410 iterum
1828 3354 1894 3409 dico

144 3445 249 3501 medita
264 3461 369 3518 penem
386 3460 493 3514 meum,
510 3459 598 3517 quem
620 3445 665 3498 vir
677 3443 709 3498 in
737 3458 886 3515 agruim
904 3444 990 3498 serui—
1045 3443 1298 3514 titulationem
1324 3445 1411 3501 nubili
1429 3446 1499 3500 Filio
1526 3461 1600 3512 meo,
1624 3445 1673 3517 qni
1688 3443 1739 3498 llos
1753 3447 1796 3498 cst
1811 3457 1890 3496 rosa-

143 3531 271 3600 nevit,at
283 3532 330 3588 cui
342 3538 420 3588 terra
442 3531 616 3588 viriditatem
636 3547 694 3586 non
709 3530 799 3598 dedit,
820 3531 869 3587 scd
888 3530 939 3604 qui
954 3532 991 3586 de
1044 3547 1109 3587 rum
1125 3537 1154 3588 et
1177 3533 1270 3588 lilium
1290 3534 1474 3602 convallium,
1499 3539 1583 3589 natus
1602 3532 1637 3586 de
1656 3530 1816 3588 castissima
1831 3531 1891 3586 Vir-

143 3621 202 3676 lieo
217 3621 315 3690 exirit,
335 3626 422 3693 etque
445 3621 475 3676 in
498 3636 533 3676 eo
566 3620 821 3691 permanentiam
846 3624 879 3675 nt
908 3619 991 3692 panis
1044 3621 1279 3694 gine,quaeenm
1300 3621 1330 3677 in
1345 3621 1510 3692 integritate
1526 3636 1576 3675 sua
1590 3619 1700 3690 gennit.
1722 3619 1777 3684 Qui
1791 3623 1891 3689 pertua

142 3709 341 3778 manducetur,
357 3716 387 3765 ιι
402 3716 435 3766 ιι
448 3714 527 3765 terra
538 3708 730 3773 conculcatur,
748 3708 789 3763 sic
798 3712 827 3762 ιι
841 3707 928 3763 Filius
941 3707 990 3763 liei
1044 3709 1109 3763 telis
1123 3709 1241 3778 exstitit,
1253 3711 1329 3782 qnod
1355 3727 1407 3782 per
1434 3725 1500 3765 enm
1521 3709 1556 3764 de
1584 3708 1734 3782 iniquitate
1758 3708 1889 3779 priorum

142 3798 225 3870 penis
239 3800 319 3854 virus
340 3797 417 3853 tilios
431 3797 582 3853 homiuum
605 3795 757 3869 praecellit3
777 3796 846 3868 quia
865 3795 929 3869 ipse
943 3797 989 3853 Fi·
1043 3803 1197 3870 parentum
1210 3798 1329 3854 humani
1352 3799 1465 3870 generis
1487 3800 1614 3869 placatus
1637 3813 1712 3863 suni,
1730 3797 1779 3868 qui
1797 3812 1843 3851 me
1859 3795 1890 3850 in
1984 3789 1985 3806 ¹

142 3886 198 3942 lius
224 3887 276 3944 liei
299 3886 330 3942 in
353 3887 458 3942 virtute
481 3886 641 3941 divinitatis
665 3901 724 3940 suae
743 3885 852 3941 stabilis
874 3890 934 3952 asl;
961 3892 991 3941 et
1043 3887 1270 3958 transgressione
1284 3904 1337 3944 sue
1352 3887 1386 3944 ad
1403 3887 1630 3960 indignationem
1653 3890 1887 3958 provocaverunt.

142 3973 194 4029 tilii
214 3974 365 4030 hominum
391 3975 420 4028 iu
436 3973 583 4030 debilitata
602 3972 697 4028 cernis
710 3989 769 4028 suar
793 3973 893 4028 labiles
907 3978 987 4039 sunl;
1046 3977 1123 4032 Unde
1151 3981 1180 4032 et
1203 3977 1336 4032 eumdem
1368 3983 1483 4048 partum
1520 3991 1633 4047 semper
1665 3973 1794 4048 inspicio,
1822 3991 1888 4030 cum

142 4061 230 4117 Filius
261 4062 339 4117 euim
362 4062 414 4117 liei
444 4061 631 4134 corporaliter
664 4076 784 4117 manens
808 4060 838 4117 in
869 4061 988 4128 mundo,
1042 4067 1372 4138 curpnselsengtriuem
1394 4064 1458 4121 Filii
1479 4064 1889 4137 meiquctidiesuperaltare

142 4149 290 4206 mollitiem
306 4150 426 4222 liquoris
447 4150 554 4220 peccati
569 4149 600 4206 in
621 4164 706 4207 carne
726 4166 778 4205 sua
798 4164 854 4204 non
876 4149 986 4217 habuit,
1043 4152 1155 4207 nomini
1185 4167 1249 4208 meo
1274 4158 1472 4208 consecratum
1510 4152 1611 4208 habeo.
1649 4152 1691 4206 lte
1716 4151 1793 4222 quod
1835 4167 1889 4222 per

141 4239 280 4310 quoniam
302 4237 377 4294 sicot
408 4237 484 4310 ignis
511 4253 616 4311 panem
646 4237 831 4311 (excoquens)
861 4237 987 4306 arefecit,
1007 4218 1139 4312 Dipsurn
1163 4248 1375 4298 sacramentnm
1408 4245 1449 4311 tu,
1481 4241 1578 4312 humo,
1609 4239 1803 4306 sanctificeris,
1829 4254 1890 4294 oar·

140 4325 340 4382 necaiuilum
364 4325 480 4381 moltam
505 4325 657 4382 humorem
680 4326 811 4395 dimittit,
826 4327 866 4380 ita
884 4333 914 4381 et
926 4326 988 4398 ipse
1043 4345 1109 4384 nem
1129 4332 1191 4402 ejus
1215 4331 1391 4385 manducans
1417 4335 1445 4386 et
1468 4331 1601 4386 eumdem
1632 4329 1803 4402 sangninem
1828 4329 1891 4399 ejus

142 4414 314 4488 [inigenitus
340 4415 389 4472 lici
417 4415 453 4472 dc
482 4414 638 4471 tortissimo
665 4415 734 4486 igne
753 4414 875 4487 Spiritus
899 4414 988 4470 murti
1043 4416 1155 4475 bibens.
1179 4417 1250 4474 liant
1272 4435 1338 4474 cum
1359 4417 1400 4474 ibi
1415 4419 1545 4474 sacerdos
1560 4417 1686 4474 officium
1703 4433 1787 4474 suarm
1807 4433 1889 4473 caer·

140 4508 304 4576 concaptus,
319 4503 399 4560 etde
422 4503 581 4560 mstimims
596 4503 713 4577 Virgine
734 4509 828 4572 uatus,
853 4503 988 4559 sinantia
1042 4512 1088 4562 cet
1110 4505 1183 4562 eiciat
1213 4505 1255 4562 illi
1276 4507 1465 4562 constitutum
1489 4510 1541 4574 est,
1565 4505 1765 4563 secretissimis
1795 4505 1891 4561 verbis

140 4593 313 4665 contagione
338 4593 449 4665 peccati
471 4593 503 4650 iu
523 4609 645 4665 corpore
664 4609 716 4649 suo
736 4591 872 4650 substitit.
895 4593 928 4649 ut
948 4591 989 4650 ite
1041 4608 1088 4650 me
1117 4594 1264 4662 invocans,
1291 4601 1359 4652 tunc
1384 4595 1415 4651 in
1443 4594 1544 4652 cadem
1566 4599 1706 4669 potestate
1726 4593 1767 4651 ibi
1787 4595 1890 4650 adsum

141 4685 173 4736 ut
189 4682 273 4753 panis
290 4681 440 4738 homiuem
463 4681 565 4751 reiicit,
594 4681 635 4738 sic
659 4682 746 4737 etiem
761 4685 790 4736 et
816 4681 914 4738 fideles
932 4681 987 4738 ho·
1042 4687 1138 4755 quaet
1152 4681 1193 4737 ibi
1213 4682 1340 4752 ederem,
1366 4682 1417 4739 ubi
1440 4683 1610 4757 [inigenitus
1627 4699 1710 4740 meus
1732 4684 1794 4739 sine
1810 4683 1890 4739 sciri-

139 4768 232 4825 miuss
245 4783 298 4839 per
312 4768 446 4825 eumdem
467 4767 570 4826 Filium
598 4769 648 4827 liei
666 4770 698 4826 in
720 4768 777 4826 ilde
800 4769 988 4839 nutriuntur;
1041 4776 1132 4826 emate
1145 4770 1232 4826 ullius
1246 4772 1425 4843 contagionis
1439 4773 1604 4828 incarnatus
1620 4779 1672 4828 est.
1691 4771 1770 4829 liade
1786 4776 1815 4828 et
1828 4787 1891 4826 cor-

140 4858 209 4929 quia
236 4856 299 4928 ipsc
325 4855 500 4912 fortissimus
534 4855 643 4912 fructus
675 4864 730 4924 est,
763 4858 814 4930 qni
838 4872 988 4931 uunquam
1041 4859 1171 4932 pnsejus
1184 4860 1371 4932 purissimum
1387 4862 1630 4919 otsnuviesimnm
1645 4863 1677 4917 iu
1692 4859 1891 4918 omniseucti-

140 4942 263 5000 delicie.
288 4943 368 5001 Unde
392 4950 420 5001 et
438 4959 499 5012 vos,
527 4942 635 5010 tidelss,
662 4944 741 5001 hunc
771 4962 876 5018 penem
895 4961 989 5002 come·
1041 4951 1100 5004 tete
1113 4945 1185 5004 tuit:
1201 4948 1242 5003 ita
1254 4948 1330 5019 quud
1347 4962 1549 5005 nuuccarnern
1564 4953 1593 5006 et
1607 4949 1777 5022 sanguinem
1797 4947 1890 5021 ipsius

139 5031 251 5099 dentes,
266 5032 355 5088 bibite
370 5032 457 5089 etiam
468 5049 540 5105 pure
554 5033 824 5089 intentionevinnm
841 5035 895 5088 lroc
910 5035 986 5106 quod
1041 5033 1167 5091 fideliter
1189 5034 1386 5108 suscipientes,
1415 5042 1495 5092 ιιιιιι
1519 5036 1670 5094 dulcedine
1696 5037 1887 5105 vivificentur,

140 5121 222 5176 omni
244 5135 361 5192 prorsus
382 5120 466 5176 sorde
485 5127 573 5188 caret,
590 5128 619 5175 ιι
640 5121 717 5193 quod
733 5121 764 5177 in
779 5122 852 5176 hauc
870 5121 988 5179 inanem
1042 5124 1119 5196 quud
1135 5124 1248 5180 utillum
1272 5123 1438 5195 despectum
1459 5125 1625 5197 abjectionis
1639 5109 1794 5198 pa'tiantnr,
1815 5125 1889 5181 sicut

140 5212 322 5282 vagationem
342 5225 399 5265 nou
421 5209 509 5277 vadit,
537 5209 588 5265 ani
607 5211 753 5281 corruptio
773 5210 988 5269 immunditiem
1040 5219 1070 5267 ιι
1085 5213 1114 5267 in
1133 5213 1436 5270 monetaneum-um
1449 5217 1656 5287 scriptumest:
1677 5213 1890 5283 Qru'smiiidei

142 5297 314 5354 innocentie
323 5297 480 5354 absorbens
494 5313 557 5354 earn
573 5297 603 5353 in
617 5313 760 5354 varranum
773 5301 921 5355 ninvsrtit.
1041 5299 1198 5367 tesrnlrem
1206 5317 1300 5357 ιιιιιιιι
1308 5307 1455 5375 repentem
1469 5303 1559 5362 eumn
1570 5303 1672 5360 metris
1683 5320 1761 5376 rnen,
1772 5303 1889 5359 atinus

176 5383 248 5441 liam
269 5391 298 5442 et
319 5387 477 5442 secundum
500 5386 620 5443 modum
648 5386 730 5442 ilium
755 5385 866 5458 primus
897 5387 986 5443 homo
1039 5387 1890 5464 remissurnatdeoscutertsetjcmmanemocaptetur?

141 5473 268 5530 mundns
282 5473 337 5531 init
351 5474 467 5548 quaudo
488 5482 599 5531 creatus
612 5474 681 5540 iuit;
703 5475 843 5547 qnoniam
862 5473 893 5530 in
907 5476 987 5532 nulla
1041 5475 1136 5544 (Cant.
1148 5476 1307 5550 erra.)Quid
1321 5479 1393 5534 laoci
1403 5479 1530 5536 Gemitus
1545 5485 1574 5536 et
1588 5481 1701 5536 devotio
1719 5482 1748 5536 in
1763 5479 1888 5536 Ecclesia
