3984 6034
70 223 121 274 tes
729 221 871 277 sullies
888 253 921 262 -
937 221 1001 278 tte.
1024 223 1046 288 l,
1070 221 1161 278 VISIO
1184 222 1228 276 lv,
1771 228 1829 283 426

68 357 190 412 brorum
210 355 335 411 habens:
361 354 501 427 quoniam
528 355 590 425 ipse
624 370 677 409 nec
699 371 847 427 corporea,
871 372 923 411 noc
941 355 1096 428 equirens
1130 362 1227 412 utrum
1252 355 1334 410 utilia
1357 370 1394 410 an
1416 355 1539 424 inutilia,
1572 363 1669 415 utrum
1697 361 1832 417 amabilia

67 445 177 500 caduca
201 443 446 514 quemadmodum
466 459 571 513 corpus
592 443 717 498 hominis
741 450 793 510 est,
807 459 857 498 cer
871 445 921 498 ho·
978 461 1015 499 an
1031 443 1150 500 odibilia
1164 449 1240 510 eunt,
1258 444 1302 498 rel
1319 451 1415 500 utrum
1436 445 1471 500 ad
1491 445 1578 501 vitem
1594 464 1630 503 en
1649 448 1683 503 ad
1707 454 1830 505 mortens

67 532 156 586 minis
186 533 347 587 coufortat:
381 530 459 603 qnod
488 530 568 602 quasi
605 530 825 586 tundamentum
859 546 921 585 cor·
976 533 1149 604 pertineant.
1186 532 1265 587 Unde
1294 531 1366 586 sieut
1387 549 1450 586 esca
1482 533 1543 588 sine
1564 536 1622 590 sele
1644 536 1752 592 insulse
1776 543 1827 603 est,

68 621 149 693 poris
180 620 304 675 existens
331 624 424 674 totum
446 633 552 689 corpus
574 619 650 686 regit
678 625 708 673 et
728 621 807 674 vetut
825 619 923 675 ilrme-
977 621 1017 676 sic
1040 623 1125 676 etiam
1149 625 1258 676 creterrr
1282 620 1357 675 vires
1385 619 1487 676 enimse
1508 622 1570 676 eine
1594 623 1741 680 intellectu
1756 625 1827 680 insi·

70 715 203 764 mentum
227 708 292 764 coeli
311 707 451 762 interiora
473 707 603 763 continet
621 712 649 761 et
672 709 822 778 superiora
840 709 921 778 tegit,
977 710 1054 780 pidae
1066 715 1164 765 elnon
1181 710 1374 765 discernentes
1394 715 1461 764 srrut
1489 710 1543 766 Sed
1565 713 1666 784 etipse
1686 713 1715 768 in
1732 715 1828 770 anime

68 805 98 854 et
115 798 205 853 etiarn
228 797 380 853 cerebrum
402 794 529 851 hominis
554 796 654 867 tangit,
677 797 745 868 quia
766 796 796 851 in
815 797 923 851 viribus
980 803 1012 852 ut
1036 797 1152 870 scapula
1168 797 1196 852 in
1218 811 1349 867 corpore,
1377 797 1502 852 medulla
1524 797 1553 852 in
1575 800 1692 856 cerebro
1711 807 1827 856 caetera·

68 903 128 942 non
152 885 246 940 solum
266 889 393 951 terreno,
420 885 469 939 sed
492 883 579 939 etiem
602 883 832 956 coelestianos,
856 900 922 940 cum
976 900 1041 941 rum
1062 885 1166 940 virium
1190 885 1295 939 animer.
1317 885 1440 940 existens
1459 891 1488 941 et
1511 887 1589 942 velut
1612 888 1749 944 humerus
1769 906 1828 945 cor·

71 977 163 1030 mum
182 974 331 1044 sapienter
352 973 509 1043 cognoscit,
532 989 565 1027 ac
584 988 682 1044 seper
707 973 804 1028 omnia
831 989 922 1029 mem·
975 972 1054 1044 poris
1073 973 1165 1040 turbs,
1190 972 1369 1029 divinitatem
1402 973 1489 1028 etiem
1516 979 1544 1030 et
1570 975 1779 1033 humanitatem
1798 977 1828 1032 in

68 1064 121 1118 bra
144 1060 273 1116 hominis
297 1060 480 1128 transfundit,
504 1059 642 1132 quoniam
664 1059 791 1133 rigorem
811 1061 922 1116 medul·
977 1062 1036 1118 Deo
1060 1061 1224 1132 intelligens
1258 1062 1391 1134 qued-am
1424 1061 1539 1118 inllexic
1569 1063 1680 1120 brachii
1711 1071 1763 1134 est,
1788 1067 1829 1121 ita

69 1151 165 1204 larum
188 1165 223 1204 ac
252 1163 392 1204 renerum
418 1152 448 1202 et
477 1147 608 1202 omnium
640 1148 836 1204 membrorum
862 1153 922 1204 toto
977 1164 1094 1222 quoque
1118 1154 1226 1204 rectam
1247 1147 1335 1204 tidem
1354 1147 1385 1203 in
1407 1163 1495 1219 opere
1530 1165 1581 1205 suo
1600 1151 1726 1207 habens:
1751 1154 1828 1226 quod

69 1235 186 1308 corpori
211 1235 323 1302 tribuit,
347 1234 435 1289 reluti
458 1234 544 1288 arbor
568 1251 602 1289 ex
620 1251 671 1289 sna
692 1235 788 1291 radice
807 1250 922 1290 succum
977 1237 1065 1292 etiem
1096 1235 1212 1292 inflexio
1238 1253 1342 1292 manns
1367 1241 1420 1304 eet,
1450 1252 1516 1292 cum
1539 1253 1596 1310 qua
1617 1243 1686 1295 tunc
1716 1241 1827 1297 diversa

71 1332 99 1380 et
121 1324 296 1379 viriditatem
320 1322 558 1378 omnibnsramis
579 1323 718 1394 impartit.
746 1323 801 1378 Sed
819 1324 924 1380 deinde
977 1340 1066 1396 opera
1093 1324 1124 1379 in
1149 1325 1319 1380 discretione
1347 1325 1430 1397 quasi
1458 1341 1522 1380 cum
1549 1326 1645 1398 digitis
1673 1328 1825 1398 discernit;

71 1413 232 1468 formailla
257 1410 433 1466 homiuisde
456 1417 540 1465 uteru
557 1411 686 1466 mulieris
704 1411 758 1466 hoc
781 1412 867 1467 modo
883 1413 924 1467 ri·
977 1410 1039 1483 ipsa
1061 1419 1159 1468 autem
1184 1429 1242 1468 non
1266 1420 1403 1484 operatur
1426 1418 1456 1467 ut
1477 1420 1587 1470 emtores
1611 1415 1686 1471 vires
1708 1417 1822 1474 animur.

74 1501 187 1556 silicata
201 1500 352 1571 egrediens
364 1500 521 1554 secundum
540 1505 635 1554 motus
649 1515 722 1572 qnos
736 1500 798 1571 ipsa
811 1501 925 1572 sphaera
979 1499 1053 1565 Quid
1069 1500 1147 1556 hoc?

70 1591 100 1644 in
114 1590 218 1645 eadem
233 1589 326 1643 torma
341 1588 465 1643 hominis
476 1588 572 1656 habet,
590 1587 747 1643 secundum
758 1589 823 1644 illos
836 1589 924 1644 etiam
1016 1588 1150 1642 Voluntas
1164 1586 1241 1642 enim
1266 1604 1338 1659 opus
1359 1587 1488 1643 mletaoit
1509 1593 1536 1644 et
1555 1589 1670 1648 enimus
1689 1591 1758 1648 illud
1782 1609 1828 1648 su·

72 1683 100 1732 et
124 1676 253 1731 colorem
276 1689 360 1728 sunm
386 1678 495 1741 mutat;
518 1673 587 1744 quie
611 1679 764 1745 postquam
787 1675 875 1730 humo
895 1675 925 1730 in
944 1664 1062 1748 Bseipir
1080 1677 1198 1731 stratio
1229 1675 1368 1746 producit,
1395 1675 1555 1731 intellectus
1578 1682 1673 1733 autem
1693 1695 1767 1750 opus
1785 1681 1828 1736 in·

72 1772 207 1819 materno
234 1767 315 1816 utero
350 1762 466 1815 ritatem
496 1761 629 1831 spiritum
662 1760 803 1832 acceperit
826 1767 855 1816 et
885 1761 926 1817 ita
979 1764 1084 1835 telligit
1097 1763 1205 1819 benum
1223 1769 1252 1818 et
1266 1764 1374 1818 malum
1389 1765 1552 1831 ostendeus,
1570 1765 1648 1821 velut
1668 1767 1763 1837 angeli
1785 1766 1828 1821 in·

71 1859 157 1908 natus
180 1851 279 1917 irretit,
302 1855 328 1905 el
353 1856 448 1905 motus
469 1849 642 1920 operationis
665 1866 724 1904 enee
748 1849 860 1905 dederit
879 1866 925 1904 se-
978 1853 1124 1907 tellectum
1144 1852 1369 1907 habeuthonum
1386 1852 1539 1924 diligentes
1554 1859 1583 1908 et
1598 1855 1706 1909 malum
1722 1854 1827 1910 odien-

72 1941 201 1995 cundum
226 1955 315 2010 opera
344 1937 394 1992 illa
424 1954 488 2009 quse
512 1938 610 1992 anima
633 1953 698 1992 eum
720 1952 924 2010 corporoope·
978 1944 1031 1994 tes.
1054 1939 1091 1993 Et
1110 1944 1141 1992 ut
1164 1953 1269 2010 corpus
1298 1938 1386 1992 habet
1407 1954 1468 2008 cor,
1492 1938 1533 1994 ite
1557 1943 1585 1994 et
1604 1939 1699 1996 anima
1720 1939 1829 1995 intelle·

72 2031 164 2096 ratn‘r,
200 2028 359 2082 secundum
394 2026 455 2080 hec
494 2026 582 2080 etiam
623 2032 652 2080 et
693 2027 796 2081 merita
833 2027 924 2098 ipsios
978 2030 1133 2099 ctum,qui
1148 2027 1235 2082 etiam
1256 2025 1633 2098 inilleparteanimoerim
1649 2043 1730 2083 suam
1747 2043 1828 2084 exer·

71 2118 200 2173 existunt
221 2115 361 2187 quoniam
383 2115 420 2169 de
451 2113 535 2168 bunis
560 2113 718 2170 claritatem
738 2116 815 2172 etde
841 2115 925 2180 malis
978 2119 1035 2182 cet,
1071 2116 1145 2170 sicut
1170 2121 1199 2168 et
1233 2116 1366 2170 voluntas
1394 2115 1425 2170 in
1455 2115 1554 2170 altere.
1585 2116 1755 2182 Quomodo?
1774 2117 1827 2171 Vo-

72 2205 311 2260 tenehrositatem
326 2202 382 2257 sihi
393 2201 499 2264 induit.
978 2203 1074 2257 luntas
1097 2201 1173 2258 onim
1190 2218 1324 2274 magnam
1347 2201 1405 2256 rim
1424 2203 1528 2258 anime
1543 2202 1639 2260 hebet.
1658 2204 1828 2269 Quomodo?

106 2296 173 2365 lpse
187 2308 305 2364 quoque
327 2291 485 2345 secundum
506 2290 580 2344 sires
603 2292 739 2363 corporis,
762 2291 836 2348 vires
858 2309 925 2347 suas
978 2290 1153 2346 animaene
1175 2291 1205 2346 in
1228 2291 1336 2362 angulo
1356 2293 1469 2360 domus,
1486 2291 1572 2348 idest
1594 2292 1623 2348 in
1645 2294 1827 2350 firmamento

72 2382 212 2449 ostendit,
224 2382 264 2436 ita
279 2383 356 2453 quod
377 2380 408 2434 in
423 2379 544 2434 intentio
566 2380 691 2435 hominis
711 2380 924 2452 simplicitatem
978 2378 1071 2434 cordis
1092 2380 1169 2434 reiut
1191 2379 1295 2451 aliquis
1318 2379 1405 2434 bomo
1428 2379 1458 2434 in
1482 2379 1580 2452 aliquo
1603 2382 1710 2451 angulo
1726 2381 1828 2438 domus

71 2469 196 2540 profert,
217 2476 247 2524 et
269 2468 299 2523 iu
326 2470 476 2538 juventute
497 2466 713 2534 tortitudinem
741 2473 771 2522 at
792 2468 925 2538 inplens
978 2481 1038 2521 suae
1063 2471 1094 2522 ιιι
1123 2471 1213 2522 totam
1244 2467 1363 2522 domum
1391 2466 1577 2540 perspiciens,
1600 2467 1698 2523 omnia
1722 2469 1827 2526 instru-

72 2565 159 2615 relate
181 2572 247 2613 cum
271 2573 371 2612 omues
395 2571 475 2610 rena.
497 2555 624 2609 hominis
646 2557 739 2626 plenas
762 2561 839 2622 sunt,
862 2556 924 2611 lor·
980 2561 1078 2610 menta
1095 2555 1198 2610 domus
1221 2561 1313 2625 reget,
1338 2555 1469 2610 dextrum
1495 2555 1646 2612 brachium
1670 2557 1768 2612 levans
1786 2558 1829 2612 si-

73 2646 200 2701 tissimas
213 2645 288 2698 vires
309 2659 376 2698 suas
390 2643 420 2697 in
434 2641 581 2713 sapientia
598 2642 732 2711 declaret,
748 2642 823 2698 sicut
836 2643 924 2698 etiam
979 2643 1095 2715 gnendo
1112 2649 1141 2698 et
1160 2642 1336 2698 ostendendo
1358 2658 1481 2716 queque
1496 2644 1579 2698 utilia
1598 2643 1702 2699 domus
1724 2648 1827 2700 suaset

74 2734 168 2805 arbor,
183 2733 213 2787 in
233 2733 328 2804 primo
350 2729 482 2802 germino
504 2736 604 2785 tenere
618 2731 742 2786 existens
763 2747 797 2786 ac
819 2731 924 2787 deinde
980 2748 1012 2787 se
1033 2733 1068 2788 ed
1093 2731 1234 2788 ementem
1248 2737 1372 2787 vertens.
1398 2731 1443 2786 Sic
1458 2736 1486 2787 et
1504 2732 1602 2787 anima
1616 2732 1684 2787 tacit
1698 2747 1749 2803 per
1763 2732 1828 2804 pla-

72 2824 200 2878 tructnm
223 2820 303 2875 inse
324 2819 489 2886 ostendens,
512 2819 629 2874 undem
655 2835 721 2874 eum
744 2820 925 2890 plenitudine
979 2825 1040 2875 teas
1062 2820 1148 2874 totius
1163 2820 1300 2892 corporis,
1322 2819 1358 2875 ad
1380 2824 1476 2875 ortum
1495 2819 1562 2874 solis
1576 2819 1750 2891 respiciens;
1767 2819 1829 2890 ipsu

73 2909 207 2966 utilitatis
222 2907 332 2976 edocit,
347 2907 397 2962 sed
421 2913 450 2962 et
470 2913 570 2978 postea
590 2905 620 2962 in
636 2913 782 2963 senectute
798 2907 926 2964 hominis
943 2949 965 3004 C
981 2905 1059 2960 enim
1076 2905 1253 2962 voluntatem
1269 2907 1350 2978 quasi
1372 2906 1504 2962 dextrum
1525 2905 1676 2962 brachium
1694 2906 1777 2977 ponit
1797 2906 1828 2962 in

73 3017 138 3055 cnm
155 2999 282 3053 medulla
296 3003 325 3051 et
347 3011 427 3050 renae
450 2995 541 3066 ipsius
559 2997 619 3066 jam
642 2997 678 3050 ad
697 2996 877 3052 debilitatem
893 3013 924 3052 se
979 2994 1195 3050 lirmamentum
1222 3010 1362 3050 renerum
1384 2999 1414 3050 et
1438 2994 1629 3050 medullarum
1651 3009 1682 3050 uc
1701 2994 1732 3050 in
1754 3011 1829 3050 com·

75 3089 228 3143 incurvare
251 3085 397 3157 ooeperint,
428 3083 525 3139 anime
549 3085 670 3143 leviores
693 3086 768 3140 riree
794 3086 872 3140 vetut
895 3087 925 3140 ιιι
980 3081 1138 3137 mulionem
1163 3081 1252 3138 totius
1272 3082 1410 3154 eorporis,
1435 3082 1573 3154 quoniam
1589 3083 1721 3139 voluntas
1736 3083 1827 3154 quod-

75 3175 164 3230 tedio
184 3173 311 3229 scientiae
331 3173 457 3228 hominis
480 3172 620 3228 ostendit:
645 3173 887 3244 quemadmodum
898 3179 927 3229 et
979 3187 1094 3238 cunone
1117 3186 1190 3242 opus
1213 3171 1271 3226 sire
1285 3171 1396 3227 bonum
1413 3170 1471 3226 sire
1490 3172 1598 3226 malum
1622 3160 1658 3226 sit
1680 3175 1826 3243 operetur.

74 3280 175 3318 suecos
195 3262 306 3317 arboris
328 3276 393 3316 cem
416 3261 476 3332 jem
500 3261 624 3316 hiemale
647 3261 874 3332 tempusinstat.
895 3279 925 3317 se
980 3256 1053 3312 Nam
1076 3257 1207 3313 voluntas
1228 3263 1270 3314 est
1298 3258 1377 3314 velut
1399 3259 1475 3330 ignis
1506 3259 1732 3331 unumquodque
1756 3275 1829 3331 opus

74 3350 252 3405 inremiset
271 3347 345 3404 loliis
363 3349 423 3403 suis
444 3349 600 3418 contrahit,
621 3354 650 3403 et
672 3349 816 3404 uteedem
842 3351 927 3405 arbor
980 3345 1107 3424 quasiin
1134 3346 1249 3401 fornace
1281 3346 1524 3418 sequebamur
1548 3347 1627 3403 enim
1648 3347 1684 3404 ad
1707 3349 1826 3404 hocco-

74 3438 103 3494 iu
119 3443 269 3494 senectute
285 3453 336 3492 sua
355 3438 415 3508 jam
438 3437 582 3492 incurvari
598 3437 708 3508 incipit.
722 3439 814 3493 Ηοιιιο
830 3445 925 3495 autem
979 3433 1080 3506 quitur
1100 3439 1131 3488 ut
1153 3435 1285 3491 homines
1311 3435 1413 3491 exinde
1434 3436 1508 3508 pasti
1524 3436 1734 3504 confortentur,
1755 3451 1824 3508 qua·

73 3533 133 3583 tres
148 3525 308 3606 semitasin
323 3525 463 3581 sehabet.
478 3525 553 3590 Quid
569 3526 644 3580 hoc?
663 3526 808 3595 Animam,
824 3532 927 3599 corpus
979 3526 1064 3578 tenus
1095 3523 1189 3578 vivere
1214 3523 1334 3595 possint.
1360 3523 1407 3579 Sic
1421 3529 1449 3580 et
1476 3524 1608 3580 veluntas
1631 3523 1717 3580 totius
1733 3525 1829 3595 operis

75 3621 104 3671 et
117 3631 235 3683 sensus3
252 3615 281 3668 in
305 3614 349 3669 his
364 3615 422 3670 rita
437 3614 564 3670 hominis
582 3621 739 3671 exercetur.
760 3614 926 3679 Quomodo?
979 3608 1117 3665 tortitudo
1148 3615 1200 3678 est,
1229 3611 1298 3682 quia
1321 3611 1433 3681 ipsein
1462 3611 1632 3682 deceptione
1653 3612 1737 3668 molit
1755 3611 1828 3669 etin

75 3705 181 3759 Anima
204 3719 307 3775 corpus
330 3703 456 3758 viviticat
481 3709 510 3758 et
524 3719 624 3758 sensus
639 3703 744 3772 spirat;
759 3719 864 3774 corpus
877 3719 928 3758 au·
980 3698 1082 3752 robore
1104 3698 1281 3754 termentum
1306 3698 1439 3770 imponit,
1461 3715 1492 3754 ac
1511 3699 1540 3754 in
1554 3699 1662 3756 duritia
1678 3699 1786 3767 tundit;
1800 3705 1830 3756 et

74 3799 134 3848 tcm
163 3791 292 3846 animam
313 3790 367 3846 sihi
388 3791 507 3847 attrahit
531 3797 560 3846 et
578 3806 678 3845 sensus
696 3789 806 3862 aperit:
828 3807 927 3846 sensus
980 3785 1022 3840 ite
1042 3801 1115 3857 opus
1137 3802 1221 3841 snum
1246 3789 1322 3842 velut
1343 3803 1448 3858 paoem
1469 3785 1500 3841 in
1524 3787 1756 3843 consideratione
1778 3803 1828 3858 pa·

76 3896 145 3936 vero
167 3879 295 3934 animam
319 3883 445 3951 tangunt
474 3883 502 3933 et
526 3893 632 3950 corpus
661 3877 801 3934 alliciunt.
824 3878 928 3934 Animo
982 3887 1058 3942 rans,
1080 3872 1152 3929 illud
1181 3875 1267 3946 pleno
1297 3889 1384 3945 opere
1405 3874 1515 3930 ardoris
1539 3875 1584 3929 sni
1605 3875 1829 3946 inperfectione

76 3969 156 4024 enirn
170 3967 285 4039 corpori
297 3968 386 4022 eitam
401 3966 521 4039 prebet,
535 3966 613 4022 velut
628 3966 704 4038 ignis
730 3968 830 4022 lumen
844 3973 926 4023 teue-
980 3961 1088 4032 coquit,
1105 3966 1191 4034 atque
1207 3963 1260 4018 hoe
1285 3963 1370 4018 ruodo
1387 3965 1526 4034 majorem
1545 3963 1642 4020 cibum
1663 3964 1830 4020 hominibus

75 4057 135 4114 bris
155 4056 298 4112 infundit:
326 4056 398 4111 duas
420 4055 595 4127 principales
614 4054 689 4110 vires
709 4055 817 4110 scilicet
837 4056 927 4111 intel·
980 4049 1115 4122 inopere
1137 4067 1223 4124 quem
1245 4051 1275 4106 in
1295 4067 1369 4124 pene
1389 4050 1469 4108 lecit:
1490 4067 1558 4107 narn
1573 4068 1636 4108 esce
1650 4053 1776 4109 hominis
1789 4053 1831 4110 in·

74 4147 185 4202 lectum
199 4150 228 4199 et
242 4145 417 4200 voluntatem
433 4143 511 4198 velut
525 4143 583 4198 dno
605 4141 720 4198 brachia
733 4141 852 4209 habens,
867 4159 927 4198 non
979 4139 1094 4194 tendum
1119 4137 1149 4193 in
1168 4153 1202 4194 eo
1226 4144 1333 4194 cessat:
1354 4153 1427 4210 opus
1452 4145 1550 4195 autem
1574 4140 1727 4197 voluntatis
1747 4140 1778 4196 in
1795 4157 1830 4198 ec

76 4235 155 4304 quod
174 4232 271 4287 anime
292 4229 410 4286 brachia
430 4229 466 4285 ad
490 4245 521 4284 se
546 4229 721 4284 movendam
739 4229 852 4295 hebeat,
877 4230 927 4286 sed
945 4242 1073 4298 pesque
1089 4227 1125 4283 ad
1148 4227 1361 4298 separationem
1378 4228 1481 4284 enimae
1495 4227 1587 4300 ipsius
1603 4244 1751 4302 acorpore
1765 4245 1831 4303 per·

77 4320 156 4394 qnod
178 4320 211 4374 in
241 4320 286 4374 his
313 4318 422 4373 viribus
447 4334 478 4373 se
508 4316 682 4385 manifestat,
708 4317 786 4373 velut
810 4319 852 4373 sol
875 4334 927 4390 per
980 4315 1074 4380 durat,
1093 4321 1121 4371 et
1141 4315 1172 4370 in
1190 4331 1249 4388 qua
1272 4332 1377 4388 magna
1409 4315 1571 4373 diversitate
1587 4333 1660 4388 opus
1682 4317 1728 4387 sit,
1751 4319 1831 4374 scili·

76 4408 262 4482 splendorem
278 4423 362 4464 snam
378 4422 409 4462 se
432 4407 567 4462 declarat.
585 4405 675 4475 Unde,
692 4407 824 4476 chamo,
840 4423 928 4479 quem
981 4408 1026 4459 cet
1047 4403 1082 4459 ab
1104 4403 1237 4472 mantia,
1261 4420 1279 4460 a
1301 4406 1463 4476 juventute,
1486 4406 1605 4477 aplena
1623 4409 1718 4473 relate,
1743 4421 1762 4460 a
1784 4407 1831 4462 de·

76 4512 136 4551 non
152 4499 252 4565 gravat
270 4495 383 4549 sarcina
403 4493 605 4556 medullarum,
626 4493 657 4548 in
671 4493 791 4550 scientia
805 4497 930 4568 Scriptu-
981 4492 1091 4562 crepita
1120 4491 1336 4562 incurvatione;
1371 4492 1401 4547 in
1425 4493 1572 4548 voluntate
1602 4497 1699 4549 umen
1722 4494 1832 4550 incedit

75 4599 178 4640 rarum
188 4581 314 4638 attende.
338 4583 502 4638 intellectus
515 4583 556 4637 ita
571 4581 829 4652 fixusestanimee,
850 4585 930 4640 relut
982 4585 1012 4634 et
1037 4578 1067 4634 in
1091 4595 1125 4634 ea
1152 4579 1359 4652 perfectionem
1380 4597 1463 4636 suam
1492 4580 1680 4636 demonstret.
1701 4579 1756 4637 Sed
1779 4597 1831 4636 ro·

75 4671 229 4728 brachium
260 4669 383 4742 corpori.
419 4672 490 4726 Nam
513 4676 545 4727 ut
564 4670 712 4727 brachium
742 4671 790 4728 cui
810 4688 928 4728 manum
981 4668 1078 4723 luntas
1097 4668 1184 4724 hebet
1198 4668 1228 4725 in
1252 4669 1411 4741 praecordio
1424 4669 1551 4726 hominis
1572 4668 1719 4740 quoddam
1733 4668 1829 4725 teber-

75 4777 144 4817 oom
166 4759 266 4830 digitis
294 4759 430 4831 adjuncta
450 4765 525 4814 aeta
549 4775 670 4830 corpore
693 4759 867 4831 extenditur,
891 4760 930 4816 ita
982 4754 1118 4810 naculum
1143 4755 1276 4812 videlicet
1298 4755 1439 4825 animum,
1469 4772 1556 4830 quem
1574 4761 1603 4810 et
1621 4755 1782 4811 intellectus
1803 4760 1832 4811 et

76 4850 167 4906 etiam
182 4847 345 4903 intellectus
360 4863 426 4903 cam
444 4847 612 4919 operatione
632 4853 802 4905 ceterarum
824 4848 929 4906 virium
981 4843 1046 4916 ipsa
1059 4845 1192 4900 voluntas
1209 4861 1243 4899 ac
1257 4861 1379 4917 queque
1401 4846 1442 4902 vis
1466 4845 1569 4901 animes
1590 4859 1642 4900 sua
1663 4844 1831 4902 tortitudine

75 4939 184 4994 enimse
198 4951 264 4991 cnm
281 4934 385 5008 quibus
399 4950 522 5006 quaeque
536 4950 624 5008 opera
644 4936 769 4992 bominis
784 4937 928 5009 intelligit,
983 4930 1094 5000 afflant,
1122 4934 1152 4986 et
1177 4932 1223 4986 hee
1247 4948 1349 4987 omnes
1370 4932 1401 4986 in
1425 4931 1526 4988 euclem
1548 4932 1733 4988 tabernaculo
1754 4935 1831 4989 cale·

76 5042 112 5082 ex
130 5023 229 5080 anima
253 5021 412 5078 certissime
425 5021 579 5094 prodiens:
599 5023 662 5094 ipse
681 5023 759 5078 enim
776 5035 841 5096 pre
863 5024 929 5079 aliis
983 5021 1058 5077 liunt
1084 5025 1112 5076 et
1140 5037 1170 5075 se
1192 5019 1315 5076 invicem
1344 5019 1534 5092 conjungunt.
1550 5021 1723 5086 Quomodo?
1741 5021 1770 5078 Si
1788 5023 1832 5078 ira

75 5113 189 5170 viribus
212 5112 318 5168 anime
342 5111 485 5183 quidquid
507 5111 537 5166 in
561 5111 696 5184 operibus
717 5111 870 5167 hominum
885 5116 929 5168 eat
983 5109 1150 5177 surrexerit,
1168 5107 1208 5164 fel
1232 5109 1349 5164 inlletur
1373 5110 1463 5164 etita
1485 5109 1599 5165 fumum
1623 5109 1830 5166 intebernaeu·

77 5203 138 5259 sire
157 5202 279 5267 bonnm,
299 5199 360 5255 sire
376 5200 488 5255 nuum
512 5199 548 5255 sit
563 5199 716 5272 intelligit,
730 5200 772 5255 ita
786 5200 865 5273 quod
878 5217 932 5272 per
983 5197 1045 5252 lum
1063 5197 1197 5252 emittens
1215 5196 1288 5252 iram
1303 5195 1425 5267 perlicit.
1450 5196 1530 5262 Quod
1554 5195 1577 5252 si
1592 5197 1687 5269 turpis
1707 5197 1832 5255 delecte·

77 5307 147 5348 eum
160 5289 241 5346 velut
254 5305 306 5361 per
328 5288 499 5361 magistrum
514 5287 613 5344 omnia
629 5288 842 5360 intelliguntur,
859 5305 930 5361 quo·
983 5285 1026 5342 tio
1046 5301 1076 5341 se
1099 5285 1229 5354 erexerit,
1254 5285 1420 5342 incendium
1444 5284 1572 5342 libidinis
1593 5285 1624 5341 in
1645 5287 1767 5343 materia
1781 5303 1833 5344 sua

77 5381 159 5437 niam
182 5378 247 5451 ipse
271 5377 371 5432 anima
403 5377 460 5432 hoc
477 5377 563 5432 modo
587 5376 686 5433 omnia
707 5376 833 5445 discutit,
859 5377 933 5433 sicut
984 5373 1146 5444 suscitatur,
1169 5381 1198 5432 et
1223 5373 1382 5448 petulantia
1396 5374 1446 5430 illa
1468 5389 1534 5448 quse
1554 5375 1591 5432 ad
1604 5381 1754 5448 peccatum
1768 5392 1834 5449 per·

79 5475 109 5528 et
130 5467 259 5526 triticum
280 5466 317 5522 ab
340 5464 421 5521 omni
441 5465 641 5522 mouerietete
655 5470 847 5540 expurgatum
864 5480 931 5539 per·
983 5464 1059 5522 tinet
1083 5463 1232 5534 attollitur,
1255 5479 1289 5522 ec
1315 5461 1346 5520 in
1368 5463 1471 5522 eodem
1495 5463 1679 5522 tabernaculo
1691 5466 1833 5526 madum·

262 5565 406 5636 Persou.
429 5563 573 5634 CXCVII.
1639 5571 1680 5632 ll
