3984 6034
143 160 196 216 375
866 158 895 214 S.
916 157 1166 215 attumulatus.
1842 154 1899 208 376

143 288 271 356 inerunt,
287 303 353 359 quse
371 292 470 344 umen
497 288 596 344 multis
623 288 756 359 lacrymis
783 288 936 345 abluerunt
957 288 988 344 in
1007 288 1137 360 ltprima
1168 304 1219 344 vox
1245 302 1310 359 quse
1332 301 1384 342 vos
1404 285 1440 342 ed
1470 286 1584 342 laudem
1617 283 1667 340 liei
1697 285 1898 356 congregarit,

143 376 308 449 aspersione
329 375 478 447 sanguinis
501 375 607 433 Christi
628 378 705 431 lesu.
729 378 800 432 Nam
823 393 889 432 cum
903 378 991 433 homo
1044 377 1130 432 iaciat
1144 393 1194 432 vos
1208 377 1239 432 in
1253 374 1346 431 radice
1360 374 1429 431 boni
1444 374 1518 430 sicut
1535 373 1654 446 primos,
1679 373 1730 445 qui
1744 373 1774 428 iu
1798 373 1898 445 parie-

144 465 248 520 iutam
265 465 380 536 magnis
403 465 528 536 peccatis
547 464 665 537 jaceret,
687 464 765 535 quod
786 481 816 520 se
830 466 866 521 dc
887 463 991 520 illisin
1044 465 1120 521 tibus
1135 465 1236 539 templi
1249 461 1406 520 consecrati
1427 469 1505 519 sunt.
1529 464 1585 519 Sed
1601 468 1643 530 tu,
1664 480 1682 517 o
1706 478 1799 528 mons,
1825 461 1901 517 audi

144 554 224 608 nulla
245 553 389 608 viriditate
410 570 463 624 per
485 553 611 625 seipsum
642 553 753 624 erigere
775 555 892 622 valeret,
921 552 993 608 dixit
1045 553 1075 608 in
1089 552 1284 609 admonitione
1302 551 1361 620 Dei,
1375 554 1450 607 Deus
1465 556 1493 605 ts
1512 549 1747 606 constituitsicut
1761 553 1897 604 montem

144 644 219 699 Deus
234 658 242 696 a
256 643 324 698 Volo
342 642 490 698 hominem
514 659 566 714 per
589 643 793 712 memetipsum
814 642 937 714 erigere,
959 658 993 697 ac
1046 641 1123 699 Sinai
1160 642 1196 698 ad
1231 641 1449 696 sacriticaudum
1469 640 1495 694 ai
1527 639 1651 695 hostiam
1681 637 1785 693 laudis.
1813 639 1901 693 Nunc

144 729 240 785 denuo
263 731 293 784 in
324 729 478 785 viscoribus
500 730 704 786 misericordiae
732 731 872 802 plantare,
898 730 993 785 itaut
1046 737 1141 787 autem
1163 732 1199 787 ad
1232 732 1323 786 Deum
1347 738 1522 796 cerviculam,
1547 735 1575 784 et
1603 733 1664 784 esto
1690 726 1899 783 caudelabrum

143 819 176 873 in
189 818 305 890 speculo
330 819 519 873 confessionis
542 818 676 886 resideat,
702 819 753 890 qui
770 834 800 872 se
815 820 851 874 de
876 818 991 874 visceri·
1047 819 1143 891 Regis,
1157 819 1284 891 itaquod
1302 835 1359 873 nou
1378 819 1529 873 erubescas
1550 815 1695 888 inprime
1719 814 1813 870 radice
1834 819 1901 880 tua,

143 906 198 962 bus
212 906 318 962 diaboli
333 922 385 977 per
401 906 528 977 seipsum
542 906 654 977 eripere
675 921 735 961 non
750 906 852 977 potuit.
868 906 921 962 Sed
938 922 992 978 ego
1047 907 1119 964 sicut
1134 909 1249 964 dextera
1263 907 1314 962 Dei
1327 910 1355 961 te
1369 904 1519 978 plantavit.

145 995 331 1066 paupercula,
351 995 483 1066 quamvis
500 995 591 1050 multa
604 994 727 1049 crivnina
740 994 770 1048 in
791 994 836 1049 his
854 993 993 1063 viderem,
1269 973 1279 990 ⁰
1318 1029 1487 1087 EPISTULA
1512 1029 1613 1086 mm

145 1083 310 1154 superbiam
328 1084 470 1139 tamenin
491 1083 533 1138 eis
561 1099 619 1138 non
644 1083 712 1150 vidi,
728 1099 793 1154 quse
815 1098 866 1154 per
890 1086 994 1138 conlu-
1618 1072 1623 1083 '

146 1171 269 1227 muciam
307 1172 337 1226 in
368 1171 448 1241 jactu
478 1171 607 1243 lapidum
633 1177 795 1242 peccam
825 1169 992 1226 contemnit·
1048 1153 1245 1194 nouacuoauu
1284 1154 1306 1193 s.
1345 1153 1481 1194 aucnsau
1512 1150 1702 1192 raavvasrvsrs
1734 1151 1770 1190 an
1797 1149 1902 1190 arcuc-

146 1259 201 1316 Sed
216 1260 269 1315 sub
293 1259 414 1331 pedibus
438 1260 560 1314 istorum
583 1258 669 1314 aliam
695 1259 808 1314 turbam
842 1258 993 1315 homiuum
1407 1241 1541 1282 mm·

147 1348 291 1417 conspexi,
326 1348 445 1403 candida
474 1346 550 1403 nube
581 1347 781 1411 circumdatos,
803 1354 832 1402 et
859 1347 994 1418 pulchras
1084 1332 1296 1392 Mmfflfflm
1309 1331 1400 1406 iii-⁸5⁸8
1414 1331 1541 1390 “immid
1554 1330 1861 1388 Mlssffdefflmnl·

146 1435 384 1490 iacieshabentes
403 1453 435 1490 ac
450 1434 479 1490 in
504 1435 607 1490 curium
622 1435 814 1507 aspicientes:
834 1436 883 1506 qui
897 1440 994 1489 umen
1087 1441 1262 1495 ilicosuaunr
1295 1438 1398 1510 Sponsi
1428 1437 1551 1492 coelestis
1581 1435 1760 1507 emptoribus
1788 1432 1906 1505 jugiter

148 1524 338 1594 petulantiam
361 1539 427 1579 cum
460 1523 643 1579 suscitatione
673 1525 829 1579 multarum
857 1524 996 1578 inutilita-
1050 1529 1213 1594 inhaerenti,
1233 1542 1345 1582 necnon
1368 1526 1503 1582 omnibus
1525 1541 1622 1580 secum
1641 1524 1672 1579 in
1699 1523 1810 1580 Christo
1829 1538 1904 1577 con-

148 1618 221 1677 tum,
237 1611 310 1667 sicul
330 1613 451 1685 pingeres
474 1613 550 1667 tauri
573 1612 719 1668 interdum
733 1613 876 1680 adierunt,
898 1613 938 1667 ita
962 1616 997 1667 ut
1016 1590 1240 1684 Bversentibue‚
1258 1614 1382 1672 coenobii
1401 1615 1429 1670 S.
1455 1613 1584 1670 Eucherii
1604 1611 1779 1668 trevirensis
1803 1610 1907 1666 omnis

147 1714 213 1752 cum
234 1700 339 1755 coctum
360 1701 531 1772 aspicerent,
555 1715 639 1763 meus
661 1715 728 1754 suos
751 1699 930 1755 intendentes
954 1716 998 1754 sa·
1050 1709 1215 1770 conventus,
1231 1704 1261 1759 id
1275 1719 1333 1775 quo
1348 1704 1421 1759 nibil
1437 1708 1479 1758 ast
1494 1701 1607 1758 melius.

148 1787 234 1857 giltas
264 1795 365 1843 contra
395 1789 500 1844 coelum
539 1788 709 1854 emiserunt,
743 1794 829 1860 atque
853 1788 997 1860 plumbeis
1085 1791 1254 1863 Quicunque
1285 1795 1462 1845 voluntatem
1492 1788 1583 1843 Patris
1611 1787 1662 1859 qui
1692 1787 1723 1842 in
1746 1786 1825 1842 coelis
1857 1790 1906 1840 est

148 1875 272 1930 fustibus
290 1883 389 1931 contra
411 1878 515 1932 coelum
538 1881 750 1948 percusserunt,
776 1884 805 1932 et
831 1878 872 1931 sic
896 1894 999 1948 posue-
1050 1879 1144 1934 facere
1176 1881 1327 1944 conantur,
1362 1876 1417 1948 ipsi
1444 1876 1557 1943 iratres,
1591 1890 1702 1929 sorores
1733 1881 1762 1929 et
1792 1880 1904 1929 matres

150 1970 220 2019 runt
234 1964 264 2018 iu
287 1965 390 2020 coslum
418 1981 450 2019 os
472 1981 557 2019 svium
579 1970 608 2018 et
622 1965 723 2035 lingua
745 1980 848 2020 eorum
865 1966 999 2022 transivit
1054 1964 1463 2036 bomiuivocuulu1·(Mutld.
1489 1967 1559 2032 χιιι).
1576 1962 1712 2034 Quisquis
1737 1977 1805 2017 vero
1827 1961 1904 2016 alios

150 2052 180 2107 iu
209 2059 296 2108 terra.
332 2054 412 2108 Unda
444 2053 573 2108 tonitrua
603 2068 691 2124 super
715 2069 764 2108 eos
795 2060 947 2123 venerunt,
969 2062 1000 2110 et
1052 2056 1259 2111 commonendo
1297 2053 1379 2125 quasi
1397 2051 1528 2108 lactando
1550 2051 1582 2106 iu
1603 2051 1706 2106 melius
1734 2050 1905 2123 pertrahere

150 2138 306 2209 grandines
330 2154 418 2210 super
438 2155 487 2193 eos
510 2139 684 2206 ceciderunt,
713 2144 800 2209 atque
827 2141 926 2196 multae
947 2157 998 2196 ue·
1052 2143 1205 2210 studuerit,
1221 2142 1267 2198 hic
1288 2141 1458 2213 dignitatem
1487 2139 1587 2196 matris
1611 2139 1771 2212 specialiter
1792 2137 1907 2194 obtine·

150 2226 226 2281 butu
247 2243 298 2283 eos
320 2227 501 2283 obtexerunt.
523 2229 558 2283 iit
583 2228 804 2284 murmurabant
837 2245 927 2301 quare
947 2231 1000 2286 hu·
1052 2231 1103 2289 bil.
1121 2231 1201 2287 Unde
1223 2246 1282 2285 non
1305 2229 1451 2286 immerito
1471 2231 1499 2284 le
1520 2244 1581 2300 prus
1600 2227 1711 2283 culeus
1731 2227 1811 2283 velut
1835 2243 1904 2282 mu-

148 2314 275 2386 jusmodi
299 2318 448 2387 squalores
472 2332 522 2371 eos
542 2317 584 2371 ita
605 2315 863 2373 circumvallarent
887 2319 920 2374 Et
933 2335 999 2390 gra-
1053 2325 1128 2375 trem
1150 2319 1181 2374 in
1196 2318 1320 2374 Domino
1341 2332 1520 2383 veneramur,
1541 2316 1624 2387 cujus
1647 2314 1853 2371 consolationis
1875 2319 1906 2370 st

151 2403 192 2457 tia
208 2402 258 2458 liei
270 2402 327 2459 illis
342 2404 381 2458 sic
393 2403 564 2475 respondit:
580 2404 623 2460 sd
638 2420 773 2476 magnam
792 2405 1000 2462 beatitudinem
1053 2407 1222 2464 eruditionis
1236 2406 1374 2464 uberibus
1394 2407 1424 2460 in
1437 2404 1548 2460 intimis
1571 2403 1724 2459 altluenter
1743 2403 1904 2458 reticimur.

151 2508 202 2548 vos
229 2492 355 2565 collegi:
376 2493 426 2548 sed
447 2493 478 2548 iu
503 2493 666 2549 temeritate
690 2499 785 2550 vestra
807 2511 854 2551 me
876 2495 1000 2566 abjicitis
1054 2499 1152 2567 ipsum
1170 2510 1284 2568 quoque
1311 2495 1361 2567 qui
1386 2493 1455 2549 iacit
1469 2492 1613 2548 mirabilia
1636 2506 1741 2563 magna
1764 2493 1842 2546 solus
1855 2497 1904 2546 te-

152 2597 218 2636 cum
232 2580 334 2648 dicitis,
350 2582 415 2655 quis
443 2583 478 2638 ad
502 2597 549 2637 vos
568 2583 732 2654 perlingere
755 2585 856 2656 possit,
871 2591 922 2640 aut
934 2585 1000 2658 quis
1053 2599 1121 2644 curu,
1139 2583 1367 2655 magnificamus.
1392 2581 1445 2647 Qui
1460 2583 1523 2637 hacc
1548 2597 1565 2636 a
1581 2581 1759 2652 sapientibus
1778 2584 1807 2635 el
1829 2595 1905 2650 pru-

152 2685 247 2726 sermo
264 2687 316 2725 vos
335 2671 439 2736 vincat,
469 2677 521 2726 aut
534 2672 585 2744 qui
612 2673 709 2741 colles,
737 2679 789 2728 aut
810 2689 875 2746 quae
900 2674 1000 2746 lingua
1055 2672 1190 2728 dentibus
1214 2673 1352 2726 hactenus
1376 2669 1535 2737 abscondit,
1565 2685 1630 2741 quae
1653 2669 1824 2725 mirabiliter
1845 2669 1906 2723 die-

152 2774 202 2813 vos
221 2765 372 2830 percutere
397 2759 529 2816 valeant?
544 2760 723 2816 Sicutetiam
737 2761 791 2816 tilii
806 2762 892 2817 israel
909 2763 999 2818 Deum
1054 2763 1108 2817 bus
1131 2760 1235 2816 nostris
1258 2758 1415 2814 humilitati
1438 2768 1495 2813 tuae
1516 2757 1660 2812 revelavit.
1692 2757 1815 2812 Proinde
1834 2756 1905 2828 quia

152 2847 350 2919 neglexerunt,
365 2863 432 2904 cum
444 2863 498 2920 per
508 2847 740 2904 benedictionem
766 2850 887 2906 Abrahae
909 2867 1000 2906 cornu
1020 2850 1130 2939 Cviam
1152 2847 1354 2903 mandatorum
1379 2847 1429 2902 liei
1455 2846 1540 2901 corde
1564 2846 1683 2901 dilatato
1706 2860 1821 2900 currere
1845 2859 1906 2899 nun

153 2935 388 2992 benedictionum
412 2951 499 3008 super
523 2952 573 2990 eos
587 2936 685 3004 erexit,
702 2953 735 2991 ac
760 2938 791 2991 in
806 2936 901 2992 sinum
916 2955 1002 2994 suum
1056 2951 1218 3007 possumus,
1232 2935 1437 2990 admonitionis
1457 2940 1514 2990 tuae
1529 2933 1653 2989 stimulis
1681 2931 1809 3000 exulari,
1836 2946 1904 3003 pro-

152 3037 206 3095 per
218 3023 348 3079 laetitiam
375 3024 493 3080 honoris
506 3024 619 3079 lavavit.
633 3026 687 3080 Sed
701 3025 744 3080 illi
760 3024 791 3080 in
812 3025 912 3081 trauda
925 3042 1003 3082 mur·
1056 3031 1088 3081 ut
1102 3025 1156 3081 tibi
1179 3026 1256 3080 Deus
1277 3025 1399 3094 dederit,
1424 3024 1609 3079 vehementer
1634 3021 1839 3078 desideramus.
1863 3019 1905 3074 lia

153 3112 318 3179 mutabant,
359 3128 392 3166 ac
414 3112 445 3166 in
472 3112 634 3168 temeritate
665 3114 724 3169 Deo
759 3114 940 3184 resistebant,
969 3133 1003 3172 ac
1054 3121 1158 3170 cetero
1170 3113 1370 3170 indubitanter
1386 3128 1541 3184 cognoscas
1562 3111 1631 3182 quia
1655 3111 1686 3164 iu
1707 3109 1811 3166 litteris
1835 3107 1903 3176 tuis,

154 3201 335 3255 sanctitatem
360 3216 412 3272 per
439 3201 611 3256 effusionem
636 3201 785 3273 sanguinis
808 3201 914 3259 Christi
936 3206 1003 3260 reli·
1056 3204 1295 3260 scilicetinlibro
1309 3201 1428 3270 Sciriam
1444 3199 1578 3257 delectati
1593 3215 1702 3265 sumus,
1716 3199 1787 3253 sicut
1802 3197 1832 3252 in
1845 3213 1907 3252 om·

154 3292 289 3359 querunt.
323 3289 401 3344 Tunc
426 3287 588 3344 benedictio
607 3289 637 3344 in
667 3289 724 3344 illis
747 3296 905 3346 retrorsum
932 3291 1003 3350 abiit
1056 3293 1141 3348 nibus
1155 3292 1270 3348 divitiis.
1290 3288 1722 3362 Deniquesanctisoraticuibus
1736 3287 1837 3342 vestris
1852 3302 1905 3341 nos

155 3383 182 3432 et
197 3377 323 3446 evanuit,
347 3377 415 3450 quia
435 3378 471 3433 ad
493 3393 590 3432 casum
605 3378 707 3434 mortis
728 3395 759 3434 se
776 3379 1000 3436 declinaverunt.
1056 3381 1133 3452 apud
1148 3381 1238 3435 Deum
1253 3377 1383 3448 adjuvari
1400 3385 1430 3434 et
1443 3376 1570 3432 consiliis
1592 3375 1763 3448 praemuniri
1784 3373 1903 3430 humili-

155 3467 189 3521 Et
215 3467 290 3521 Deus
321 3466 357 3522 de
385 3465 531 3522 mmsflciis
551 3475 581 3522 et
607 3468 643 3523 de
676 3466 852 3524 holocaustis
885 3470 1002 3524 illorum
1055 3472 1100 3526 ter
1113 3469 1301 3541 deposcimus.

154 3555 240 3612 aliam
266 3555 410 3612 civitatem
443 3556 574 3613 Ecclesiae
610 3557 770 3626 aedificavit,
804 3574 895 3630 usque
933 3558 1002 3615 dnm
1242 3599 1448 3657 RESPONSUM
1472 3597 1706 3654 fflmmfflffls

154 3659 255 3700 omues
272 3660 355 3716 aqum
369 3650 524 3716 puteorum
539 3647 699 3702 educantur
724 3647 755 3702 in
780 3647 884 3703 vallem
908 3648 1003 3720 nigra·
1710 3639 1716 3651 ⁵

153 3744 218 3785 rum
246 3729 426 3787 nebularum.
467 3730 502 3785 Et
537 3738 604 3786 tuuc
631 3747 733 3786 omnes
761 3732 865 3804 aquilae
889 3732 920 3788 in
946 3733 1001 3788 cir·
1161 3709 1272 3763 Emm
1283 3711 1415 3763 mmm
1429 3703 1531 3761 ‘anda‘
1538 3703 1794 3760 00'1022‘50‘2'0'107'2·

153 3823 308 3874 cumeunte
325 3823 388 3874 rota
409 3818 438 3873 in
468 3834 559 3874 unum
591 3835 708 3892 gregem
738 3821 1000 3892 congregabuntur,
1092 3823 1147 3876 Vos
1161 3821 1213 3892 qui
1236 3821 1363 3876 tunicam
1385 3818 1489 3876 Christi
1508 3818 1642 3876 induistis
1656 3835 1689 3872 ac
1712 3834 1777 3873 euru
1795 3816 1903 3873 imitari

152 3904 222 3978 quia
236 3904 306 3978 ipsae
320 3906 401 3978 prius
417 3906 446 3961 in
461 3906 662 3963 benedictione
676 3913 767 3964 erant
1055 3911 1151 3978 vultis,
1172 3911 1268 3966 audite
1286 3911 1363 3982 quod
1385 3908 1534 3966 Psalmista
1555 3907 1643 3963 dicit:
1671 3906 1726 3973 Qui
1744 3905 1827 3977 ponis
1848 3923 1902 3961 vvu-

188 3993 286 4051 Sedet
306 3995 394 4050 uliam
417 3994 532 4052 turbam
557 3996 710 4052 bominum
726 3996 779 4052 sub
793 3997 917 4069 pedibus
933 3998 1001 4054 istu-
1055 4000 1117 4056 ben
1130 4015 1280 4054 ascensum
1296 4003 1386 4066 tuum,
1401 3997 1452 4070 qui
1470 3995 1603 4052 moeridis
1619 4011 1729 4068 psum
1753 3999 1902 4052 uentorum

152 4097 217 4138 rum
233 4082 291 4139 vidi
313 4087 380 4138 ante
404 4099 529 4156 quorum
549 4086 646 4140 oculos
660 4085 735 4140 aries
757 4084 787 4139 in
811 4084 903 4155 spinis
921 4085 1002 4140 aurei
1055 4087 1143 4160 (Paul.
1164 4087 1233 4159 citt).
1258 4087 1332 4153 Quid
1356 4093 1400 4142 est
1422 4085 1498 4141 boc'l
1515 4087 1546 4141 ln
1570 4085 1774 4141 constitutione
1802 4085 1901 4139 mundi

152 4171 537 4243 colorispendebsttquem
560 4174 870 4245 cumodoremyrrhoe
888 4174 998 4229 ellhu·
1018 4177 1178 4248 Dposuisti
1214 4176 1321 4232 nubem
1353 4190 1502 4230 mcensum
1541 4173 1699 4228 viventium
1729 4172 1900 4241 volatilium,

152 4259 193 4316 ris
220 4264 337 4315 etcum
362 4259 534 4316 inimicante
565 4262 644 4316 vultu
673 4261 874 4333 inspiciebant,
908 4267 937 4316 et
964 4262 1000 4318 de
1054 4281 1120 4338 quaa
1135 4265 1164 4320 in
1182 4264 1334 4320 altitudine
1355 4264 1429 4319 aeris
1452 4268 1527 4319 sunt.
1551 4262 1632 4327 Quod
1656 4263 1744 4316 etiam
1765 4261 1805 4314 sic
1833 4266 1900 4317 est:

152 4346 286 4403 manibus
307 4347 406 4419 magni
427 4347 483 4402 viri
509 4347 596 4415 illius,
620 4348 669 4418 qui
697 4349 847 4405 invertire
870 4349 998 4420 ejusdem
1056 4356 1130 4411 Deus
1142 4353 1285 4425 prescivit
1302 4352 1379 4425 quod
1397 4351 1579 4424 spiritualum
1598 4351 1735 4422 populum
1752 4350 1782 4404 in
1796 4355 1901 4405 semct-

151 4433 259 4488 montis
277 4433 401 4499 sedebat,
430 4433 547 4506 quidam
569 4434 654 4490 rivuli
686 4436 722 4490 ad
745 4440 861 4507 pectora
883 4437 998 4492 illorum
1054 4442 1334 4512 ipsoeonslitulurue
1350 4447 1422 4508 erat,
1439 4447 1472 4495 ut
1492 4439 1635 4510 propbeta
1649 4437 1735 4492 dicit:
1755 4437 1808 4503 Qui
1834 4440 1901 4492 aaut

151 4523 335 4580 effluxerunt.
353 4525 386 4580 lit
400 4523 442 4580 illi
461 4526 537 4580 clara
549 4540 618 4581 voce
632 4526 666 4581 ad
683 4525 780 4582 sinum
797 4527 945 4599 sapientiae
959 4528 1000 4584 sic
1052 4529 1141 4603 liqui
1152 4534 1185 4586 ul
1197 4529 1284 4585 naba
1297 4529 1403 4594 uoluat,
1417 4534 1447 4584 et
1459 4527 1545 4601 quusi
1553 4527 1687 4584 columba
1705 4527 1901 4595 cdjevurtrus

150 4612 370 4669 clamaverunt:
396 4613 472 4669 Deus
501 4615 571 4669 otim
596 4630 646 4669 nos
668 4614 699 4669 iu
724 4615 822 4671 multis
852 4617 999 4673 sacrificiis
1051 4621 1143 4676 auur?
1170 4619 1241 4690 (Ira.
1280 4620 1336 4687 ux.)
1366 4618 1473 4673 blentss
1507 4616 1671 4686 spirituales
1701 4616 1780 4671 velut
1810 4616 1900 4671 nubes

151 4703 352 4775 congregavil;
373 4702 422 4760 sed
442 4718 494 4758 nos
512 4717 611 4758 omnes
634 4703 664 4758 iu
692 4703 791 4759 multis
811 4705 999 4776 obligationi·
1051 4714 1128 4774 suut,
1154 4722 1218 4778 quae
1243 4711 1286 4760 est
1310 4705 1393 4778 quasi
1420 4706 1541 4760 materia
1571 4703 1770 4770 luminarium,
1795 4703 1900 4759 scilicet

149 4790 203 4846 bus
217 4791 413 4863 delinquimus
429 4807 436 4845 τ
453 4790 528 4846 unde
541 4807 629 4862 super
646 4793 774 4848 torcular
790 4793 877 4864 positi
897 4809 998 4848 sumus
1052 4795 1130 4864 solis,
1146 4795 1222 4850 tune
1238 4799 1267 4849 et
1283 4792 1441 4849 stellarum.
1464 4792 1509 4849 Sic
1523 4791 1610 4848 etiam
1635 4792 1798 4848 obedientia
1823 4794 1899 4847 vslut

150 4895 216 4934 curn
231 4881 374 4951 propbeta
389 4879 540 4936 dicentes:
573 4880 712 4936 Torculcr
736 4881 848 4938 miscet
871 4881 950 4937 retur
969 4885 999 4937 el
1052 4883 1173 4940 materia
1197 4888 1239 4937 eet
1268 4881 1452 4948 humilitatis,
1482 4881 1629 4936 charitatis
1652 4881 1820 4936 stellarum
1842 4880 1897 4934 vir·

149 4967 184 5025 ds
196 4967 328 5039 patlibus
340 4985 397 5024 nou
411 4971 453 5024 est
474 4973 520 5024 ris·
531 4970 829 5040 circumluuntur).
847 4970 880 5025 Et
897 4985 996 5024 verum
1051 4977 1156 5037 lutum,
1173 4969 1324 5043 inquibus
1341 4970 1441 5026 fideles
1451 4969 1534 5041 quasi
1547 4968 1689 5024 columbe
1710 4969 1817 5036 volant,
1833 4983 1895 5023 cum

150 5057 199 5113 ubi
224 5073 332 5129 sagena
353 5057 441 5112 mbas
463 5062 507 5112 est
526 5056 558 5112 iu
581 5072 673 5126 mare,
692 5063 722 5114 et
740 5072 774 5112 cx
794 5057 873 5113 omni
891 5072 997 5128 genere
1051 5075 1103 5131 par
1119 5061 1273 5131 ligaturam
1296 5057 1421 5131 propriae
1436 5057 1591 5112 voluntatis
1608 5054 1749 5110 desideria
1763 5071 1815 5134 sua
1838 5071 1896 5110 ase

148 5144 270 5215 piscium
296 5146 500 5218 congregabat,
524 5146 598 5201 deut
617 5146 660 5200 ilti
681 5146 824 5217 piscantes
846 5147 998 5216 elegerunt
1050 5146 1240 5217 abscondunt,
1263 5147 1303 5201 ita
1324 5147 1402 5218 quod
1426 5160 1477 5218 per
1497 5159 1648 5200 cavernam
1672 5143 1845 5200 innocentiae
1866 5143 1894 5198 in

148 5232 240 5303 pisces
253 5234 344 5290 bonos
362 5236 393 5290 in
407 5251 485 5302 vasa,
514 5234 556 5290 sic
581 5235 673 5306 maha
689 5235 740 5290 liei
766 5237 854 5306 elegit
873 5233 939 5289 illos
958 5235 995 5290 ad
1050 5237 1140 5292 sulem
1164 5235 1317 5308 aspiciunt,
1341 5235 1423 5306 quasi
1442 5234 1572 5292 homines
1595 5247 1653 5289 uon
1672 5232 1730 5288 sint
1748 5232 1779 5287 iu
1793 5231 1894 5286 volun-

148 5321 282 5391 gloriam,
297 5323 348 5395 qui
361 5323 486 5379 humiles
499 5323 587 5380 corde
606 5329 674 5379 sunl
686 5329 715 5380 et
731 5324 825 5380 devoti
838 5323 868 5377 in
891 5323 995 5379 timore
1050 5327 1107 5379 tate
1134 5323 1228 5379 carnis
1259 5338 1328 5378 suu.
1359 5323 1390 5376 lit
1410 5322 1450 5377 sic
1468 5323 1584 5378 Creator
1609 5319 1740 5376 omniurn
1768 5318 1893 5375 ambulat

149 5409 274 5478 Domini,
317 5411 435 5483 rapinas
467 5428 528 5468 nou
558 5413 751 5470 intendentes.
794 5412 875 5467 Nunc
897 5418 995 5468 autem
1050 5427 1137 5483 super
1159 5427 1269 5482 pennas
1291 5416 1451 5479 ventorum,
1481 5426 1547 5466 cum
1576 5424 1717 5481 supernus
1746 5408 1834 5464 Filius
1854 5407 1892 5462 in·
