3984 6034
167 222 228 295 ἰιι
903 226 1191 292 ιιιιιιιιιιιιιιιι
1252 225 1254 230 ’
1873 227 1942 285 ιιι

173 377 219 429 ιιι
232 372 336 429 sanctis
351 376 380 428 et
404 372 501 427 electis
529 371 595 439 tuis,
620 387 745 443 quorum
765 387 918 426 numerum
934 387 1019 426 nemo
1038 369 1203 440 Astituisti,
1219 374 1247 424 at
1260 369 1291 424 in
1307 369 1372 439 igne
1389 367 1446 422 Noe
1466 366 1650 430 conservasti,
1668 372 1700 422 ut
1714 367 1750 422 de
1760 366 1823 438 ipso
1838 383 1930 422 novus

172 477 275 533 cupere
304 465 406 533 potest.
430 461 472 516 Tu
497 461 576 515 enim
591 461 620 515 in
636 460 777 532 principio
793 460 916 515 radicem
937 475 1023 513 unam
1079 457 1205 514 ruaudus
1219 473 1285 512 cum
1299 457 1366 528 igne
1389 457 1545 511 sanctitatis
1561 457 1739 528 procederet,
1756 472 1813 528 que
1832 456 1928 528 inglu-

172 548 330 623 plasmasti,
344 537 434 621 guam
451 548 595 620 spiraculo
618 549 683 603 vitre
702 549 821 619 vigilare
836 547 927 603 fecisti
942 548 1022 615 (den.
1078 547 1136 601 vies
1165 547 1306 619 serpentis
1330 546 1436 614 clausa,
1462 548 1490 600 et
1514 545 1555 599 vis
1579 545 1641 616 ejus
1660 545 1701 600 ita
1721 545 1872 600 combusta
1901 551 1930 598 et

171 643 215 709 ιι),
240 637 326 693 etad
350 637 504 694 teremiam
535 636 653 693 dixisti:
670 635 743 704 Quid
759 636 848 704 vides,
869 635 1025 692 Ieremia?
1078 639 1276 706 superataest,
1298 632 1385 688 atilli
1410 630 1930 705 quiperignemetaquamregene-

171 727 227 793 Qui
253 726 305 783 tibi
332 726 503 798 respondit:
524 725 645 799 Virgom
671 723 841 797 mpituntem
863 741 914 798 ego
942 724 1024 780 uideo
1077 729 1187 791 rantur,
1204 723 1234 776 in
1259 739 1327 777 vcra
1345 721 1400 777 lide
1420 722 1618 792 persistentes,
1643 719 1722 776 nullo
1745 721 1830 776 modo
1860 737 1928 791 per·

172 818 248 887 (der.
264 815 303 886 ιι).
1077 811 1190 866 dantur.
1214 812 1254 866 Tu
1280 811 1358 865 enim
1376 810 1406 864 in
1432 809 1499 881 igne
1521 814 1573 864 tuc
1598 826 1701 881 aquam
1718 809 1876 876 exsiccasti,
1893 825 1929 864 ne

208 903 344 969 Quadam
361 902 441 957 radix
456 918 521 956 cum
536 902 623 956 ramis
638 899 697 955 suis
711 901 859 973 processit,
874 906 903 956 et
918 901 1023 957 noxiali
1076 900 1107 955 in
1134 905 1228 955 utrem
1254 901 1312 956 Noe
1335 899 1446 964 flueret,
1469 901 1499 953 in
1526 914 1584 970 quo
1603 898 1785 970 praesignasti
1805 903 1927 954 mortem

171 1009 260 1064 pomo
277 979 520 1056 obnubilata⁰est,
539 992 615 1062 quod
629 1009 687 1048 nox
701 1006 787 1062 super
799 1005 862 1044 eam
878 990 1023 1058 evomuit;
1076 987 1246 1059 perditionis
1260 986 1409 1042 hominem
1425 986 1595 1055 finiendam,
1611 987 1685 1040 sicut
1697 985 1784 1040 etiam
1796 984 1929 1041 homiues

171 1082 291 1137 undeet
312 1082 375 1152 ipsa
401 1080 433 1135 in
455 1079 582 1135 tenebris
603 1095 699 1136 ramos
723 1095 790 1134 suos
815 1078 1021 1149 multiplicans,
1075 1077 1194 1148 ineque
1209 1080 1300 1130 morte
1315 1074 1390 1131 finiti
1415 1077 1530 1132 sunto
1551 1075 1685 1130 sanctitas
1704 1090 1799 1146 aquae,
1818 1074 1848 1128 in
1870 1091 1928 1145 qua

168 1170 312 1241 justitiam
333 1168 396 1224 coeli
415 1167 581 1224 conculcare
597 1171 695 1226 voluit.
711 1168 765 1224 Sed
782 1173 823 1235 tn,
847 1168 924 1222 clare
947 1167 1023 1244 divi·
1077 1165 1164 1222 Filius
1186 1169 1252 1220 tuus
1280 1170 1403 1220 mortem
1433 1164 1576 1232 contrivit,
1604 1179 1692 1236 quem
1716 1163 1800 1234 Virgo
1819 1164 1854 1218 de
1876 1168 1927 1217 tuo

171 1260 257 1326 nitas,
272 1259 301 1314 in
318 1274 407 1330 aquas
423 1258 559 1325 claruisti,
583 1263 612 1313 et
629 1275 676 1313 ιιι
691 1257 774 1330 quasi
792 1257 823 1311 iu
844 1260 938 1311 utrem
953 1273 1022 1312 con-
1076 1249 1143 1324 igne
1158 1256 1299 1325 concepit,
1315 1253 1365 1325 qui
1386 1253 1417 1308 in
1431 1269 1463 1308 ea
1482 1269 1598 1307 omnem
1612 1253 1732 1307 livorem
1748 1252 1850 1324 aquosi
1860 1267 1926 1322 pec-

172 1349 297 1420 gregasti
322 1346 414 1416 (Ριαι.
441 1345 537 1416 xxxvi),
557 1347 588 1401 in
618 1344 724 1419 quibui
748 1361 849 1401 omnes
878 1345 1021 1413 hemines,
1075 1341 1131 1396 cuti
1157 1342 1316 1410 exsiccavit,
1340 1347 1420 1397 etex
1436 1342 1487 1397 illo
1516 1356 1575 1396 non
1603 1341 1764 1409 laederetnr,
1786 1340 1926 1412 quemad·

171 1441 288 1508 excepto
301 1436 359 1490 Noe
375 1440 404 1490 et
418 1435 506 1489 ramis
519 1435 591 1506 ejus,
612 1435 756 1490 submersi
770 1439 836 1490 sunt
852 1435 933 1506 (Gen.
960 1433 1020 1505 ιιι).
1076 1430 1193 1486 modum
1209 1431 1295 1486 etiam
1312 1431 1370 1485 Noe
1384 1447 1441 1485 non
1456 1430 1623 1485 laedebatur.
1640 1431 1673 1484 ln
1686 1429 1730 1484 his
1745 1429 1823 1484 enim
1833 1428 1927 1498 signis

171 1525 259 1579 Istum
286 1538 363 1591 vero,
391 1523 498 1577 scilicet
524 1525 593 1586 Noe,
619 1523 654 1578 ad
684 1523 861 1595 operandum
884 1523 1021 1578 miracula
1073 1519 1231 1590 praevidisti
1253 1518 1377 1591 quodie
1398 1519 1485 1573 Maria
1504 1518 1655 1590 perfecisti,
1673 1533 1739 1589 quse
1761 1523 1848 1588 caput
1869 1533 1927 1571 ser·

171 1611 221 1662 tua
242 1607 385 1663 imbuisti:
403 1613 432 1662 et
460 1608 612 1679 ideoopns
631 1624 715 1663 suum
738 1609 822 1679 quasi
845 1607 876 1662 in
903 1607 1021 1662 scientia
1040 1608 1169 1703 Bpectis
1184 1608 1318 1663 contrivit
1341 1608 1424 1678 (Gen.
1442 1607 1492 1678 ιιι),
1513 1623 1565 1680 per
1591 1623 1677 1679 quem
1702 1606 1796 1677 prima
1821 1606 1927 1661 mulier

170 1695 287 1751 infantis
301 1711 367 1751 cum
382 1695 488 1766 gaudio
509 1700 644 1766 operatus
661 1701 719 1762 est;
734 1695 803 1767 quia
823 1695 951 1751 nondum
966 1695 1021 1750 sci·
1076 1697 1194 1768 decepta
1214 1701 1265 1750 est.
1292 1697 1360 1762 Noe,
1385 1695 1435 1767 qui
1455 1695 1634 1750 salutiferum
1655 1695 1770 1767 signum
1789 1711 1829 1762 es,
1855 1696 1925 1765 quie

169 1784 276 1840 vitnec
302 1784 408 1856 sapuit,
439 1800 504 1857 quae
520 1783 547 1838 ei
574 1785 669 1839 locuta
693 1791 736 1838 ess
760 1787 884 1838 hereum
907 1799 1022 1855 qnoque
1077 1787 1150 1840 Deus
1166 1785 1275 1840 occulte
1300 1792 1327 1838 te
1344 1785 1452 1850 docuit,
1478 1785 1601 1855 qualiter
1629 1799 1801 1856 peraquum
1823 1784 1927 1837 salvari

169 1872 282 1928 fumum
296 1873 323 1926 ei
339 1871 478 1942 objecisti,
495 1871 545 1942 qui
572 1887 660 1926 venas
683 1878 712 1927 et
734 1872 875 1926 medellas
894 1871 1022 1927 hominis
1075 1889 1171 1945 posses
1196 1873 1280 1942 (Gen.
1301 1873 1351 1944 ιι),
1374 1877 1402 1927 ιι
1427 1873 1505 1928 cordi
1520 1877 1569 1927 tuo
1585 1872 1744 1944 inspiravit,
1769 1877 1801 1927 ut
1823 1872 1857 1927 ad
1882 1888 1927 1925 sa-

170 1961 305 2030 concutit,
325 1966 358 2015 ut
372 1962 507 2016 humanis
527 1961 658 2016 sensibus
678 1961 917 2031 nonimpeditus,
933 1960 1022 2016 aediti·
1074 1961 1262 2017 crificandum
1279 1961 1317 2031 ei,
1333 1976 1463 2016 mensam
1487 1961 1655 2029 aedillcares,
1671 1965 1699 2016 tu
1718 1962 1795 2016 velut
1822 1975 1927 2015 aurora

171 2050 249 2106 cium
273 2050 352 2122 quod
382 2065 448 2104 eum
476 2049 608 2118 docuisti,
629 2048 756 2104 velutin
779 2049 881 2104 laetitia
903 2048 1021 2104 infantis
1075 2050 1185 2116 existis;
1201 2065 1267 2121 qnae
1288 2049 1410 2104 scintilla
1437 2049 1504 2105 solis
1518 2066 1557 2104 es.
1574 2049 1648 2104 Deus
1665 2051 1696 2104 in
1720 2053 1747 2104 te
1771 2048 1928 2122 praesigna-

92 2125 99 2145 ‘
170 2138 370 2194 aedificaretur.
390 2138 435 2194 Sic
456 2137 543 2193 etiam
566 2137 636 2193 facis
658 2138 687 2192 iu
713 2137 888 2205 bominibus,
911 2137 941 2191 in
956 2137 1022 2210 qui·
1075 2139 1233 2194 vitnovam
1261 2141 1289 2192 et
1316 2141 1441 2194 veterem
1461 2137 1641 2192 sanctitatem
1655 2137 1874 2209 prophetarum,
1895 2143 1927 2192 et

170 2227 223 2283 bus
237 2227 377 2282 miracula
390 2232 441 2282 tua
466 2231 637 2298 operaturus
651 2242 691 2291 es,
714 2241 779 2281 cum
800 2241 851 2297 per
874 2230 954 2280 taam
975 2227 1020 2280 in·
1074 2227 1260 2298 sapientium,
1276 2233 1303 2281 et
1331 2226 1558 2282 observationem
1588 2227 1850 2298 integritatisque
1867 2241 1925 2280 non

170 2315 358 2387 spirationem
393 2314 487 2370 aliena
526 2314 661 2369 humanis
695 2313 825 2369 sensibus
850 2314 1018 2385 loquuntur.
1074 2316 1106 2371 in
1121 2315 1209 2371 latere
1225 2315 1289 2383 viri,
1320 2314 1414 2370 sedin
1441 2314 1533 2370 formu
1562 2316 1691 2370 mulieris
1716 2315 1845 2387 plantata
1869 2321 1923 2384 est,

171 2405 327 2476 Postquam
339 2408 437 2458 autem
458 2404 517 2458 Noe
533 2403 562 2458 in
578 2401 742 2468 altitudine,
758 2403 789 2456 iu
803 2418 891 2474 quam
908 2403 1019 2457 levave-
1075 2420 1140 2477 qnee
1154 2405 1184 2458 in
1199 2408 1340 2474 potestate
1354 2403 1407 2457 viri
1429 2419 1485 2458 non
1508 2403 1577 2472 foit;
1591 2403 1664 2459 sicut
1687 2406 1773 2460 etium
1798 2409 1924 2476 potestas

170 2509 226 2555 ras.
257 2491 413 2547 edificium
440 2507 526 2546 suum
559 2491 675 2559 fecerat,
709 2491 836 2562 primum
865 2490 1020 2546 edificium
1074 2509 1157 2566 aquae
1180 2492 1231 2548 tihi
1255 2507 1359 2547 nocere
1385 2507 1444 2546 non
1469 2492 1570 2564 potuit.
1602 2495 1676 2548 Deus
1703 2494 1790 2548 etiam
1816 2509 1923 2548 novum

169 2580 251 2650 Abel,
270 2582 349 2652 quod
362 2581 393 2634 in
406 2579 546 2636 effusione
560 2580 606 2634 sui
624 2579 787 2646 transierat,
808 2580 844 2634 de
864 2579 927 2651 ipso
948 2578 1021 2634 exci·
1074 2581 1214 2636 mundum
1231 2596 1264 2634 ex
1280 2587 1307 2634 te
1331 2581 1486 2651 procedere
1513 2580 1587 2648 lecit,
1611 2586 1640 2636 et
1664 2583 1786 2653 rigatam
1814 2585 1923 2636 terram

169 2669 247 2735 tasti,
273 2684 399 2740 eumque
426 2668 466 2722 ita
489 2668 646 2740 inspirasti,
675 2672 708 2723 ut
734 2669 824 2722 altare
852 2667 1019 2734 aedificaret,
1073 2685 1126 2741 per
1151 2685 1240 2740 aquas
1265 2669 1318 2723 tibi
1333 2668 1420 2735 dedit,
1450 2668 1481 2722 in
1504 2685 1561 2740 qua
1576 2670 1675 2724 vineas
1692 2669 1836 2741 plantasti,
1863 2671 1922 2723 vim

169 2773 258 2828 super
289 2757 367 2829 quod
394 2756 447 2812 tibi
487 2757 629 2812 altissimo
663 2755 721 2811 Deo
757 2755 932 2811 sacrificium
969 2755 1019 2811 ob·
1073 2758 1132 2814 riui
1147 2763 1244 2813 tamen
1270 2757 1415 2829 ignorans,
1432 2756 1574 2829 perquod
1589 2773 1689 2812 seusus
1714 2756 1839 2814 hominis
1868 2758 1924 2811 de-

169 2846 246 2901 tulit.
314 2889 320 2900 .
1074 2847 1229 2902 nudantur.
1245 2845 1413 2901 sicutenim
1432 2845 1517 2910 lilius,
1536 2845 1587 2918 qui
1603 2845 1762 2900 nuditatem
1787 2851 1876 2912 tuam,
1894 2850 1924 2899 te
1975 2835 1976 2910 l

204 2936 286 2992 Clara
309 2933 455 2996 divinitas,
471 2951 537 3006 quae
561 2934 788 2990 innumerabiles
812 2933 939 3004 sphaeras
955 2932 1019 2987 vitae
1038 2937 1106 2994 cut
1117 2940 1228 3006 putrem
1252 2936 1406 3002 honorans,
1427 2935 1506 3001 texit,
1524 2934 1649 3005 gloriose
1663 2933 1825 2988 libertatern
1840 2949 1923 2988 suam
1975 2911 1976 2982 l

169 3021 306 3091 habuisti,
323 3023 448 3094 primum
464 3023 613 3078 hominem
628 3022 774 3094 plasmasti
788 3022 823 3076 de
841 3021 909 3075 limo
923 3027 1019 3081 terrae.
1075 3023 1209 3091 detinuit,
1231 3024 1286 3078 alio
1309 3023 1340 3078 in
1368 3038 1481 3077 servum
1512 3022 1590 3078 illius
1620 3021 1748 3090 redacto;
1778 3021 1819 3075 sic
1837 3021 1925 3076 bonu

168 3110 294 3166 stillum
316 3111 346 3165 in
366 3112 430 3167 loco
454 3110 582 3183 paradisi
611 3110 785 3166 constituisti
813 3110 898 3179 (Gen.
923 3115 973 3179 ιι),
988 3113 1021 3165 ut
1075 3111 1200 3167 scientiae
1228 3113 1304 3166 mala
1332 3111 1453 3166 scientia
1480 3111 1601 3166 servitus
1628 3115 1749 3166 constat.
1780 3109 1924 3164 lectiam

168 3199 199 3253 in
227 3198 358 3270 angelica
383 3199 468 3253 laude
491 3198 655 3254 societatem
678 3197 805 3252 haberet.
827 3197 950 3268 Serpens
968 3212 1019 3252 eu·
1074 3204 1132 3254 tum
1159 3205 1305 3254 tortuosus
1334 3199 1363 3254 in
1389 3198 1524 3270 peccatis,
1545 3198 1644 3253 attilii
1666 3199 1717 3267 tui,
1744 3214 1804 3254 uon
1831 3197 1923 3263 fuisti,
1975 3213 1976 3222 ¹

168 3291 227 3343 tem
238 3285 269 3341 in
281 3287 347 3341 dolo
361 3287 477 3341 oculum
492 3302 578 3340 suurn
593 3286 693 3354 movit,
713 3291 742 3340 ιι
764 3285 846 3341 illum
872 3285 1020 3340 fallacibus
1073 3288 1147 3343 sicut
1165 3287 1251 3343 etiam
1267 3286 1320 3342 lilii
1338 3286 1406 3342 ada
1420 3286 1632 3342 criminosiores
1658 3287 1721 3358 ipso
1748 3285 1872 3341 fuerunt.
1891 3287 1924 3340 ln

168 3375 263 3430 verbis
284 3373 407 3445 decepit,
431 3380 459 3429 te
487 3374 564 3445 apud
593 3391 661 3430 eum
685 3389 830 3441 accusans,
859 3375 909 3445 qui
932 3373 1020 3430 etiam
1073 3377 1319 3434 benedictionibus
1334 3377 1411 3432 enim
1425 3377 1575 3446 libertatis,
1596 3376 1686 3432 sancti
1704 3376 1828 3431 etelecti
1843 3382 1922 3442 sunt,

168 3463 295 3535 primum
311 3478 341 3518 se
354 3462 407 3519 tibi
434 3462 581 3535 opposuit.
598 3462 681 3528 Quod
695 3463 825 3518 diabolus
844 3461 922 3532 fecit,
946 3477 1018 3534 qua·
1074 3471 1103 3521 et
1117 3466 1204 3521 etiam
1218 3466 1261 3520 illi
1276 3466 1326 3537 qui
1341 3481 1393 3536 per
1417 3465 1615 3536 penitentiam
1632 3463 1798 3519 deservitio
1821 3479 1924 3533 pecca·

168 3556 252 3607 tenus
266 3553 354 3607 homo
378 3553 413 3607 de
434 3551 568 3623 paradiso
595 3551 795 3622 expelleretur,
816 3557 845 3607 et
868 3567 905 3606 ne
922 3551 952 3606 in
976 3551 1020 3606 lo·
1074 3561 1169 3610 torum
1185 3555 1214 3609 in
1229 3553 1392 3610 libertatem
1407 3553 1564 3609 redierunt.
1581 3552 1640 3607 lllis
1658 3567 1774 3624 quoque
1788 3552 1924 3607 omnibus

168 3655 245 3706 cam,
260 3641 365 3712 dequo
380 3639 441 3711 ipse
460 3640 594 3711 expulsos
618 3645 660 3694 est
671 3639 784 3702 rediret,
802 3655 890 3711 quem
911 3655 1018 3696 novum
1074 3643 1158 3698 datur
1175 3644 1244 3698 tuba
1267 3657 1379 3710 canere,
1409 3642 1491 3713 cujus
1520 3657 1607 3696 sonus
1634 3645 1700 3696 ante
1715 3641 1851 3695 thronum
1871 3641 1922 3696 Dei

150 3745 241 3799 opus
263 3735 403 3795 creatum,
431 3733 628 3800 preterquam
655 3744 685 3783 se
711 3729 853 3799 cognovit.
884 3728 966 3784 Clara
990 3732 1019 3784 et
1073 3737 1155 3787 sonet
1176 3732 1278 3803 (Apoc.
1304 3735 1341 3799 v).
1366 3731 1470 3802 Angeli
1498 3746 1613 3802 qaoque
1641 3729 1757 3784 vocibus
1776 3729 1835 3783 suis
1861 3730 1923 3785 Deo

167 3817 254 3888 ignea
275 3817 419 3884 divinitas,
449 3817 479 3872 in
494 3816 587 3887 igneis
602 3817 733 3889 spheris,
747 3833 819 3889 quas
832 3817 864 3872 in
876 3823 904 3872 te
919 3817 1019 3872 habui·
1073 3819 1172 3875 laudes
1195 3819 1427 3891 symphonizant,
1449 3819 1484 3874 de
1508 3818 1644 3890 operibus
1663 3818 1807 3873 bonorum
1823 3817 1923 3874 homi·

168 3907 215 3972 sti,
231 3922 284 3977 per
306 3913 434 3961 sanctam
459 3905 618 3976 imaginem
640 3905 825 3961 humanitatis
854 3912 912 3961 ιιιιι
933 3911 1019 3977 caput
1073 3922 1143 3961 num
1166 3906 1261 3961 adbuc
1289 3907 1319 3962 in
1351 3921 1471 3977 corpere
1506 3905 1677 3976 viventium,
1711 3921 1776 3976 quse
1808 3921 1925 3978 semper

167 3995 309 4065 serpentis
327 3994 497 4062 contrivisti,
526 4001 557 4050 ut
578 4010 619 4062 se,
648 3996 817 4066 priusquam
842 4010 915 4065 opus
934 4001 1017 4049 tuum
1074 3994 1311 4066 multiplicantur,
1327 4002 1355 4050 ιι
1381 3999 1448 4049 ante
1469 3995 1570 4062 Deum,
1587 3995 1744 4050 escendunt
1766 4011 1923 4066 superau-

167 4082 345 4153 perfecisses,
370 4098 520 4153 nunquam
548 4082 681 4154 erigeret.
705 4083 769 4154 lpse
793 4083 872 4138 enim
906 4082 1016 4152 ignem,
1072 4083 1269 4151 reumaltare,
1286 4083 1362 4155 quod
1378 4083 1407 4138 in
1436 4088 1589 4154 conspectu
1614 4083 1675 4154 ejus
1691 4088 1742 4146 est,
1759 4087 1788 4138 et
1802 4083 1838 4138 de
1852 4084 1925 4154 ipsis

168 4171 319 4242 qiritues,
335 4171 795 4242 nequaquamtaugebatxsedin
811 4170 936 4243 quadam
954 4172 1016 4226 luce
1072 4187 1187 4243 semper
1209 4188 1315 4227 novum
1342 4171 1486 4228 canticum
1512 4174 1569 4227 lieo
1603 4172 1767 4228 concinunt.
1795 4177 1923 4229 Aureum

167 4257 314 4326 claritatis,
330 4258 360 4313 in
376 4273 435 4328 qua
456 4258 579 4314 mendax
594 4258 684 4314 lactus
707 4259 772 4327 fuit,
790 4265 819 4314 et
833 4259 898 4314 ideo
913 4260 1015 4316 huma·
1037 4234 1151 4316 ”enim
1183 4261 1282 4329 altare,
1311 4275 1399 4320 onere
1440 4267 1604 4316 sanctornm
1632 4259 1818 4332 intelligenda
1841 4267 1922 4328 snut,
1975 4321 1976 4326 η

167 4345 242 4400 nitas
257 4351 306 4400 tua
320 4346 347 4400 ei
365 4345 502 4401 absconsa
526 4352 579 4414 est,
609 4352 638 4401 et
658 4348 724 4403 ideo
740 4347 827 4402 etiem
844 4348 950 4418 angeli,
967 4347 1022 4421 qui
1071 4365 1136 4422 quae
1146 4349 1211 4421 ipsi,
1228 4349 1258 4404 iu
1273 4364 1392 4420 corpore
1409 4353 1571 4416 manentes,
1592 4349 1703 4419 operati
1717 4354 1794 4418 sunt,
1811 4355 1840 4404 ct
1855 4365 1923 4421 qnae

167 4433 263 4504 ignem
280 4439 509 4505 tuumtangunt,
528 4435 562 4489 ab
578 4451 611 4489 eo
627 4443 814 4491 recesserunt.
831 4437 931 4491 Postea
950 4452 1017 4491 vero
1071 4437 1270 4509 inconspectu
1299 4437 1359 4504 bei,
1386 4439 1468 4509 qnasi
1499 4454 1618 4493 aureum
1639 4438 1728 4493 altare
1756 4438 1922 4501 fulminant,

167 4527 344 4593 opustunm,
367 4524 475 4578 scilicet
499 4522 660 4594 bominem,
682 4524 871 4595 cumigneet
888 4525 1017 4580 claritate
1071 4533 1099 4582 et
1134 4527 1240 4598 quibus
1281 4531 1406 4598 agnum,
1452 4527 1559 4582 seilicet
1599 4526 1702 4582 Filium
1740 4527 1791 4581 liei
1816 4527 1922 4582 imitati

166 4610 268 4680 fecisti,
285 4612 324 4667 ita
338 4612 428 4666 atilli
452 4611 566 4682 perdito
595 4627 746 4684 nunquam
766 4628 800 4666 ex
826 4616 886 4668 toto
914 4612 1016 4668 similis
1074 4619 1151 4671 siant.

166 4698 338 4769 efficeretur,
355 4715 420 4771 qua
433 4700 463 4753 in
479 4704 560 4755 tanto
577 4701 747 4756 numeroad
762 4700 918 4772 imaginem
936 4705 1015 4756 tuam
1106 4702 1162 4775 lpsi
1188 4719 1306 4775 quoque
1334 4703 1424 4758 sancti
1453 4719 1541 4775 opera
1569 4720 1631 4770 sua,
1660 4709 1688 4760 ιι
1717 4703 1803 4760 etiam
1832 4719 1922 4774 opera

166 4786 294 4858 colliges,
312 4793 345 4842 ut
359 4803 413 4842 nec
431 4789 534 4859 angeli,
550 4805 603 4843 nec
622 4789 727 4844 animae
746 4805 814 4845 eum
833 4789 1016 4845 dinumerare
1070 4792 1199 4863 ipsorum
1221 4791 1379 4858 beatorum,
1395 4791 1445 4863 qai
1467 4791 1587 4847 feliciter
1602 4798 1769 4863 operantur,
1785 4792 1920 4847 dinume·

165 4873 287 4945 possint.
305 4874 427 4939 Quidam
449 4875 527 4930 enim
556 4877 705 4931 hominum
730 4876 809 4948 ignei
834 4881 910 4945 sunt,
932 4883 960 4932 et
979 4877 1015 4933 ad
1070 4885 1135 4934 rant
1162 4895 1227 4934 curn
1247 4883 1367 4934 canente
1396 4879 1473 4948 tuba,
1508 4881 1590 4950 cujus
1616 4896 1704 4935 sonus
1731 4885 1775 4936 est
1800 4884 1833 4935 ut
1862 4895 1920 4934 vox
1975 4871 1976 4874 ’

165 4963 264 5035 ignem
291 4979 321 5017 ss
339 4969 521 5031 convertunt,
548 4965 714 5036 etquidem
739 4965 848 5020 inloce
879 4966 1015 5022 claritatis
1070 4983 1211 5040 aquarum
1241 4968 1398 5023 multarum
1414 4969 1518 5040 (Apoc.
1531 4969 1561 5040 ι),
1587 4968 1832 5040 quaedulcissimo
1848 4985 1921 5023 sono

165 5055 243 5120 sunt,
258 5057 288 5106 et
306 5050 418 5107 deluce
439 5057 543 5119 ruunt3
570 5053 718 5107 etiterum
744 5061 842 5124 postea
866 5054 901 5109 ad
916 5055 1014 5126 ignem
1069 5056 1261 5112 circumientis
1294 5056 1469 5112 firmamenti
1498 5057 1660 5112 intermista
1690 5061 1773 5128 esset,
1805 5061 1834 5111 et
1866 5057 1921 5112 bac

165 5145 330 5211 resurgunt,
353 5157 385 5195 ac
408 5141 550 5195 columnia
581 5141 644 5197 coeli
668 5141 842 5197 efficiuntur.
867 5142 918 5211 Tu,
939 5144 1015 5200 clara
1069 5161 1137 5200 voce
1153 5145 1245 5200 laudis
1268 5145 1409 5200 auxilium
1425 5144 1468 5199 illi
1487 5145 1577 5200 alteo
1600 5149 1745 5217 quaeruut,
1770 5160 1835 5216 quie
1854 5159 1921 5204 sun-

165 5227 311 5297 diviuitas,
335 5228 411 5300 ignis
430 5232 460 5283 et
479 5229 593 5283 claritas
617 5245 659 5294 es,
683 5228 790 5301 quihus
818 5230 905 5285 etiam
927 5231 1015 5288 flatile
1069 5233 1121 5288 ctis
1135 5231 1279 5304 operibus,
1292 5247 1357 5304 quse
1376 5248 1489 5288 sursum
1514 5249 1601 5305 super
1623 5234 1712 5288 altine
1734 5236 1800 5287 ante
1827 5233 1919 5288 Deum

165 5331 214 5370 vas
236 5315 339 5384 fecisti,
365 5316 401 5371 de
425 5333 482 5389 quo
503 5317 704 5373 indumentum
728 5321 812 5372 tuum
836 5318 970 5388 induisti;
986 5325 1016 5376 et
1068 5321 1239 5390 ascendunt,
1269 5336 1357 5393 opere
1385 5325 1414 5376 ιι
1432 5321 1534 5376 merita
1562 5322 1691 5394 ipsorum
1717 5325 1850 5393 tangunt.
1871 5321 1919 5377 Sic

165 5403 206 5458 sic
220 5403 250 5458 in
276 5404 368 5459 trihus
386 5404 496 5460 virilem
519 5406 653 5473 existens,
678 5422 751 5478 opus
772 5411 855 5462 tuum
876 5407 963 5462 etiam
983 5410 1014 5464 in
1067 5425 1194 5482 namque
1222 5409 1310 5464 Deum
1342 5425 1396 5481 pro
1423 5408 1492 5481 ipsis
1520 5415 1614 5481 orant,
1649 5413 1792 5483 quatenus
1818 5408 1874 5480 ipsi
1900 5425 1919 5464 a

165 5491 258 5548 tribus
271 5491 381 5548 viribus
405 5494 586 5550 constituisti.
616 5495 649 5550 ln
662 5495 792 5552 claritate
818 5495 908 5552 Adam
940 5511 1014 5561 con·
1067 5496 1151 5553 bonis
1175 5497 1320 5570 operibus,
1350 5497 1505 5554 Leviethan
1522 5499 1711 5572 deceptione,
1734 5513 1793 5555 nou
1823 5498 1917 5571 imps-
