3984 6034
79 240 149 299 tout
379 241 483 301 ttuutt
501 242 659 301 utttrtott.
679 244 782 301 ortu.
803 242 973 303 stultulus
992 242 1148 303 uutttrus.
1160 242 1293 301 -Patts
1313 244 1360 315 lll,
1382 245 1524 305 vtsto·tt.
1760 248 1828 307 toto

76 374 255 431 intellectum
270 373 429 431 meandum
451 372 618 431 exercitium
633 362 727 431 laudis
753 376 965 448 augelorumb
1013 376 1086 434 liuta
1123 375 1221 449 itaque
1257 390 1358 433 currus
1394 376 1514 450 justitire
1542 380 1647 435 Paulus
1674 384 1728 449 est,
1755 381 1824 454 quia

75 471 178 536 postea
200 465 352 520 convertit.
370 466 441 520 llam
456 464 530 519 sicut
558 464 705 520 hominem
718 464 845 537 primum
859 465 925 537 pla·
978 464 1051 520 sicut
1065 468 1129 521 ruta
1153 480 1279 534 currum,
1302 482 1402 521 currus
1429 483 1496 522 vero
1525 484 1612 523 omne
1627 469 1739 541 pondus
1756 487 1822 544 por·

74 553 398 620 smarit‚etutdeiude
413 552 588 624 spiraculum
603 553 668 608 vitre
684 554 714 608 in
736 554 819 609 illum
834 554 923 621 misit,
978 552 1231 619 tat‚itadoctrina
1257 554 1339 609 Pauli
1360 556 1454 627 legem
1479 556 1663 624 Cbristilert,
1682 558 1821 629 qnoniam

75 644 160 698 itaet
186 647 311 705 veterem
340 643 432 713 legem
456 642 606 713 praemisit,
631 657 717 713 quarn
738 642 923 713 postmodum
978 656 1052 697 nova
1070 642 1114 697 lex
1138 643 1173 697 de
1201 643 1289 698 veteri
1307 643 1371 715 lege
1395 649 1471 698 testa
1494 650 1548 714 est,
1578 646 1608 701 in
1633 662 1690 717 qua
1714 648 1822 719 Moyses

75 748 151 787 nova
165 733 228 803 lege
243 731 274 786 iu
300 731 404 787 melius
418 731 614 786 commutavit.
641 730 687 786 Sic
711 736 740 786 et
755 732 878 787 Paulum
892 732 923 786 iu
976 729 1222 787 circumcisionem
1238 736 1268 789 et
1294 730 1453 787 oblationes
1476 733 1624 801 conclusit,
1643 737 1821 806 quaomnia

75 820 245 876 nimiozelo
261 819 421 886 inveniens,
447 819 478 873 iu
502 825 596 874 vetere
611 820 674 890 lege
687 819 783 891 ipsum
800 824 923 892 prostra.
977 817 1101 890 Spiritus
1127 824 1241 875 sanctus
1270 818 1301 874 in
1324 836 1430 875 novam
1452 821 1634 877 sanctitatem
1661 826 1819 893 renovavit,

72 910 129 979 vit,
145 916 232 982 atque
247 925 300 980 per
327 909 381 963 hoc
408 908 451 963 illi
471 908 605 977 ostendit,
630 908 708 980 quud
725 924 831 964 numen
860 909 924 964 Filii
978 910 1086 978 etquae
1104 908 1209 963 Paulus
1240 923 1305 963 cum
1325 923 1400 963 novo
1428 906 1494 978 igne
1523 908 1554 964 iu
1569 909 1730 981 subscripta
1748 918 1824 967 cate·

75 999 122 1054 sui
137 1000 167 1052 iu
192 1014 267 1052 nova
282 998 343 1067 lege
357 1000 523 1068 portaturus
542 1002 626 1052 esset.
646 996 784 1067 Spiritum
809 1013 924 1069 quoque
977 994 1046 1051 nula
1062 996 1176 1052 monilis
1197 996 1318 1068 justitiae
1347 997 1565 1066 conglutinavit.
1592 999 1718 1072 Quaque
1746 1000 1824 1055 enim

75 1085 155 1144 illius
182 1086 212 1140 in
227 1085 408 1141 altitudinem
430 1086 544 1140 elevans
558 1085 767 1140 demonstravit
780 1085 807 1140 ei
831 1086 923 1141 mira·
977 1096 1066 1153 opera
1088 1082 1119 1137 in
1135 1088 1212 1138 recta
1226 1084 1377 1138 honestate
1400 1084 1597 1153 sanctificavit,
1623 1085 1664 1141 ita
1695 1086 1826 1143 videlieet

76 1176 147 1231 bilia
169 1174 274 1247 quibus
286 1178 387 1229 contra
401 1172 496 1245 ipsum
515 1174 670 1245 pugnavit3
686 1175 736 1229 sed
751 1178 848 1229 tamen
876 1174 922 1230 iu·
979 1171 1187 1243 utcoujugium
1213 1172 1244 1227 iu
1258 1171 1361 1227 timore
1376 1172 1429 1227 Dei
1443 1171 1533 1239 fieret,
1552 1178 1581 1227 et
1607 1180 1683 1229 recte
1698 1176 1825 1232 viventes

76 1268 122 1319 tra
135 1263 217 1318 illum
241 1262 338 1317 anima
358 1262 422 1332 ejus
436 1262 530 1329 latuit,
545 1262 584 1317 ita
597 1266 630 1317 ut
645 1261 688 1316 vix
703 1263 822 1318 sentiret
835 1280 866 1319 se
881 1263 923 1319 vi·
977 1260 1158 1317 continentes
1186 1266 1297 1328 esseut3
1313 1265 1341 1315 et
1361 1266 1391 1315 ut
1406 1261 1491 1315 bomo
1508 1276 1558 1333 per
1570 1262 1775 1319 abstinentiam
1794 1281 1824 1319 se

76 1366 152 1415 vere,
168 1350 411 1423 quemadmodum
425 1349 523 1405 anima
538 1349 569 1403 iu
587 1366 708 1421 corpore
723 1366 843 1408 maneus
871 1369 924 1407 co·
977 1364 1038 1403 non
1052 1349 1117 1419 plus
1137 1348 1288 1420 aflligaret,
1310 1365 1396 1420 quam
1422 1347 1609 1421 pergratiam
1624 1351 1676 1406 llei
1703 1353 1824 1410 sullcrre

76 1439 233 1509 gitationes
260 1455 325 1494 suas
347 1438 462 1495 emittit.
488 1438 518 1494 si
543 1439 620 1493 euim
637 1439 924 1496 Deusillimiracula
978 1442 1088 1508 pusset;
1114 1442 1141 1491 et
1171 1443 1202 1491 ut
1231 1436 1380 1507 virginitas
1409 1453 1474 1491 cum
1496 1440 1722 1494 coronasurumi
1748 1443 1825 1513 regis

76 1526 247 1582 sualeuiter
267 1526 484 1594 manifestasset,
514 1532 632 1600 propter
656 1528 833 1584 ferocitatem
860 1529 922 1584 aui·
977 1540 1009 1581 se
1032 1532 1158 1593 ornaret,
1187 1524 1286 1598 quiae
1308 1526 1365 1579 Deo
1388 1530 1504 1595 sumpla
1520 1532 1572 1593 cst,
1588 1526 1725 1598 quoniam
1752 1528 1826 1583 sicut

75 1618 119 1671 rui
134 1616 227 1671 suiad
247 1616 374 1687 priorem
400 1617 495 1672 zelum
515 1632 645 1673 reversus
659 1616 769 1674 fuisset.
794 1619 923 1690 Quapro·
979 1613 1053 1669 ilaus
1072 1613 1198 1685 primum
1228 1612 1376 1669 bominem
1401 1613 1510 1686 absque
1540 1614 1717 1671 omnisucco
1733 1616 1826 1671 curuis

75 1711 145 1777 pter
164 1706 238 1760 [leus
259 1720 326 1761 eum
346 1705 427 1761 valde
440 1706 623 1777 constrinxit,
646 1711 798 1779 totumque
819 1723 923 1779 corpus
977 1701 1140 1774 plasmavit,
1160 1701 1200 1757 ita
1215 1706 1243 1757 et
1264 1704 1326 1774 ipse
1341 1702 1542 1758 indumentum
1559 1720 1643 1759 suum
1658 1704 1719 1759 sine
1745 1704 1826 1759 omui

78 1793 160 1849 itlius
183 1792 281 1849 labore
302 1793 440 1865 purludit.
472 1794 627 1849 lullrmilas
654 1795 762 1868 quippe
786 1794 865 1849 illius
892 1796 923 1849 in
977 1791 1083 1846 sudore
1098 1789 1206 1862 peccati
1234 1808 1251 1846 a
1273 1791 1436 1862 virginitate
1461 1792 1537 1847 tulit.
1556 1794 1587 1847 ln
1611 1794 1656 1848 bis
1681 1792 1823 1848 enimtri·

75 1882 191 1937 duobus
207 1881 299 1937 modis
314 1887 385 1948 erat,
399 1882 442 1937 ita
456 1887 489 1937 ut
503 1898 603 1939 omues
618 1898 699 1940 reum
712 1882 840 1956 corporis
861 1884 924 1955 ejus
977 1879 1262 1936 busmudisscilicet
1285 1880 1431 1951 conjugio,
1463 1881 1651 1949 coutinentia,
1680 1887 1709 1937 et
1737 1881 1825 1953 virgi-

77 1971 219 2040 lunguore
247 1970 499 2043 perfunderentur,
528 1977 557 2027 et
586 1972 671 2043 ignea
694 1972 791 2044 jacula
819 1971 922 2027 diaboli
977 1967 1067 2022 nitate
1082 1967 1186 2023 Paulus
1200 1982 1301 2023 omncs
1316 1966 1435 2024 virtutes
1449 1984 1623 2041 omnemque
1653 1969 1739 2025 vitam
1759 1986 1825 2025 sun·

75 2060 203 2132 quadam
232 2059 383 2115 dulcedine
417 2060 511 2116 earnis
540 2061 635 2133 ipsum
666 2061 831 2133 fatigarent.
869 2060 922 2117 Sed
977 2060 1089 2111 uturum
1114 2055 1239 2127 collegit,
1256 2060 1342 2128 atque
1368 2055 1530 2113 doctrinam
1552 2060 1749 2130 apostolorum
1764 2060 1823 2114 ele·

75 2149 148 2221 quia
169 2148 312 2203 mirabilia
325 2147 376 2204 liei
405 2149 435 2203 iu
460 2148 700 2221 spirltuviderat,
716 2150 923 2205 idcircoetiam
977 2144 1059 2216 genti
1086 2144 1179 2199 calore
1208 2142 1362 2200 decoravit.
1393 2144 1456 2217 lpse
1491 2162 1608 2218 quoque
1636 2148 1827 2204 calceamenta

74 2237 264 2294 tortissimam
278 2238 335 2291 vim
350 2237 381 2292 in
404 2237 507 2308 spiritu
520 2255 573 2293 suo
590 2239 725 2308 habebat,
741 2243 770 2294 et
784 2240 923 2310 quoniam
975 2233 1096 2304 Jusrttiae
1111 2249 1145 2288 ex
1174 2248 1323 2304 purpureo
1347 2233 1438 2289 serico
1459 2232 1590 2302 iaciebat,
1607 2252 1673 2292 cum
1688 2237 1824 2293 sacculum

74 2326 205 2399 plurima
228 2340 331 2380 arcana
349 2329 377 2381 ct
397 2326 508 2381 occulta
522 2326 657 2398 mysteria
672 2328 848 2399 ultraquam
871 2327 923 2381 ho·
977 2322 1143 2394 peremnia
1166 2312 1354 2394 relinqueret,
1380 2327 1409 2379 et
1431 2340 1497 2379 cum
1522 2325 1587 2397 plus
1602 2325 1737 2381 omuibus
1753 2342 1822 2381 con·

77 2414 152 2470 mini
165 2413 276 2469 licitum
289 2414 327 2469 sit
340 2414 419 2485 loqui
435 2413 609 2485 inspexerat,
635 2415 700 2470 idco
723 2415 808 2470 etiam
837 2414 924 2471 verba
976 2410 1125 2483 discipulis
1151 2411 1210 2467 suis
1238 2426 1290 2483 per
1328 2410 1386 2467 vias
1419 2412 1604 2468 ecclesiarum
1635 2414 1823 2472 discurrendo

75 2507 108 2558 ei
134 2502 298 2574 praedicatio
322 2501 412 2574 ipsius
430 2503 508 2559 rclut
535 2502 607 2557 clavi
626 2502 658 2559 ln
683 2505 775 2558 altum
793 2503 852 2572 liri,
870 2504 923 2574 qui
977 2499 1134 2566 laboraret;
1160 2499 1268 2571 illaque
1291 2500 1446 2571 purissimo
1475 2516 1546 2556 auru
1561 2502 1638 2557 velut
1668 2502 1759 2559 stellis
1775 2505 1824 2558 lu·

75 2592 198 2647 domum
226 2591 378 2658 srrstiueut,
403 2592 531 2658 luerunt,
556 2591 693 2663 quoniam
711 2596 741 2647 et
760 2592 846 2648 Filius
861 2591 922 2660 liei,
977 2587 1107 2643 centibus
1134 2587 1292 2655 exornavit,
1318 2604 1384 2644 curn
1399 2604 1451 2660 per
1469 2589 1544 2645 bona
1560 2606 1648 2662 opera
1661 2590 1824 2663 quibusque

75 2696 166 2753 quem
185 2680 271 2736 llaria
285 2680 370 2752 Virgo
385 2680 494 2751 genuit,
511 2679 598 2735 istum
611 2681 647 2735 de
671 2679 749 2735 tribu
772 2680 924 2752 Bunjamiu
977 2676 1159 2732 credentibus
1184 2678 1315 2748 exempla
1339 2677 1370 2731 iu
1391 2678 1541 2733 sanctitate
1567 2678 1693 2736 lucentia
1717 2696 1823 2751 propo·

75 2770 174 2841 elegit.
200 2770 280 2825 Unde
305 2768 672 2841 etcmterisomuibusqui
694 2770 838 2841 cumipse
860 2785 924 2824 cor·
977 2765 1045 2833 suit,
1067 2764 1118 2820 ubi
1147 2764 1233 2821 etiam
1254 2781 1357 2838 corpus
1383 2782 1469 2821 suum
1497 2767 1532 2823 ad
1560 2768 1724 2839 passionem
1753 2767 1822 2824 dara

74 2859 214 2931 pureliter
229 2858 394 2925 manebant,
410 2857 595 2929 predicando
614 2859 680 2929 plus
693 2858 843 2914 laboravit.
860 2858 920 2914 llu-
977 2854 1132 2910 lestiuavil.

75 2948 132 3004 tier
146 2962 261 3019 quoque
288 2947 324 3002 ed
338 2946 478 3003 bonorem
501 2953 530 3003 et
557 2947 592 3002 ad
618 2947 740 3019 gloriam
757 2946 853 3002 mariti
876 2946 962 3019 suic
1012 2943 1134 2999 lacobus
1153 2946 1250 2997 arttcm
1266 2942 1317 3014 qui
1345 2942 1434 2998 irater
1459 2943 1573 3000 Domini
1590 2945 1683 3000 dictus
1696 2950 1738 3001 est
1760 2962 1824 3001 sua-

74 3050 108 3089 se
123 3039 217 3102 uruat,
239 3040 268 3089 et
292 3039 325 3090 ut
338 3035 395 3106 ipsi
420 3041 500 3091 tanto
519 3036 667 3108 pulchrior
693 3053 754 3093 esse
781 3036 922 3093 videatur.
977 3048 1025 3088 ves
1050 3046 1145 3087 mores
1167 3030 1276 3087 babens
1304 3030 1383 3086 mitis
1408 3030 1472 3100 luit,
1499 3033 1716 3107 doctrinamque
1741 3050 1823 3090 suam

76 3124 178 3194 Etper
190 3123 244 3179 boc
256 3124 342 3179 bomo
362 3129 515 3195 cognoseat
537 3125 662 3197 qualiter
686 3125 814 3181 animam
842 3142 923 3180 suam
977 3120 1032 3176 soli
1060 3122 1117 3176 [leo
1143 3119 1316 3175 intrinsecus
1347 3120 1461 3189 obtulit,
1490 3136 1542 3176 nec
1572 3138 1676 3178 vanam
1699 3122 1822 3194 gloriam

75 3226 174 3266 coram
202 3227 315 3267 summo
330 3228 397 3284 rege
411 3228 513 3268 oruare
534 3212 647 3283 debeat,
664 3214 733 3286 quia
747 3230 814 3270 cum
835 3216 924 3270 homo
977 3208 1131 3283 quaesivit,
1146 3208 1196 3265 sad
1224 3209 1254 3263 in
1270 3224 1376 3281 magno
1390 3209 1485 3265 studio
1510 3215 1600 3267 rectas
1616 3211 1676 3266 vias
1703 3228 1822 3267 currens

75 3300 245 3355 charitatem
273 3300 416 3369 babuerit,
445 3307 553 3357 vestem
582 3318 699 3358 auream
727 3302 782 3359 sibi
811 3303 922 3371 induit3
977 3300 1136 3355 lutulentas
1172 3298 1283 3370 plateas
1314 3298 1492 3353 infidelitatis
1517 3302 1660 3372 purgavit.
1678 3302 1821 3373 Populum

76 3393 165 3461 atque
186 3404 253 3445 cum
278 3389 439 3446 castitatem
466 3391 659 3447 amatlaclem
674 3408 756 3447 suam
776 3408 843 3448 cum
856 3408 924 3463 pre·
977 3403 1094 3461 quoquc
1123 3386 1160 3442 ad
1187 3402 1284 3442 veram
1305 3387 1393 3443 tidem
1422 3390 1573 3456 convertit,
1592 3393 1679 3461 etque
1702 3389 1825 3444 dulciter

78 3477 159 3533 tiosis
173 3477 338 3549 margaritis
351 3483 446 3544 uruat,
470 3483 498 3533 et
525 3495 591 3534 cum
617 3480 819 3537 abstinentiam
845 3481 924 3537 cibo·
977 3476 1104 3544 dictavit,
1134 3475 1280 3547 quomodo
1304 3476 1420 3531 duceret
1441 3475 1543 3532 Filium
1569 3477 1621 3533 Ilei
1646 3478 1681 3533 de
1709 3477 1825 3549 Virgine

75 3580 143 3622 rum
172 3565 207 3621 ad
239 3582 270 3621 se
295 3566 417 3637 colligit,
444 3582 575 3638 purpura
596 3572 625 3623 et
650 3567 735 3639 bysso
775 3584 805 3623 se
830 3568 924 3624 veslit.
977 3569 1091 3635 uatum,
1113 3564 1295 3636 quodetiam
1311 3563 1443 3619 dulcibus
1459 3564 1732 3635 verbieosteudeus‚
1762 3583 1825 3622 sau-

73 3658 258 3726 Quapruptar
276 3654 363 3710 etiam
379 3656 467 3710 bomo
482 3655 533 3727 qui
553 3655 707 3727 apeceatis
721 3672 752 3711 se
779 3655 924 3712 abstinere
977 3652 1030 3708 ctis
1049 3668 1164 3723 quoque
1185 3652 1321 3723 operibus
1345 3668 1377 3707 ec
1401 3652 1533 3723 plurimis
1558 3653 1821 3725 signisallirmavit.

74 3744 150 3812 vult,
165 3758 265 3798 carnes
292 3742 408 3811 devitet,
438 3760 503 3816 quus
526 3748 625 3800 temen
646 3745 683 3801 ob
712 3744 924 3818 reparationem
977 3742 1033 3797 Per
1059 3756 1175 3795 suavem
1196 3740 1294 3811 itaque
1321 3739 1451 3795 auditum
1472 3742 1628 3797 verborum
1652 3758 1769 3799 snorum
1794 3744 1824 3799 iu

77 3831 208 3888 sanitatis
235 3831 453 3900 manducentur,
474 3833 612 3904 quoniam
640 3849 741 3889 carues
765 3850 840 3905 saepe
865 3848 925 3888 oar·
978 3844 1061 3884 aures
1078 3828 1197 3901 justitia
1221 3827 1341 3900 paravit.
1357 3826 1478 3884 Sinistra
1493 3828 1570 3884 euim
1594 3831 1673 3885 auris
1701 3847 1735 3886 ex
1750 3832 1824 3903 bya-

77 3934 147 3974 uem
172 3916 298 3971 bominis
321 3917 356 3972 ad
385 3922 502 3988 peecata
531 3919 660 3973 trahunt.
694 3919 798 3974 Paulus
825 3923 923 3975 autem
978 3916 1156 3983 cintboluit‚
1185 3917 1368 3988 coloremque
1392 3932 1471 3988 purus
1488 3917 1573 3973 uubis
1599 3918 1711 3987 habult,
1734 3920 1824 3991 signi·

76 4009 256 4079 praeceptum
271 4004 444 4075 virginitatis
457 4005 488 4061 iu
503 4006 567 4077 lege
586 4023 644 4063 uon
666 4007 778 4073 habuit,
794 4008 870 4063 unde
896 4012 926 4063 et
978 4006 1068 4062 ilcaus
1089 4006 1166 4076 quod
1194 4004 1281 4061 lilius
1302 4005 1354 4060 Dei
1381 4006 1488 4078 absque
1515 4011 1632 4079 peccatu
1662 4008 1693 4063 iu
1716 4010 1825 4065 mundo

75 4094 156 4149 illam
178 4092 345 4149 hominibus
360 4109 419 4149 uon
442 4093 557 4161 indixit,
587 4096 637 4151 sed
656 4094 809 4151 consilium
833 4096 924 4166 dedit,
978 4098 1161 4150 conversatus
1175 4097 1218 4148 est
1230 4098 1345 4165 peccata
1360 4094 1511 4151 bominum
1529 4095 1628 4151 delens
1644 4100 1672 4152 et
1686 4096 1822 4165 abluens;

76 4182 147 4254 quia
166 4186 342 4254 preceptum
368 4180 514 4249 timorem,
542 4184 696 4238 consilium
718 4200 784 4240 vero
796 4200 925 4240 amorem
978 4184 1094 4240 dextera
1108 4186 1204 4238 autem
1220 4198 1254 4238 ex
1276 4182 1436 4238 rubicundo
1450 4184 1604 4256 hyacintho
1618 4185 1684 4254 luit,
1714 4186 1824 4257 passio·

77 4271 217 4337 babet;et
243 4270 306 4325 idco
334 4275 512 4342 preceptum
555 4271 667 4327 timoris
695 4273 773 4344 quod
800 4271 925 4327 exterius
943 4258 1046 4328 1luem
1057 4271 1186 4342 ejusdem
1212 4270 1274 4327 Filii
1290 4271 1341 4327 liei
1355 4272 1567 4341 demonstraus,
1591 4290 1643 4346 per
1664 4275 1825 4345 quemdia·

77 4359 205 4428 eruditur,
230 4359 378 4414 multoties
413 4359 631 4431 praevaricatum
665 4362 818 4417 consilium
856 4375 924 4415 vero
977 4359 1061 4417 bolus
1076 4360 1202 4415 devictus
1216 4364 1268 4415 est.
1284 4359 1363 4417 Unde
1376 4361 1474 4433 etipse
1492 4362 1630 4435 martyrio
1646 4380 1675 4418 se
1686 4364 1823 4420 subdidit.

77 4447 195 4515 amoris,
221 4448 298 4519 quod
324 4462 425 4503 omnes
463 4463 543 4504 venre
568 4449 697 4505 bominis
719 4450 750 4505 iu
780 4449 924 4506 desiderio
1014 4446 1113 4503 Simon
1141 4462 1208 4502 vero
1236 4448 1350 4521 sapiens
1374 4454 1402 4505 et
1430 4452 1566 4505 strenuus
1594 4450 1659 4514 luit,
1679 4456 1766 4523 atquc
1783 4452 1826 4506 iu·

79 4535 244 4608 percipiunt
265 4536 389 4591 tirmiter
412 4541 537 4592 tenetur.
563 4538 618 4594 Sed
638 4539 776 4611 quoniam
790 4540 925 4612 primitus
978 4535 1205 4592 numerabilibus
1230 4536 1353 4607 peccatis
1379 4536 1539 4593 infidelium
1561 4555 1659 4594 amaru
1683 4543 1826 4596 tormenta

80 4640 131 4696 per
145 4628 307 4694 serpentem
329 4624 483 4680 consilium
508 4626 702 4683 disturbatum
717 4632 769 4696 est,
797 4645 832 4684 ex
851 4627 925 4683 auli·
979 4626 1154 4701 praedicavit,
1185 4642 1347 4699 magnaque
1377 4627 1461 4699 signa
1499 4628 1530 4683 in
1553 4628 1638 4685 llrma
1664 4629 1722 4685 fida
1747 4630 1824 4686 lecit.

79 4729 138 4784 quo
152 4712 273 4767 consilio
296 4715 371 4769 Deus
385 4715 473 4770 humo
499 4716 591 4771 lactus
605 4720 658 4786 est,
675 4717 705 4773 in
730 4733 787 4789 quo
802 4718 925 4772 charitas
981 4715 1061 4775 Unde
1083 4719 1111 4770 et
1126 4714 1259 4770 homines
1282 4731 1347 4770 eum
1378 4715 1502 4772 libenter
1530 4716 1693 4788 audieruut,
1710 4733 1743 4774 ac
1771 4724 1827 4775 tur·

79 4803 121 4855 ita
148 4800 276 4869 ardebat,
301 4807 334 4856 ut
367 4807 460 4858 totum
490 4805 630 4859 muudum
667 4805 853 4861 illuminaret.
891 4805 927 4860 Et
981 4802 1116 4859 reusiler
1131 4802 1166 4858 ad
1184 4802 1403 4875 lidamparavit,
1424 4804 1492 4877 quia
1507 4806 1640 4862 timorem
1657 4806 1758 4863 mortis
1786 4808 1827 4863 eis

81 4890 247 4945 ideustiem
269 4890 374 4945 Paulus
397 4908 432 4946 ex
449 4892 560 4948 occulto
576 4892 743 4950 oonsiliode
760 4893 926 4965 virginitate
979 4892 1139 4966 proposuit.
1156 4892 1213 4947 lloc
1236 4893 1322 4949 modo
1341 4908 1394 4965 pur
1420 4909 1559 4967 maguum
1583 4895 1761 4967 preconium
1791 4912 1825 4953 ex

83 4980 246 5048 consilium,
263 4985 293 5036 et
317 4996 377 5035 uon
390 4980 546 5051 imperium
567 4981 655 5051 dedit,
669 4998 755 5053 quam
771 4997 856 5037 nemo
872 4982 927 5037 bo·
980 4980 1132 5052 smaragdo
1146 4985 1173 5035 et
1188 4980 1284 5037 rubeis
1308 4982 1423 5053 lapillis,
1440 4986 1469 5037 et
1489 5000 1521 5039 ex
1538 4982 1615 5038 bacis
1630 4988 1717 5056 elque
1746 5000 1827 5040 mar-

86 5070 198 5125 minum
222 5068 444 5140 perimperium
469 5068 644 5124 constituere
670 5070 764 5137 debet,
789 5070 927 5142 quoniam
980 5069 1082 5142 geritis
1103 5067 1211 5123 monile
1231 5068 1350 5140 justitiae
1373 5069 1532 5139 fabricavit,
1565 5086 1631 5127 cum
1654 5088 1708 5145 par
1731 5074 1826 5129 muni-

85 5159 159 5213 lluus
180 5157 261 5213 illem
287 5158 318 5211 iu
339 5157 494 5230 semetipso
510 5158 545 5213 ad
569 5157 727 5229 perlectum
741 5157 830 5215 duxit.
847 5159 928 5215 Unde
981 5162 1114 5213 mentum
1136 5162 1320 5213 strenuorum
1340 5174 1456 5215 murum
1479 5160 1586 5216 mouile
1604 5160 1679 5231 lecit,
1694 5162 1740 5217 cui
1754 5178 1827 5217 sma-

84 5249 112 5300 ct
126 5245 240 5301 castitas
253 5246 345 5317 legale
357 5251 534 5317 praeccplum
549 5246 658 5302 servitii
672 5263 724 5302 seu
736 5246 849 5303 timoris
868 5263 928 5303 non
981 5246 1104 5318 ragdum
1119 5262 1171 5318 per
1186 5244 1360 5304 viriditatem
1381 5248 1584 5321 pradictiuuis,
1600 5266 1633 5305 ae
1657 5251 1760 5307 rubeos
1783 5253 1828 5307 la-

84 5336 201 5404 babcus,
226 5334 287 5390 sula
319 5334 410 5389 libem
431 5334 462 5388 in
491 5335 549 5390 lleo
572 5334 680 5408 absque
705 5336 786 5391 omni
825 5336 928 5393 timore
982 5336 1067 5409 pillos
1082 5352 1146 5391 cum
1172 5336 1283 5394 coeterls
1299 5336 1377 5393 bacis
1400 5342 1429 5393 et
1448 5338 1610 5411 margaritis
1628 5340 1826 5412 pertimorem

83 5428 147 5478 stat.
982 5438 1134 5497 poenarum
1163 5424 1312 5496 imposuit,
1341 5441 1393 5481 nec
1421 5430 1595 5483 tormentum
1614 5428 1744 5500 martyrii
1769 5446 1828 5486 me·
