3984 6034
112 243 164 302 sei
508 252 514 260 '
782 235 963 300 hristum.
974 271 1009 285 -·
1029 235 1136 300 EPiS'l'.
1157 235 1200 299 Gi.
1813 243 1865 300 lii

110 370 181 424 liter
202 369 310 437 videre,
334 375 363 424 at
385 368 527 424 Dilectum
553 372 683 424 nostrum
706 367 779 423 iacie
802 368 839 423 ad
861 367 964 422 taciem
982 365 1123 433 emeriti,
1147 365 1226 438 quod
1252 381 1285 420 ex
1308 365 1431 438 Spiritus
1452 367 1541 423 saneti
1565 363 1740 423 revelatione
1754 379 1865 440 cogno-

109 458 144 513 in
158 459 262 513 decore
273 475 327 513 suo
344 473 508 514 mereamur
516 457 716 528 contemplari.
1016 471 1094 510 scere
1112 455 1230 511 valentis
1245 455 1313 527 quid
1327 455 1459 528 expediat
1472 457 1584 512 homini
1605 456 1708 525 lacere,
1737 462 1866 529 propter-

307 563 515 620 flssspop'spfl
532 562 774 619 fflgpgggflpqs,
1017 559 1051 598 ea
1085 543 1243 599 humilibus
1276 543 1408 614 precihus
1440 560 1527 599 exoro
1560 545 1695 616 pietatem
1729 553 1864 614 vestram,

202 652 262 707 suh
279 650 388 725 styps-i,
411 651 591 706 mama
606 649 790 707 ‚mmmm
811 652 873 705 000,
1016 638 1159 704 quotenus
1172 647 1225 705 pro
1238 648 1284 688 me
1297 633 1453 689 Dominum
1479 632 1573 688 velius
1594 635 1754 704 consulere,
1771 635 1796 688 si
1810 633 1865 688 sibi

149 741 219 794 01„
234 756 301 812 quoe
316 741 456 812 magist„
473 755 505 796 θ,
526 740 557 794 i„
582 739 693 811 fnpgorg
714 738 842 794 „rigum
864 736 962 804 fontis,
1016 721 1122 793 placita
1139 724 1176 775 sit
1190 722 1369 776 conversatio
1384 737 1458 790 mea,
1476 737 1513 776 ne
1529 735 1575 776 me
1594 725 1660 793 pust
1674 724 1727 779 hac
1747 728 1865 778 senten·

112 829 192 900 quod
212 830 299 885 ΘΜ
323 830 384 886 ,pce
406 829 521 896 Christi,
547 828 637 884 augi:
658 831 730 885 ΕΜ
755 825 824 882 „5051
854 829 909 883 geo
928 825 965 880 d,
1017 809 1058 864 tia
1084 809 1133 864 illa
1157 810 1332 882 Gregoriuna
1353 811 1478 879 denotet,
1504 826 1569 882 quoe
1597 810 1696 866 dixit:
1727 833 1738 862 a
1766 813 1865 868 llalius

113 913 192 969 gripu
212 916 305 984 Ma,
330 918 416 974 ,Μὰ
439 917 529 974 m
550 918 657 990 (ΛΡΜ,
683 917 720 989 γ),
737 919 795 972 gg,
824 916 881 970 ηις,
908 920 961 970 „g
1016 898 1254 954 luerateisviam
1275 899 1475 955 veritatisnou
1490 901 1665 970 cognovisse,
1691 916 1778 972 quam
1802 907 1866 973 post

113 1003 205 1058 Pilius
219 1005 299 1061 enim
312 1007 449 1077 splendor
469 1012 574 1062 sanctie
598 1005 757 1062 divinitatis
780 1006 858 1062 reiut
881 1005 964 1061 radix
1016 987 1211 1058 ⁰⁰8¹¹ii50ss⁰ffl
1228 987 1262 1042 ⁸b
1278 1003 1311 1043 ²⁸
1326 987 1355 1042 in
1370 987 1496 1043 ἆθῑθΐὶΰθ
1512 987 1660 1044 ἆθῦὶάῑθθθ·
1678 1008 1691 1040 ¹⁸
1708 990 1747 1045 ⁰⁰
1761 992 1864 1045 &¹01⁰

112 1097 167 1146 eet.
183 1094 247 1164 lpse
262 1109 388 1167 namque
399 1095 478 1167 rugit
492 1097 569 1150 reiut
582 1097 638 1162 leo,
649 1111 715 1150 cum
732 1095 859 1167 primum
878 1109 965 1166 ange.
1016 1075 1133 1130 valeatis
1145 1075 1175 1130 in
1192 1076 1325 1142 itomino,
1342 1081 1414 1132 elea
1428 1091 1493 1147 quse
1506 1075 1648 1147 postulavi
1662 1075 1754 1145 pietas
1769 1081 1864 1132 vestra

111 1180 227 1237 lumin
249 1199 317 1239 casu
339 1184 431 1256 ipsius
451 1184 597 1240 imitantes
620 1184 652 1240 in
675 1184 821 1240 inlernum
838 1183 961 1256 projicit,
1016 1163 1728 1236 ¹¹⁰¹¹f⁰¹¹²¹¹¹i¹¹¹fl¹i1³⁰?l‘ffi‘ss‘sslifflssllffl'iiiffl'ssm
1752 1162 1865 1235 Wilttis

111 1269 155 1324 ita
174 1271 254 1342 quod
277 1276 307 1327 et
337 1272 378 1327 ibi
407 1289 522 1328 omnem
558 1273 729 1345 injustitiam
764 1273 963 1328 frendentibus
1016 1253 1178 1324 ‘¹⁰⁸issflffls
1211 1258 1240 1308 ⁰1
1267 1251 1408 1324 ‘inid‘luid
1428 1251 1538 1350 timii&
1566 1251 1617 1306 ⁰⁰5
1648 1267 1702 1323 W
1723 1251 1865 1324 spiritum

111 1357 251 1414 dentibus
265 1375 282 1413 a
295 1375 326 1414 se
346 1359 474 1431 depellit,
491 1364 520 1414 ei
544 1361 584 1415 ita
608 1361 687 1417 radix
708 1360 885 1417 fortitudinis
908 1367 960 1417 est.
1017 1357 1101 1398 ΨΜ
1117 1346 1248 1397 mium
1263 1340 1387 1396 '⁰hl3d0
1407 1341 1451 1396 ¹¹¹⁸
1465 1340 1607 1412 placuerit
1619 1341 1755 1395 ”ldm-

111 1446 221 1503 Omnes
245 1453 341 1502 autem
372 1447 422 1520 qui
447 1463 513 1502 eum
543 1448 600 1504 ilde
630 1449 814 1518 confitentur,
839 1455 868 1504 et
886 1451 962 1504 bono
1207 1447 1412 1504 RESPONSUM
1433 1447 1675 1503 illluEGlflbls.

111 1552 203 1608 opere
222 1539 354 1607 tangunt,
379 1538 413 1592 ad
430 1553 460 1591 se
483 1537 582 1602 trahit,
599 1541 628 1590 et
641 1537 679 1592 ob
699 1538 753 1592 hoc
767 1537 865 1591 omnia
879 1535 963 1608 quasi
1087 1536 1217 1609 lprincu
1232 1553 1294 1592 esse
1316 1535 1387 1592 utile
1400 1551 1471 1592 unua
1486 1533 1636 1608 regiminis
1657 1535 1792 1606 adjicere.

110 1624 269 1680 leoviucit.
287 1625 506 1681 Nuncaudime
531 1626 735 1681 admouentem
755 1631 792 1680 te.
822 1625 1001 1710 OmnibusB
1052 1625 1287 1681 Inveravisione
1302 1624 1504 1696 mysteriorum
1526 1623 1576 1681 Dei
1591 1625 1651 1680 hoec
1667 1625 1753 1680 rerba
1777 1625 1862 1680 audi:

110 1715 189 1769 riam
205 1731 293 1770 unam
317 1717 392 1770 licus
412 1714 547 1782 instituit,
565 1720 597 1769 ut
620 1729 720 1770 omues
736 1714 766 1769 in
783 1731 816 1770 ea
833 1714 962 1769 ambula·
1017 1713 1161 1771 Olilisde
1176 1715 1264 1770 latere
1288 1713 1342 1769 riri
1366 1719 1438 1782 orta,
1467 1718 1495 1768 et
1510 1712 1603 1784 ligura
1629 1713 1658 1767 iu
1674 1713 1863 1768 edificatione

111 1808 188 1857 rent.
206 1803 261 1859 Sed
276 1804 335 1859 duo
347 1803 400 1858 riri
411 1805 443 1859 in
458 1804 546 1859 latere
571 1804 701 1875 ejusdem
716 1803 769 1858 riae
795 1803 918 1871 stabant,
934 1806 963 1858 et
1018 1803 1068 1858 Dei
1084 1803 1217 1872 formata,
1233 1818 1322 1874 quare
1345 1801 1476 1868 tabescis,
1496 1801 1537 1856 ita
1551 1800 1627 1873 quod
1653 1816 1734 1855 meus
1758 1805 1807 1855 tua
1833 1801 1864 1855 io

110 1890 188 1945 alter
213 1892 247 1947 ad
275 1893 398 1948 alterum
423 1893 517 1949 dixit:
535 1914 550 1942 ι(
571 1893 603 1948 ln
626 1893 730 1964 plateis
758 1898 819 1948 tam
842 1891 963 1946 libenter
1015 1891 1211 1946 vicissitudine
1224 1890 1345 1946 nubium
1358 1890 1442 1957 solat,
1468 1905 1540 1961 quas
1564 1894 1719 1959 tempestas
1741 1889 1863 1943 circum·

111 1996 202 2051 qnam
218 1979 248 2035 in
262 1979 452 2048 risambul03
470 2001 485 2034 r
500 1985 530 2036 et
547 1982 620 2036 alter
634 1980 730 2036 dixit:
749 1981 817 2036 «lta
828 1984 855 2035 et
866 1995 931 2050 ego.
946 1999 961 2027 c
1016 1979 1105 2047 ducit,
1118 1980 1158 2033 sic
1173 1979 1250 2051 quod
1273 1979 1419 2033 interdum
1437 1983 1469 2032 ut
1493 1979 1539 2032 lux
1562 1977 1649 2044 lucet,
1665 1983 1694 2032 ct
1717 1977 1863 2032 interdum

112 2069 263 2140 Etpostea
285 2073 473 2140 respexerunt
491 2069 525 2124 ad
550 2069 647 2140 spinas
670 2074 700 2123 et
727 2068 761 2123 ad
787 2067 964 2133 tribulos,et
1016 2067 1194 2124 obscuretur.
1210 2067 1255 2124 Sic
1270 2072 1314 2122 est
1334 2082 1416 2122 meus
1431 2073 1479 2121 tua
1493 2081 1546 2137 per
1571 2066 1722 2138 strepitum
1750 2081 1864 2120 morum

111 2157 163 2211 illa
183 2158 395 2213 desiderabant.
421 2159 453 2213 lit
471 2157 612 2214 Dominus
636 2157 707 2213 dixit
728 2157 793 2212 eis:
813 2177 827 2206 α
846 2157 895 2211 isti
916 2172 963 2210 me
1016 2156 1143 2226 illorum,
1160 2157 1285 2228 quinon
1305 2155 1418 2228 fulgent
1440 2160 1505 2210 aute
1521 2156 1619 2211 Deum.
1636 2154 1690 2211 Sed
1712 2159 1742 2210 tu
1767 2154 1862 2210 dicis:

111 2247 228 2312 nolunt,
244 2261 340 2318 neque
354 2247 384 2301 in
407 2247 511 2302 vexillo
532 2263 598 2302 mec
616 2262 745 2319 pugnare
760 2248 872 2315 volunt,
896 2246 962 2301 ideo
1017 2247 1086 2300 Volo
1101 2246 1290 2317 requiescere,
1308 2251 1337 2301 et
1349 2247 1443 2301 locum
1459 2245 1607 2316 requirere
1620 2244 1671 2299 ubi
1697 2260 1747 2298 cor
1765 2261 1863 2300 meum

111 2335 148 2390 de
163 2351 211 2389 mc
234 2334 350 2390 abscissi
374 2338 450 2390 sunl.
472 2357 486 2384 »
513 2337 592 2391 Tunc
615 2335 651 2391 de
670 2336 781 2390 oriente
801 2335 908 2389 milites
931 2335 961 2389 in
1015 2334 1116 2389 nidum
1132 2335 1245 2402 haheat,
1262 2335 1302 2389 ita
1322 2339 1354 2388 ut
1374 2337 1403 2388 et
1416 2333 1514 2388 anima
1537 2349 1602 2388 meu
1628 2332 1669 2388 ibi
1693 2333 1863 2406 requiescat.

111 2425 202 2478 armis
220 2423 302 2478 ratde
322 2425 416 2478 ornati
432 2428 574 2479 venerunt
597 2423 746 2479 dicentes:
770 2423 825 2478 leta
844 2423 890 2477 via
904 2438 963 2477 am·
1016 2421 1122 2489 olitis,
1144 2429 1260 2477 nonest
1284 2422 1352 2476 utile
1368 2422 1445 2492 apud
1465 2423 1554 2477 ileum
1578 2426 1608 2478 ut
1621 2437 1694 2478 onus
1715 2426 1797 2477 tuum
1812 2421 1865 2476 ab·

112 2512 215 2567 bulare
229 2512 373 2580 volumus,
389 2517 419 2568 et
433 2513 573 2568 Dominus
597 2512 655 2568 iilis
677 2526 788 2584 pennas
811 2512 961 2583 cujusdam
1012 2509 1093 2581 jicius
1108 2510 1219 2566 etorile
1236 2511 1285 2567 Dei
1300 2511 1458 2582 relinquas,
1475 2526 1541 2565 oum
1562 2511 1633 2566 iliud
1654 2511 1752 2566 iumen
1776 2509 1864 2566 habas

110 2600 262 2656 architecti
282 2600 371 2668 dedit,
404 2605 434 2655 ct
456 2600 605 2656 cherubim
634 2601 726 2656 oculis
750 2599 808 2655 suis
840 2599 875 2654 ad
897 2599 962 2654 illos
1015 2615 1067 2670 per
1079 2598 1157 2670 quod
1172 2599 1214 2655 illi
1239 2599 1345 2666 luceas,
1361 2599 1449 2655 itaut
1469 2599 1504 2655 ad
1529 2615 1633 2671 pascue
1654 2599 1725 2656 illud
1748 2601 1863 2656 educas.

110 2688 194 2743 vidit.
211 2687 312 2742 Aristi
334 2688 505 2744 delumine
528 2693 589 2743 tam
603 2688 690 2743 fortes
710 2687 777 2742 iacti
791 2691 867 2754 sunt,
885 2686 962 2758 quod
1017 2688 1097 2743 Nunc
1120 2691 1216 2743 autem
1242 2693 1269 2743 te
1293 2687 1357 2759 ipss
1382 2703 1492 2754 coerce,
1517 2704 1553 2743 ne
1580 2703 1660 2744 meus
1687 2693 1736 2743 tua
1761 2687 1865 2759 flagret

109 2777 269 2833 certamine
292 2776 360 2832 boni
389 2777 482 2848 proelii
508 2777 606 2832 satiari
633 2791 692 2831 uon
714 2779 881 2848 potnerunt.
906 2774 962 2829 liii
1015 2777 1153 2848 perhanc
1169 2776 1349 2832 dnlcedinem
1379 2791 1443 2848 quae
1470 2775 1553 2832 valde
1569 2775 1624 2832 tihi
1640 2777 1766 2832 uocetin
1781 2775 1864 2830 sicis-

110 2872 210 2921 antem
233 2866 288 2922 riri
314 2866 345 2921 in
368 2865 447 2922 brevi
477 2870 607 2938 tempore
627 2864 740 2936 fatigati
765 2867 844 2932 suut,
871 2868 899 2918 et
923 2863 962 2918 ita
1016 2865 1139 2920 situdine
1160 2863 1313 2936 singularis
1335 2864 1410 2919 vitae.
1432 2865 1474 2920 Tu
1498 2879 1564 2920 vero
1592 2864 1664 2932 rire,
1690 2865 1757 2937 quia
1772 2865 1865 2936 gretie

108 2955 273 3026 perierunt,
288 2955 358 3025 quia
383 2955 447 3010 cibo
462 2954 529 3010 viter
554 2953 629 3026 pasti
658 2969 716 3008 non
741 2957 819 3007 sunt.
840 2953 961 3019 Nunc,o
979 2956 1001 3012 C
1016 2953 1065 3008 liei
1083 2959 1110 3008 te
1126 2953 1195 3008 vult.
1213 2953 1288 3009 Cave
1312 2951 1401 3024 igitur
1423 2967 1460 3008 ne
1479 2957 1508 3008 te
1529 2953 1565 3008 ab
1586 2952 1649 3024 ipsa
1672 2952 1819 3009 abstrahas
1833 2954 1864 3008 in

109 3043 199 3097 chara
219 3040 281 3096 fllia
306 3042 368 3109 Ilei,
392 3043 426 3097 ad
443 3043 508 3098 illos
531 3041 690 3097 militantes
715 3041 819 3096 militas
838 3041 959 3109 respice,
1016 3040 1167 3114 vagatione
1183 3041 1286 3096 mentis
1307 3047 1373 3097 ture.
1391 3041 1466 3096 Deus
1489 3042 1603 3112 adjuvet
1625 3047 1664 3110 te,
1680 3047 1712 3098 ut
1739 3041 1769 3096 iu
1791 3057 1865 3114 pura

107 3135 254 3202 quatenus
268 3129 299 3184 in
314 3129 412 3201 aliqua
428 3135 510 3201 parte
525 3145 591 3185 oum
607 3129 649 3184 eis
671 3129 720 3199 sis,
732 3132 761 3184 et
774 3128 805 3183 iu
820 3135 960 3185 aeternum
1016 3131 1137 3187 seientia
1151 3131 1261 3202 vigiles.

106 3219 196 3273 vises.
1327 3200 1493 3257 eristum
1512 3201 1554 3256 Cl.

429 3305 596 3362 ΕΡῐετοιΑ
615 3306 644 3361 ο,
1016 3307 1118 3346 suerin
1138 3306 1285 3346 sensusne
1314 3306 1341 3345 ru
1361 3305 1488 3345 sisinnus
1517 3306 1551 3345 sn
1579 3305 1769 3346 ninurosnneu
1799 3290 1862 3360 ul).

201 3411 225 3450 s.
245 3409 393 3451 meurisse
412 3412 441 3451 ira
462 3410 593 3450 airericu
612 3411 647 3449 sn
671 3409 871 3449 erinecsanau.
1089 3379 1196 3446 le'l
1208 3395 1247 3435 (Μ
1260 3395 1332 3434 W
1346 3377 1421 3450 ΨΜ
1433 3381 1533 3450 immi
1546 3377 1676 3434 dmm
1688 3377 1801 3434 ‘lebwi-

110 3481 407 3555 gvufflpimre·
436 3481 965 3554 mpmuntim'epoeuamwffl
1054 3469 1223 3522 Hruueosnur
1247 3466 1400 3538 singularis
1423 3465 1517 3521 meriti
1545 3465 1698 3534 magistre,
1728 3463 1863 3535 spiritua-

143 3554 269 3622 inctudi,
289 3558 356 3610 orat
371 3499 436 3610 m
445 3554 656 3627 beneplacitum
675 3569 729 3625 per
748 3552 962 3626 Hildegurdem
1015 3555 1087 3610 lium
1105 3554 1244 3610 virtutum
1267 3555 1412 3626 sapphiris
1443 3554 1595 3621 distinctu,
1620 3553 1734 3620 Surum,
1759 3553 1790 3608 in
1811 3553 1864 3608 lli-

144 3625 317 3698 “Wflw'i-
1016 3642 1123 3712 ningun
1147 3642 1222 3697 dicta
1246 3643 1468 3712 abbatisse‚‘sed
1491 3659 1595 3714 parum
1610 3641 1773 3714 proficiens,
1798 3657 1864 3696 ora-

148 3735 244 3788 lteatae
264 3731 415 3788 memoriae
442 3731 474 3786 li.
503 3730 540 3785 de
565 3730 593 3786 8.
625 3731 763 3801 liuperto,
780 3730 808 3786 S.
825 3732 886 3786 solo
909 3747 962 3787 no·
1015 3729 1104 3784 tionis
1119 3729 1290 3802 obsequium
1305 3731 1480 3787 iudeficiens.

111 3823 193 3878 mine
222 3821 368 3877 abbatissa
402 3821 433 3875 in
474 3818 608 3874 Altnvich
646 3820 835 3891 trajectensis
867 3820 964 3875 Eccle-
1052 3820 1157 3876 Audita
1179 3821 1369 3893 praerogative
1392 3827 1449 3875 tuae
1473 3820 1641 3890 sanctitatis,
1663 3821 1767 3891 pennis
1788 3835 1864 3893 prae·

111 3912 174 3982 sim,
199 3910 323 3966 introire
354 3910 476 3965 cherum
504 3908 625 3964 humine
648 3907 793 3964 luminum
814 3907 962 3966 illumine-
1016 3908 1130 3980 petibus
1142 3909 1177 3964 ad
1196 3910 1292 3965 sinum
1318 3910 1437 3965 convolo
1462 3914 1520 3965 tuae
1549 3909 1706 3974 charitatis,
1727 3925 1779 3981 pro
1800 3909 1863 3964 loce

111 4006 187 4054 tum.
1017 3997 1139 4067 cupiens
1152 3998 1228 4069 apud
1243 4002 1271 4053 te
1285 3998 1492 4066 commendari,
1508 4013 1573 4070 que
1592 4013 1749 4070 pei-reram
1771 3999 1863 4056 lucem

147 4087 223 4152 Quia
245 4087 344 4142 nullus
362 4085 516 4142 hominum
540 4086 615 4142 valet
635 4084 790 4142 mundanis
810 4084 964 4158 concupis·
1017 4086 1052 4141 ad
1068 4086 1313 4144 illuminationem
1334 4088 1465 4161 gentium
1489 4087 1618 4143 mernisti
1641 4087 1770 4142 revelari.
1796 4085 1864 4152 Quis

109 4177 214 4232 centiis
240 4176 417 4245 renuntiare,
443 4175 529 4232 etad
556 4189 711 4246 supernam
736 4175 859 4246 patriam
882 4174 964 4229 omui
1018 4175 1095 4230 enim
1111 4191 1169 4232 non
1183 4177 1340 4233 delectetur
1353 4177 1383 4232 iu
1398 4176 1505 4232 laribus
1520 4177 1618 4232 matris
1640 4175 1778 4248 Sophiae?
1796 4173 1865 4240 Quis

108 4266 275 4321 intentione
290 4265 437 4330 anhelare,
461 4263 517 4318 nisi
531 4263 558 4318 ei
571 4263 723 4318 desursum
748 4263 848 4319 datum
876 4263 964 4318 luerit
980 4257 1004 4311 D
1019 4281 1077 4320 non
1090 4268 1191 4336 sponte
1210 4271 1337 4337 apponat
1351 4281 1450 4320 auram
1477 4265 1586 4321 coelesti
1602 4265 1784 4321 harmonice?
1809 4268 1866 4320 hut

109 4354 218 4411 Christi
238 4353 397 4425 juvamine,
427 4352 494 4408 ideo
525 4351 660 4424 religioni
694 4357 793 4408 vestrae
828 4351 963 4409 intimare
1017 4354 1082 4426 qnis
1097 4369 1156 4410 non
1176 4359 1255 4426 optet
1279 4355 1380 4410 audire
1404 4353 1494 4409 sancti
1515 4353 1637 4426 Spiritus
1658 4369 1799 4425 organum
1822 4357 1866 4409 tot

110 4444 198 4516 cupio
225 4444 306 4516 quid,
332 4444 390 4499 Dec
417 4443 582 4514 instigante,
607 4448 638 4498 et
664 4442 788 4514 Spiritus
811 4442 855 4498 sui
870 4442 964 4514 gratia
1018 4443 1157 4498 virtutum
1169 4443 1302 4498 tremulis
1316 4441 1503 4513 praefinitum,
1518 4447 1561 4498 tot
1574 4442 1778 4498 miraculorum
1795 4458 1865 4498 arre-

110 4537 297 4604 cooperanta,
319 4532 501 4603 conceperim
535 4531 566 4586 in
589 4531 686 4586 animo
723 4545 799 4587 meo.
824 4531 964 4587 Dominus
1017 4532 1132 4604 glyphis
1157 4531 1274 4604 mystice
1305 4530 1501 4603 insignitum?
1532 4531 1607 4587 Rene
1635 4531 1751 4603 quidem
1778 4547 1866 4586 sunus

111 4627 222 4688 noster,
251 4622 303 4693 qni
330 4636 390 4676 uon
417 4620 480 4676 vult
503 4619 631 4692 aliquam
651 4620 686 4675 de
706 4620 809 4675 ovibus
829 4619 964 4675 suisessa
1017 4620 1070 4676 iste
1085 4621 1114 4675 iu
1129 4635 1245 4677 omnem
1262 4624 1368 4675 terram
1383 4619 1477 4689 exivit,
1502 4619 1584 4690 cujus
1602 4619 1778 4692 euphoniam
1801 4619 1866 4690 Spi-

113 4725 281 4778 errcneam,
295 4709 344 4764 sed
357 4709 431 4764 sicut
444 4709 537 4764 bonus
549 4713 648 4780 pastor
661 4708 741 4780 cupit
763 4723 864 4764 omnes
878 4723 963 4763 reso-
1018 4707 1098 4774 ritus,
1115 4709 1166 4780 qui
1181 4725 1198 4764 a
1212 4711 1295 4764 Patre
1309 4708 1449 4780 procedit,
1465 4709 1602 4766 condivit.
1629 4710 1703 4780 Ergo
1719 4709 1811 4764 clama
1835 4707 1865 4762 in

112 4799 228 4854 caraad
244 4798 345 4854 salutis
367 4803 484 4854 eternae
508 4798 594 4866 aiam,
617 4797 768 4870 inspiravit
794 4797 872 4852 cordi
886 4812 962 4865 meo,
1018 4795 1187 4852 fortitudine
1210 4798 1261 4869 qui
1287 4796 1441 4852 annuntias
1468 4812 1568 4868 pacem
1583 4795 1613 4852 in
1638 4797 1803 4864 latitudiua;
1820 4813 1866 4852 ve·

113 4894 148 4944 ut
175 4893 257 4960 puto,
285 4892 428 4960 quatenus
454 4903 527 4943 onus
554 4887 713 4958 regiminis,
742 4887 820 4959 quod
839 4885 965 4958 graviter
1018 4886 1100 4942 nient
1113 4887 1149 4942 ad
1163 4890 1192 4941 ta
1215 4902 1314 4942 omues
1333 4891 1434 4958 gentes
1460 4887 1537 4942 ultra
1558 4885 1680 4942 flumina
1703 4886 1864 4958 AEthicpiae,

110 4983 212 5051 porto,
228 4977 438 5048 derelinquam,
454 4983 484 5032 et
494 4992 541 5032 me
559 4976 708 5032 solitudini
717 4976 838 5047 alicujus
853 4976 963 5031 cellulae
1019 4986 1141 5030 munera
1159 4975 1251 5031 laudis
1269 4974 1432 5031 offerentes.
1450 4975 1520 5030 Nam
1536 4979 1642 5044 elego,
1665 4973 1732 5029 licet
1747 4989 1805 5028 uon
1818 4989 1867 5028 se-

110 5065 270 5123 includam.
287 5066 379 5136 liujus
390 5065 487 5137 itaque
502 5065 644 5137 propositi
658 5065 730 5120 velte
755 5064 867 5136 adJ‘acet
879 5064 964 5134 mihi,
1019 5066 1145 5121 cundum
1160 5065 1300 5132 bravium,
1317 5065 1476 5120 secundum
1500 5078 1581 5135 spem
1604 5067 1713 5133 tamen,
1736 5067 1766 5116 ut
1786 5067 1866 5118 caete

110 5156 305 5227 sedpusseet
322 5169 524 5210 consummare
545 5155 575 5210 in
595 5154 711 5210 ltomini
725 5153 816 5208 nostri
831 5157 964 5224 estpote-
1018 5155 1054 5222 ri,
1078 5169 1162 5208 curro
1184 5154 1219 5209 ad
1254 5153 1389 5221 stadium,
1420 5151 1489 5224 quia
1508 5153 1590 5223 juxta
1613 5150 1686 5206 iliud
1713 5151 1866 5224 Apostoli:

109 5252 196 5303 state.
214 5245 287 5317 Ergo
300 5244 439 5317 quoniam
453 5244 511 5299 scio
534 5259 583 5298 ros
597 5243 675 5313 apud
691 5243 782 5299 ileum
805 5257 867 5298 esse
890 5243 964 5298 tenti
1018 5246 1113 5317 Neque
1125 5241 1357 5316 valentinaeque
1370 5241 1528 5310 currentis,
1538 5240 1591 5297 red
1606 5238 1660 5295 Dei
1673 5241 1716 5296 ert
1729 5238 1867 5296 mucren-

146 5426 206 5495 (tl)
223 5424 299 5478 llanc
322 5421 475 5495 epistolam
498 5437 564 5478 curn
577 5421 616 5504 8.
640 5419 820 5504 hildegardis
840 5436 963 5504 respon·
1018 5419 1103 5476 nobis
1135 5418 1294 5476 transmisit
1322 5420 1367 5501 ΙΙ).
1399 5419 1434 5474 de
1469 5417 1865 5502 Reuss,·Wirzaburgansis;

111 5497 207 5564 sione,
221 5511 256 5550 ex
279 5495 406 5552 archivio
428 5499 597 5552 monosterii
617 5492 812 5564 lirtnngensrs
837 5497 914 5549 eruit
935 5496 964 5548 et
1018 5495 1109 5548 exstat
1123 5492 1199 5564 apud
1212 5492 1392 5560 herlerium,
1407 5489 1456 5546 sed
1471 5505 1567 5546 munus
1582 5495 1703 5561 integra.
1717 5491 1795 5546 Eun.
