3984 6034
166 189 216 240 sot
890 186 918 240 S.
939 183 1184 240 attaediatus
1252 241 1257 248 ,
1861 189 1919 240 ὓιιιι

200 331 389 388 supernorum
396 315 555 386 spirituum
563 314 689 388 effulpet.
701 313 781 380 Quod
789 312 821 368 in
828 317 1009 370 sacramento
1023 313 1138 382 altaris,
1151 318 1223 372 Deus
1232 315 1329 376 Pater.
1340 313 1487 388 passionis
1495 316 1568 374 Filii
1580 317 1630 374 sai
1637 316 1667 372 in
1681 315 1807 372 solutam
1816 316 1927 390 populi

201 388 376 442 recordatur.
398 391 494 457 Quare
515 385 546 442 in
563 391 747 440 sacrarnento
761 385 877 453 altaris,
894 385 993 458 panis,
1018 389 1115 441 vinum
1139 388 1167 440 et
1181 403 1259 458 aqua
1280 385 1449 457 ιῄέναιιίιιν.
1479 387 1574 443 Verba
1594 387 1664 443 Joel
1674 387 1824 442 decadem.
1836 389 1924 454 (ruod

199 458 377 513 sacerdotem
385 456 610 513 insacromento
619 472 742 528 presens
748 455 890 511 ancilium
900 456 1017 512 Deinon
1026 455 1139 523 deserit,
1150 457 1304 512 serenitate
1313 461 1448 513 manente
1457 459 1546 514 donec
1553 458 1692 531 mysteria
1705 458 1921 528 compleantur.

201 530 270 586 Cum
280 529 415 584 sacerdos
428 531 563 595 Sanctus,
575 529 702 592 sanctus,
721 534 838 584 sanctus
851 527 987 582 decantat
996 533 1026 583 et
1043 527 1182 598 mysteria
1195 531 1443 586 sacramentorum
1465 531 1597 586 inibant:
1622 528 1926 600 incomprebensibilis

199 599 341 654 serenitas
352 600 451 655 eadem
468 602 655 653 sacramenta
667 597 802 652 irradiat.
817 599 895 665 Quod
907 597 1009 654 divina
1018 596 1139 652 claritas
1150 598 1325 656 oblationem
1340 600 1446 655 altaris
1462 617 1576 656 sursum
1594 599 1777 656 invisibiliter
1787 599 1874 670 quasi
1888 599 1925 654 in

198 677 306 738 puncto
316 670 415 732 trabit.
428 673 457 724 et
465 668 586 724 remittit
594 686 691 724 veram
701 685 816 724 carnem
832 673 859 723 et
868 685 966 723 cerum
978 669 1149 740 sanquinem
1159 670 1299 739 effectam.
1312 670 1500 742 Comparatio
1518 671 1553 725 de
1567 689 1603 726 un
1625 675 1709 726 uento
1720 673 1748 724 el
1767 688 1821 742 sap
1844 671 1925 740 bys-o

200 741 240 795 ad
252 741 382 796 eamdem
400 757 472 796 rein.
490 741 585 806 Qntue
598 740 681 794 borno
692 740 743 794 boc
762 738 916 818 spirituale
933 739 1038 794 donum
1051 738 1203 794 visibiliter
1216 757 1329 795 sumere
1351 757 1407 796 non
1422 741 1521 814 possit.
1538 689 1777 808 Quotisacerdole
1788 743 1814 810 fi
1834 741 1927 796 etiter-

198 811 232 865 in
255 813 347 867 Deum
372 813 507 867 credente
527 815 555 864 et
569 810 674 864 bamili
695 811 839 865 devotione
858 811 1011 878 offerente,
1037 809 1142 866 oblatio
1156 815 1261 866 coroel
1280 811 1549 882 sanpuisefficitur.
1569 811 1732 869 Similitudo
1745 811 1780 867 de
1793 811 1876 884 pullo
1891 816 1924 866 et

199 882 323 938 volatili.
339 882 418 948 Quod
430 898 500 938 vera
513 879 747 960 manifestatione
754 880 896 952 mysteria
908 880 1080 944 nativitatis,
1095 881 1241 952 passionis
1254 886 1280 936 et
1292 883 1456 954 sepulturis.
1472 883 1690 939 resurrectionis
1698 887 1727 936 et
1740 881 1923 937 ascensionis

202 952 324 1013 Dbrisli.
333 953 366 1008 in
375 957 559 1008 sacramento
569 953 684 1017 altoris,
696 955 726 1006 ut
733 951 764 1006 in
770 953 887 1020 speculo
894 955 1046 1021 apparent.
1060 951 1138 1018 Quod
1147 951 1198 1006 diu
1206 953 1302 1010 idelis
1311 954 1394 1008 bomo
1402 954 1497 1010 dicere
1508 954 1589 1010 debet
1599 972 1630 1010 :a
1645 953 1764 1008 Dimitte
1777 953 1859 1010 nobis
1867 953 1921 1008 de·

200 1022 262 1078 bila
272 1026 385 1090 nostra,
398 1023 473 1078 sicut
488 1032 515 1077 et
531 1039 582 1076 nos
596 1023 770 1077 dimittimus
784 1023 959 1078 debitoribus
970 1023 1093 1089 nostris;
1108 1043 1122 1070 o
1134 1023 1236 1077 tandiu
1254 1023 1352 1096 passio
1364 1024 1474 1079 llbristi
1487 1023 1518 1079 iri
1536 1024 1738 1080 misericordia
1752 1023 1805 1078 Dei
1815 1023 1924 1078 Patris

201 1095 372 1219 prarebit‘3
387 1095 465 1174 Quod
478 1092 753 1217 ⁰bl‘1‘i‘5s2272‘l‘lflm
775 1093 1110 1236 ξιιιάιῖῖάξῖιοὴξιὶρῃατεί
1132 1092 1190 1148 nisi
1212 1094 1252 1175 in·
1267 1111 1374 1219 molan?
1392 1094 1559 1176 necessitate
1569 1094 1673 1219 ‘electis
1695 1095 1920 1219 degnaonstrietur.

231 1182 278 1219 uin
291 1181 348 1219 can
360 1182 435 1220 icum
448 1181 568 1219 innocen
581 1181 607 1217 is
679 1180 700 1217 ιι
713 1180 780 1218 cani
793 1180 838 1227 ur,
921 1182 953 1218 es
1003 1180 1094 1218 mines
1107 1181 1307 1219 communicen
1335 1181 1353 1219 u
1377 1183 1396 1218 a
1431 1183 1565 1220 raeoaricc
1581 1183 1644 1221 ione
1656 1183 1726 1220 mun
1777 1183 1788 1219 i
1807 1181 1829 1220 a
1842 1181 1924 1220 anie

202 1235 367 1291 hereditati
380 1236 582 1290 restituantur.
613 1183 707 1289 Vgrba
721 1235 885 1290 Salomonis
898 1238 932 1291 in
943 1235 1069 1292 Canticis
1083 1234 1269 1290 canticorum.
1291 1183 1429 1300 Qualiterp
1437 1236 1607 1308 accipienda
1619 1236 1679 1291 sint
1696 1237 1782 1291 verba
1806 1234 1924 1290 Domini

200 1305 280 1360 dicta
293 1306 445 1379 discipulis
463 1306 494 1361 in
508 1323 587 1361 caria
599 1322 653 1359 sua
672 1305 709 1360 de
731 1305 827 1363 eodem
845 1305 989 1374 mysterio.
1012 1306 1107 1361 Verba
1126 1305 1216 1361 David
1236 1306 1275 1362 ad
1288 1307 1416 1361 eamdem
1432 1324 1502 1362 rem.
1520 1307 1596 1374 Quod
1610 1311 1825 1363 sacramentum
1842 1305 1925 1362 illud

200 1392 296 1432 ornnes
326 1379 426 1434 sordes
444 1377 613 1437 emundans,
635 1391 723 1448 usque
746 1376 785 1431 ad
806 1375 992 1431 novissimum
1017 1376 1158 1430 bominem
1185 1376 1335 1432 colendum
1354 1381 1406 1432 est.
1431 1379 1506 1434 Item
1525 1380 1611 1432 verba
1636 1377 1730 1434 David
1752 1377 1787 1432 de
1805 1375 1920 1431 eodem.

201 1448 296 1514 Quare
307 1447 339 1503 in
354 1451 536 1503 sacramento
558 1444 665 1501 altaris
677 1447 764 1518 panis
774 1448 921 1518 offeratur,
948 1447 1045 1502 Verba
1059 1447 1157 1518 Moysi
1170 1447 1209 1501 ad
1235 1451 1362 1502 sonideni
1389 1465 1460 1504 rein.
1489 1449 1581 1516 Quare
1602 1449 1700 1503 vinum
1718 1450 1749 1502 in
1773 1446 1924 1516 sacrificio

201 1517 308 1573 altaris
329 1521 478 1590 offeratur.
508 1518 602 1574 t'erba
623 1517 659 1571 de
686 1519 811 1573 canticis
832 1517 871 1573 ad
884 1516 969 1572 idem.
991 1517 1084 1584 Quare
1105 1519 1136 1572 in
1158 1521 1339 1574 sacramento
1359 1519 1466 1574 altaris
1487 1536 1565 1591 aqua
1581 1519 1646 1574 vino
1663 1520 1801 1574 interesse
1824 1518 1922 1573 debet.

204 1589 300 1643 Verba
310 1589 474 1660 Sapientia.
491 1591 566 1643 Item
586 1588 623 1642 de
646 1587 719 1643 libro
733 1588 898 1650 Sapientia.
915 1589 995 1654 Quod
1007 1589 1104 1643 Adam
1127 1591 1196 1645 anle
1208 1592 1358 1661 peceatum
1376 1591 1515 1647 mundum
1535 1590 1707 1656 senensem
1722 1589 1832 1654 babuit,
1854 1592 1926 1660 post

197 1660 466 1786 §immodicam
479 1660 588 1732 sparsit
597 1660 842 1785 {umbinfetprem
853 1658 1055 1785 immi'miffi
1072 1660 1149 1726 Quod
1157 1676 1260 1732 corpus
1272 1661 1480 1784 etdsanquinem
1497 1662 1607 1717 Obrisli‘
1618 1660 1804 1744 accipientes,
1825 1660 1926 1783 multa

198 1733 590 1882 estabelitati..
603 1731 1036 1926 electissimis...
1049 1730 1255 1882 loisellii
1265 1731 1925 1884 b.tt.⁰ttttlt⁶'”,..ttt.⁷l⁰.t”slbttln

197 1872 872 2023 ...amnt
883 1871 1808 2024 mr..lat“ltatransnatabant
1823 1887 1924 2024 trs

171 2013 1045 2150 ·mentientem‘ninistrans‘
1083 2014 1699 2085 ...rm
1717 1959 1926 2140 ierim

198 2154 348 2226 quantitas
355 2156 407 2210 sed
414 2155 557 2210 sanctitas
570 2124 780 2209 consideranda
790 2158 842 2210 est.
854 2154 1036 2227 Comparatio
1042 2155 1078 2208 de
1091 2171 1200 2209 manna
1211 2155 1249 2210 ad
1262 2104 1477 2212 eamdemprem.
1494 2157 1571 2224 Qtiod
1583 2105 1639 2210 nslm
1657 2159 1700 2210 est
1730 2125 1922 2210 dubitaridum

197 2224 268 2349 ²quin
286 2241 384 2307 verum
400 2229 557 2352 ⁷cgpizs‘et
574 2224 789 2306 verialianpluis
804 2223 908 2351 Cbriisti'
920 2225 960 2280 sit
976 2225 1128 2364 imm
1150 2226 1226 2351 Qvod
1240 2225 1269 2280 in
1291 2231 1475 2352 ραεναιηιιηὲιι
1499 2227 1605 2352 altaris
1620 2227 1679 2353 mla
1693 2225 1837 2352 offerinlgri
1851 2229 1924 2280 sunl

210 2313 230 2349 n
255 2313 372 2351 nomine
451 2314 481 2350 ni
495 2310 568 2351 ais:
632 2313 677 2350 nis
715 2313 848 2352 vinume
920 2312 968 2351 aa.
1085 2313 1150 2351 soce
1204 2313 1219 2350 s
1263 2313 1296 2352 ui
1339 2315 1426 2352 erne
1457 2315 1521 2352 ieri
1535 2315 1595 2352 iam
1610 2315 1650 2352 au
1700 2311 1764 2351 ero
1834 2311 1922 2350 onem

199 2366 258 2422 bec
281 2367 339 2422 tria
360 2367 393 2421 in
414 2313 724 2423 saaammtop‘litta'rls
744 2314 919 2439 rieyleseril?
934 2371 1062 2439 praviter
1082 2314 1344 2438 puniendusqvenii.
1368 2315 1497 2434 acciitir
1517 2385 1621 2440 corpus
1634 2371 1662 2422 el
1673 2313 1924 2440 ,gamuneima

196 2437 303 2509 populo
324 2437 525 2496 distribuatur.
548 2438 627 2504 Quod
646 2438 784 2493 sacerdos
804 2437 850 2495 bis
870 2439 1045 2493 indumentis
1059 2443 1086 2493 el
1107 2437 1152 2492 bis
1166 2437 1258 2493 verbis
1272 2441 1303 2492 in
1316 2443 1497 2496 sacramento
1517 2437 1621 2494 altaris
1634 2443 1736 2494 utatur
1761 2437 1923 2494 secundnm

198 2507 274 2588 quod
286 2507 404 2579 antiqui
419 2511 521 2565 Patres
534 2506 728 2563 instituerunt.
747 2510 841 2565 Verba
858 2507 974 2563 Domini
985 2509 1024 2563 ad
1033 2508 1223 2580 neplipentem
1238 2509 1423 2565 sacerdotem.
1437 2511 1519 2579 Quod
1531 2509 1669 2567 sacerdos
1678 2508 1830 2581 quialuise
1855 2508 1924 2562 ulos

198 2595 230 2632 in
243 2578 336 2634 altari
348 2581 441 2652 trffert,
464 2580 501 2635 ab
524 2579 615 2634 altari
634 2580 751 2648 jejunus
771 2579 817 2634 bis
834 2579 927 2650 epulis
938 2596 995 2634 non
1010 2580 1134 2634 recedat.
1160 2579 1241 2650 (ruod
1253 2579 1388 2636 sacerdos
1400 2581 1433 2636 in
1455 2584 1636 2637 sacramento
1650 2579 1756 2634 altoris
1776 2526 1878 2634 maliis
1892 2582 1923 2633 et

198 2649 314 2722 mapnis
326 2650 506 2706 sermonibus
519 2667 575 2704 non
585 2652 683 2704 ulatur
696 2651 849 2707 secandum
864 2651 1077 2706 ordinationem
1085 2651 1214 2721 priorum
1228 2650 1441 2720 mopistrorum.
1457 2656 1495 2708 De
1509 2651 1633 2723 quinque
1650 2649 1744 2708 modis
1758 2649 1923 2705 moimarii·

199 2721 339 2776 cantium.
352 2722 436 2777 Dsiis
444 2722 494 2794 qui
506 2721 539 2776 in
551 2721 770 2790 corporeluci'di
782 2726 810 2776 et
822 2722 856 2777 in
864 2720 1052 2795 auimaipnei
1060 2725 1135 2776 sunl.
1155 2721 1245 2777 Deiis
1253 2719 1341 2792 quiin
1349 2737 1466 2792 corpore
1473 2722 1581 2804 pallidi
1590 2726 1618 2776 et
1627 2723 1657 2777 in
1666 2721 1766 2776 anima
1778 2720 1926 2776 tenebrosi

196 2790 337 2847 videntur.
347 2795 388 2848 De
396 2793 434 2847 iis
447 2792 497 2864 qui
504 2792 535 2847 iri
542 2808 660 2872 corpore
669 2792 775 2847 birsuti'
787 2796 816 2846 et
829 2792 861 2845 in
872 2793 973 2848 anima
983 2793 1075 2848 malta
1082 2791 1268 2847 immunditia
1277 2793 1402 2847 sordent.
1417 2795 1457 2847 De
1467 2793 1507 2849 iis
1515 2793 1564 2864 qui
1572 2792 1603 2848 in
1614 2808 1733 2859 corpore
1753 2791 1921 2848 acutissimi

196 2861 290 2934 spinis
302 2862 519 2918 circumdantur
541 2865 569 2916 et
590 2879 620 2915 ιιι
635 2862 735 2918 anima
754 2862 862 2935 leprosi
874 2867 1029 2935 apparent.
1056 2864 1098 2916 De
1118 2861 1155 2917 iis
1169 2862 1219 2934 qui
1243 2861 1273 2916 in
1296 2879 1415 2934 corpore
1428 2864 1584 2935 sanquinei
1611 2867 1639 2918 el
1661 2863 1693 2918 in
1721 2862 1823 2917 anima
1841 2861 1925 2917 velut

196 2933 343 3002 putridum
364 2935 489 2991 cadaver
505 2932 605 3001 fetidi
622 2931 763 2988 videntur.
789 2937 827 2989 Dc
842 2933 879 2988 iis
897 2934 947 3004 qui
968 2934 1007 2988 ad
1031 2935 1082 2988 boc
1109 2937 1324 2990 sacramentum
1339 2935 1441 2990 denota
1454 2937 1550 2990 niente
1562 2939 1589 2989 et
1613 2951 1687 3004 pura
1698 2933 1767 2999 tide.
1782 2935 1810 2988 et
1828 2932 1865 2986 de
1879 2932 1924 2988 iis

197 3004 248 3074 qui
262 3004 409 3063 contrario
428 3005 513 3060 corde
535 3008 563 3057 et
585 3004 742 3059 vacillante
765 3004 862 3060 animo
882 3004 1030 3060 accedunt.
1062 3003 1157 3058 Verba
1180 3005 1322 3074 Apostoli.
1348 3005 1426 3074 (laod
1451 3010 1662 3062 samamenlum
1684 3005 1791 3060 altoris
1811 3019 1926 3076 maqna

196 3073 351 3147 dilipentia
372 3080 400 3130 et
418 3074 612 3131 sollicitudine
632 3091 652 3128 a
664 3076 812 3130 sacerdote
826 3079 855 3130 et
873 3093 892 3130 a
912 3075 1017 3146 populo
1033 3074 1215 3130 tractandum
1228 3077 1256 3130 el
1270 3076 1484 3132 custodiendum
1499 3079 1552 3132 est.
1574 3077 1656 3143 Quod
1673 3074 1797 3146 rtiystica
1805 3078 1924 3130 secreta

197 3145 325 3232 corporis
338 3150 366 3201 et
379 3145 529 3228 sauyainis
544 3143 661 3226 Domita
667 3147 823 3227 scrutanda
835 3164 891 3228 non
902 3150 978 3227 sunt.
990 3146 1068 3214 Quod
1077 3146 1205 3226 ministri
1217 3146 1353 3202 Ecclesia
1361 3148 1415 3274 ‘qui
1431 3164 1494 3228 ¹non
1507 3164 1559 3218 per
1572 3147 1679 3229 ostium
1690 3145 1741 3204 sed
1761 3162 1814 3218 per
1835 3144 1922 3200 devia

197 3217 1590 3370 bttttrltbtatlibtbffestititbittitbttlbtt‘similabat
1602 3217 1923 3360 illitteratis

197 3361 361 3414 castitatem
377 3374 494 3416 serrare
509 3364 537 3414 et
551 3358 588 3413 ab
599 3374 674 3413 omni
687 3359 872 3414 immunditia
882 3377 914 3414 se
927 3359 1080 3414 abstinere.
1103 3358 1197 3414 Verbo
1211 3359 1302 3430 btoysi
1313 3360 1352 3415 ad
1370 3360 1501 3415 eamdem
1514 3376 1585 3414 rom.
1603 3359 1681 3426 Quod
1690 3357 1825 3414 secedas
1844 3357 1922 3412 duas

197 3429 318 3499 copulas
329 3447 387 3486 non
408 3431 490 3487 debet
511 3428 625 3485 babere.
651 3431 794 3495 Quomodo
812 3429 946 3485 diabolus
964 3429 1004 3484 sit
1025 3429 1160 3484 sacerdos
1186 3429 1379 3486 sacerdotum.
1410 3431 1505 3485 Verba
1523 3428 1597 3500 lepis
1614 3429 1650 3485 de
1674 3430 1784 3486 eodem.
1821 3429 1922 3484 Verba

199 3499 349 3573 annpelii
367 3501 406 3557 ad
427 3501 515 3556 idern.
545 3499 640 3554 Verba
669 3499 800 3571 Apostoli
830 3501 869 3554 ad
893 3499 1024 3555 eumdem
1047 3515 1120 3556 rem.
1150 3502 1225 3556 Item
1251 3502 1361 3558 Paulus
1391 3502 1427 3556 de
1451 3502 1559 3556 eodem.
1590 3503 1628 3558 De
1651 3499 1743 3555 tribus
1763 3499 1922 3580 ¹qerieribus

197 3576 400 3628 eunuchorum.
414 3573 468 3637 Qui
480 3588 512 3626 se
527 3568 894 3637 norioaletcontinere,nec
907 3570 1041 3626 sacerdos
1065 3571 1218 3626 nesolius
1246 3571 1379 3628 minister
1397 3571 1591 3628 sacerdotalis
1604 3570 1668 3626 ulla
1681 3584 1831 3626 occasione
1848 3570 1916 3638 fiat.

199 3642 263 3706 Qua
286 3658 374 3698 causa
395 3645 472 3714 ante,
491 3639 663 3712 conjupatis,
687 3641 737 3698 sed
762 3648 860 3713 postea
877 3641 916 3696 ad
941 3640 1064 3697 invicem
1085 3641 1232 3710 separatis
1251 3658 1414 3699 conoessum
1438 3647 1480 3699 est
1501 3643 1534 3698 in
1554 3640 1704 3713 primitivo
1723 3637 1856 3696 Ecclesia
1880 3641 1923 3698 ad

197 3712 389 3769 sacerdotium
401 3713 547 3779 accedere,
570 3715 599 3766 et
613 3728 704 3783 quare
717 3712 800 3769 inodo
819 3729 876 3768 non
893 3712 1076 3768 emetiatur.
1101 3711 1267 3767 Similitudo
1282 3714 1359 3784 repis
1376 3713 1411 3769 de
1433 3713 1531 3769 eadem
1557 3728 1596 3768 re.
1620 3712 1700 3780 Quod
1722 3709 1872 3768 immaturi
1890 3715 1922 3765 et

196 3799 254 3839 non
267 3783 436 3848 cmuecrati,
462 3783 626 3840 Ecclesiam
645 3798 702 3838 non
715 3784 891 3852 suscipiant:
904 3787 930 3839 et
947 3800 1023 3838 unus
1037 3783 1135 3852 plures
1152 3789 1287 3854 appetere
1310 3801 1366 3840 non
1379 3787 1544 3856 presumat.
1570 3783 1648 3851 Quod
1661 3783 1696 3841 ils
1710 3781 1801 3838 omni·
1868 3781 1919 3836 ulo

198 3853 354 3914 curationi
366 3854 501 3920 nominis,
521 3854 684 3908 sacerdotes
704 3853 770 3909 boni
783 3854 902 3926 inpertit,
925 3858 954 3909 et
978 3853 1072 3910 virilis
1093 3853 1187 3910 animi
1202 3853 1396 3926 inteqritolem
1412 3855 1601 3911 membrorum
1634 3853 1768 3910 babentes
1789 3852 1921 3910 ciendi

196 3929 273 3980 sunt.
288 3925 369 3992 Quod
380 3926 493 3989 seminis
506 3924 659 3980 adaltaris
672 3924 801 3993 officium
815 3925 950 3982 accedere
967 3941 1028 3982 nori
1048 3924 1160 3980 debent.
1177 3925 1254 3994 Quod
1271 3924 1316 3980 vir
1332 3925 1454 3989 femineo
1474 3926 1575 3982 vestitu
1589 3924 1670 3980 nullo
1683 3922 1791 3981 modoi
1834 3925 1922 3978 uatur

197 4013 251 4050 nec
265 3996 378 4062 femina
390 3995 484 4061 virili,
496 3994 555 4049 nisi
568 3994 670 4066 aliqua
683 4011 790 4062 maaria
816 3995 985 4051 necessitate
1006 3995 1108 4051 coacti.
1132 3995 1209 4062 Quod
1228 3995 1420 4063 fornicatores
1435 3996 1599 4065 mulierum,
1613 3999 1641 4050 et
1654 3993 1686 4050 in
1712 3993 1923 4050 contrarietate

189 4065 408 4135 fornicationis,
424 4071 474 4121 aut
483 4066 515 4120 in
527 4064 595 4120 aliis
607 4066 699 4121 autin
713 4065 818 4138 seipsis
832 4070 893 4121 tam
905 4064 1043 4121 mulieres
1054 4081 1141 4139 quarn
1153 4065 1209 4121 oiri
1226 4083 1259 4121 se
1266 4067 1506 4130 contaminantes,
1521 4071 1550 4122 el
1560 4081 1696 4139 pecorum
1716 4065 1920 4132 lomdcatorei,

196 4136 327 4193 districte
330 4137 448 4206 judicat
464 4141 544 4192 Deus.
563 4137 605 4190 De
614 4137 772 4207 pollutione
786 4153 847 4208 qua
856 4136 1063 4192 dormientibus
1084 4137 1218 4192 occurrit.
1247 4138 1342 4193 Verba
1366 4137 1464 4211 Mopsi
1484 4137 1520 4192 de
1542 4137 1646 4194 evitem.
1674 4136 1729 4202 Qui
1741 4135 1864 4206 sortiter
1889 4134 1922 4190 in

199 4205 321 4263 libidine
334 4206 427 4275 ardet,
443 4206 545 4264 ardori
558 4208 731 4265 suonultam
743 4206 907 4264 incendium
926 4205 1132 4263 subministret.
1148 4206 1272 4263 Diversis
1287 4207 1367 4264 viliis
1384 4211 1536 4290 pravatus,
1561 4208 1600 4264 ad
1618 4206 1845 4264 misericordiam
1865 4207 1922 4260 Dei

198 4277 230 4332 in
250 4276 430 4343 confessione
443 4277 556 4350 sapiat.
582 4277 663 4343 Quod
682 4277 840 4334 remedium
862 4277 1044 4350 purpationis
1061 4281 1090 4333 el
1110 4277 1141 4333 in
1159 4277 1290 4350 antiquis
1316 4281 1449 4335 Patribus
1470 4279 1520 4334 diu
1547 4278 1764 4352 praefipuratum
1785 4279 1838 4332 est.
1865 4277 1925 4342 Qui

197 4350 385 4419 peccatasua
398 4347 527 4416 confiteri
550 4351 673 4412 recusat,
688 4349 815 4421 scipsum
837 4349 955 4418 decipit.
972 4349 1050 4420 (laod
1063 4349 1094 4404 in
1115 4349 1187 4404 bora
1209 4349 1311 4405 mortis
1334 4350 1361 4406 si
1380 4351 1515 4408 sacerdos
1537 4367 1595 4406 non
1620 4349 1712 4412 adest,
1733 4347 1787 4405 alii
1807 4348 1921 4404 bomini

199 4419 283 4474 bomo
302 4419 488 4489 confitentum
507 4419 534 4474 si
555 4419 669 4475 nullum
688 4418 832 4476 bominem
861 4420 965 4476 babere
980 4422 1084 4492 potest,
1111 4420 1167 4476 soli
1191 4425 1248 4476 Deo
1270 4422 1440 4491 confiteatur
1462 4421 1493 4476 in
1521 4421 1676 4494 prasentia
1698 4419 1919 4476 elementorum.

200 4489 278 4556 Quod
298 4506 383 4546 nemo
402 4496 520 4562 propter
542 4491 654 4562 pondus
668 4493 853 4562 peccatorum
874 4507 994 4548 suorum
1013 4491 1152 4564 desperet.
1176 4491 1364 4562 Eoonpelium
1385 4493 1421 4548 de
1443 4493 1550 4548 eodem.
1573 4491 1656 4560 Oitod
1678 4493 1797 4564 macuta
1819 4492 1848 4544 et
1867 4507 1923 4562 per

199 4560 408 4632 eleeniosynam
428 4565 457 4617 et
480 4577 531 4631 per
549 4562 730 4633 corporalem
749 4561 980 4632 satisfactionem
1002 4561 1096 4618 deleri
1111 4562 1223 4617 debent.
1248 4567 1287 4619 De
1309 4563 1383 4620 libro
1397 4563 1559 4636 Sapientia.
1581 4563 1660 4633 Quod
1673 4562 1816 4618 elementa
1836 4559 1922 4616 lactis

198 4631 377 4702 voluptatum
396 4632 543 4688 bominum
568 4635 644 4688 sunt.
667 4633 721 4702 Qui
738 4633 949 4705 eleemosynam
976 4632 1048 4688 dant
1068 4636 1096 4688 et
1110 4633 1162 4706 qui
1179 4650 1246 4691 eam
1264 4632 1421 4704 suscipiunt
1445 4635 1496 4690 boc
1518 4637 1549 4690 in
1574 4650 1681 4689 vonum
1710 4649 1768 4689 nori
1798 4629 1920 4700 saciant.

200 4703 281 4769 Qvod
293 4719 436 4774 pauperes
459 4706 486 4759 et
513 4701 615 4757 divites
635 4707 663 4758 et
681 4705 817 4760 bonorem
834 4703 987 4776 potestatis
1014 4706 1192 4775 appetentes,
1225 4707 1417 4778 unusquisque
1439 4705 1596 4760 secundum
1626 4703 1815 4760 intentionem
1835 4717 1920 4756 suam

200 4777 411 4829 remuneratur.
438 4774 606 4828 Sacerdotes
634 4776 778 4830 mando
801 4779 830 4830 et
858 4774 1011 4832 coacendo
1039 4779 1172 4830 moneant
1199 4775 1341 4848 populum
1373 4775 1408 4830 de
1440 4775 1629 4840 confessione.
1656 4774 1735 4842 Quod
1758 4771 1924 4830 smerdolss

199 4843 370 4901 auctoritate
387 4845 560 4918 maqisterii,
581 4846 688 4916 populo
707 4863 766 4902 non
787 4847 976 4909 ostendentes,
999 4861 1057 4900 non
1076 4845 1239 4900 sacerdotes
1250 4845 1302 4901 sed
1322 4845 1385 4918 lupi
1399 4849 1545 4902 vocantur.
1565 4846 1643 4916 Diiod
1662 4845 1806 4900 elementa
1825 4860 1923 4901 coram

203 4916 262 4971 Deo
280 4913 395 4971 uiuant
407 4933 494 4988 super
502 4916 686 4988 iniquitatem
697 4917 888 4985 sacerdotum,
906 4915 1006 4971 elcali
1023 4914 1066 4971 in'
1088 4915 1211 4972 uitatem
1232 4933 1330 4972 eorum
1354 4915 1524 4990 suscipiunt.
1543 4917 1620 4983 Quod
1633 4914 1799 4972 sacerdotes
1815 4913 1923 4970 babent

197 4989 368 5112 minnistin
378 4987 491 5112 lipalrzdi
502 4995 530 5068 et
549 4987 689 5112 solvelntiii
709 4989 804 5044 Verba
817 4987 966 5112 &conpelli
979 4933 1132 5113 affigam.
1148 4986 1226 5114 Ollwd
1240 4987 1339 5113 nililllus
1358 4989 1466 5060 absque
1485 4985 1664 5113 rationgbgleit
1674 4985 1779 5112 ciilpgid
1789 4983 1924 5110 lisimas

199 5074 252 5210 {li
269 5059 417 5183 iassib
456 5075 725 5190 blattas
745 5059 764 5123 r
760 5077 844 5185 tlt
870 5073 1555 5210 stamttbitsttbttamt
1571 5057 1742 5210 sintii
1760 5145 1776 5183 i
1792 5071 1834 5208 .'‘.
1909 5073 1925 5208 ⁸.

200 5200 362 5326 ‘mdffc'liur'
384 5200 486 5325 ‘Verbo
513 5199 632 5256 diaboli.
662 5201 741 5267 Quod
766 5201 895 5256 bomines
916 5199 952 5253 de
979 5199 1181 5258 tenebrositate
1213 5199 1395 5271 infidelitatis
1423 5215 1480 5272 per
1501 5199 1733 5256 incarnationem
1761 5199 1833 5254 Fu
1867 5197 1925 5252 Dei

202 5287 234 5325 re
304 5286 405 5325 isun.

204 5395 238 5448 Ei
251 5399 316 5466 post
340 5395 401 5450 haec
424 5395 482 5451 vidi
502 5412 568 5452 cum
586 5397 672 5452 Filius
689 5395 735 5451 Dei
749 5395 780 5450 in
795 5411 879 5450 cruce
907 5411 1013 5467 pepen-
1034 5396 1122 5466 bpet·
1141 5394 1268 5450 divinam
1300 5393 1460 5466 potentiam
1487 5395 1522 5450 tid
1555 5395 1651 5465 ipsum
1678 5393 1803 5448 adducti
1824 5395 1879 5457 esi,
1894 5397 1925 5448 et

170 5483 221 5551 dit,
242 5482 320 5554 quod
351 5485 487 5554 prodictu
512 5482 660 5540 muliebris
682 5484 777 5556 imigo
794 5483 883 5539 veluti
903 5483 1014 5538 lucidas
1069 5481 1209 5552 sanguine
1229 5481 1278 5553 qui
1294 5479 1332 5554 de
1355 5479 1444 5535 latere
1466 5481 1527 5551 ejus
1551 5481 1633 5538 linxit
1660 5497 1691 5536 ss
1715 5494 1830 5536 sursum
1855 5481 1917 5536 els-

167 5571 302 5642 splendor
328 5574 507 5644 etantiqua
531 5573 650 5628 consilto
675 5588 797 5645 propere
827 5571 1015 5644 progrediens
1072 5576 1155 5624 rents
1179 5569 1310 5641 pertusi3
1338 5569 1392 5640 ipsi
1414 5585 1467 5640 per
1491 5572 1667 5626 voluntatem
1691 5568 1809 5642 supervi
1832 5569 1922 5624 Petris
