3984 6034
945 189 973 243 S.
994 186 1231 244 HILDEGARDIS

732 271 742 290 ’
847 325 1009 399 visto
1057 324 1308 398 suerrus.

207 547 381 600 Sensimus.
401 575 434 581 -
450 541 530 607 Qrcod
555 541 630 595 Deus
645 539 743 596 arnosia
762 541 840 610 juste
854 540 1026 614 dispensans
1042 544 1070 595 et
1098 541 1130 597 in
1142 540 1262 610 justitia
1281 540 1395 598 diuersa
1421 541 1498 596 dona
1520 539 1648 612 Spiritus
1669 541 1763 596 sorwti
1784 539 1955 608 declarans,

242 612 478 670 tldelesbomines
491 612 523 667 in
546 611 626 666 bonis

644 611 775 682 operibus
795 611 939 680 confortat
953 614 1020 668 uta
1040 611 1157 668 diabolo
1177 627 1211 666 su
1264 611 1311 667 ari
1333 627 1391 666 sion
1413 609 1533 682 possint.
1557 611 1796 667 Demultiludlne
1815 610 1955 692 fidelium

242 687 271 740 et
288 682 433 738 dedioina
451 683 624 754 lepecoram
642 681 716 754 ipris
733 684 862 737 esterna.
886 681 965 748 Quod
989 681 1170 754 deceptiones
1216 683 1306 738 iubati
1320 681 1481 738 bominibus
1500 681 1532 735 in
1549 680 1597 736 oio
1616 682 1701 750 nujus
1723 680 1822 736 munde
1838 686 1958 754 patent·

241 755 321 822 Quod
337 752 470 809 diabolus
488 750 606 807 diuitias
628 755 654 808 et
672 751 795 808 delicias
816 751 976 808 bominibus
995 757 1097 820 aperte
1119 754 1148 806 et
1159 752 1360 814 fraudulenter
1383 752 1484 822 offeri:
1504 767 1575 832 quas
1598 751 1649 825 qui
1667 751 1854 825 concupiscit,
1873 751 1956 810 ernit.

242 824 320 892 Quod
336 823 511 881 diabolicam
534 826 754 894 persuasionem
771 821 896 878 uiriliter
915 822 944 878 ei
961 823 1127 880 resistentes
1144 822 1295 892 abjiciunt,
1317 823 1438 894 quidam
1454 822 1548 884 tepide
1567 822 1694 879 uiuentes
1716 825 1742 880 ei
1761 821 1956 878 consentiunt.

248 895 342 950 Verba
365 892 527 950 Ezechielis
549 893 585 947 de
609 892 710 950 eadem
730 909 771 948 re.
799 893 877 959 Quod
896 893 1029 950 diabotus
1057 893 1136 949 omni
1157 892 1288 965 nequitia
1322 893 1435 964 plenia,
1460 907 1566 948 oeneno
1589 893 1779 960 multiformis
1790 893 1865 949 artis
1885 909 1958 958 sure,

240 965 366 1038 quinque
379 981 481 1020 sensus
504 964 650 1019 bominum
666 962 797 1034 decipere
815 964 937 1019 laborat.
967 963 1048 1030 Quod
1069 963 1204 1035 superbia
1226 963 1335 1020 diaboli
1354 962 1385 1019 in
1405 961 1606 1018 incarnatione
1619 963 1688 1019 lilii
1701 967 1751 1020 liei
1769 963 1884 1033 ἀήθεια
1898 970 1955 1018 est.

241 1041 281 1092 lle
306 1034 397 1091 oculis
416 1037 445 1090 et
468 1033 629 1090 auribuset
651 1033 773 1090 naribus
789 1033 933 1106 serpentis
952 1033 1021 1106 quid
1045 1033 1217 1106 significent.
1241 1033 1430 1090 Demunibus
1449 1036 1478 1088 et
1498 1033 1615 1104 pedibus
1637 1037 1665 1089 et
1688 1033 1783 1090 cauda
1804 1035 1869 1103 miss
1887 1035 1960 1107 guid

239 1105 415 1179 sipiificent.
436 1105 515 1171 Qriod
585 1107 674 1161 testas
700 1103 904 1176 omnipotentis
935 1105 986 1161 liei
1008 1103 1215 1174 fortitudinem
1245 1103 1354 1161 diaboli
1377 1105 1420 1161 ita
1442 1103 1576 1160 contrivit
1600 1121 1661 1177 aaa
1682 1104 1842 1178 nequitiam
1870 1121 1959 1162 niam

239 1176 396 1232 secundum
424 1176 522 1232 oolmit
554 1193 600 1232 em
622 1191 707 1231 suani
727 1191 856 1231 onerem
873 1191 931 1230 non
944 1177 1047 1248 potest.
1069 1176 1147 1246 vuod

1161 1175 1294 1231 diabolum
1317 1175 1349 1230 in
1366 1178 1489 1247 quatuor
1510 1173 1644 1247 portibus
1668 1175 1768 1231 mundi
1788 1174 1959 1232 incendium

240 1247 345 1328 inians
356 1245 553 1329 persuasurus
575 1247 608 1302 in
642 1262 854 1326 omne-penus·
867 1247 1048 1303 diversorium
1077 1246 1223 1326 nominum
1243 1245 1359 1330 emittit.
1390 1247 1485 1330 Verba
1514 1245 1604 1302 Dauid
1633 1245 1669 1302 de
1686 1248 1802 1328 ,eodem
1824 1245 1959 1327 Qualiter

239 1318 549 1469 illinunt
571 1318 805 1444 scutit,
821 1317 939 1444 bnt
952 1333 1063 1444 liiii
1082 1316 1745 1445 circumlatrantibus
1763 1317 1960 1443 albim

280 1461 286 1472 '
307 1458 440 1515 'tuclium

239 1601 317 1668 Quod
330 1600 415 1656 diabo

537 1475 628 1514 murn.
660 1460 702 1513 ne
724 1473 783 1514 non
807 1456 972 1531 baptizatis.
1004 1461 1042 1514 lle
1062 1457 1178 1530 sagittis
1199 1458 1259 1514 oris
1280 1458 1343 1518 eius
1356 1461 1385 1514 et
1403 1457 1439 1514 dc
1459 1458 1540 1518 tomo
1561 1459 1691 1530 pectoris
1717 1461 1746 1513 et
1768 1457 1804 1514 de
1826 1459 1956 1516 burnore

253 1530 400 1586 amborum
438 1529 488 1584 uid
504 1527 677 1600 sipnifioenl.
700 1531 741 1585 Dc
755 1528 867 1585 turbine
879 1527 1009 1586 umbilici
1023 1527 1100 1584 etde
1114 1527 1300 1584 immunditia
1320 1544 1461 1586 ranorum
1477 1532 1587 1586 uentris
1610 1529 1673 1600 q'us
1690 1527 1760 1601 quid
1779 1527 1806 1583 si
1844 1527 1956 1596 ificent.

416 1546 462 1655 ius
489 1599 594 1656 stultos
616 1599 746 1656 bomines
759 1600 956 1680 periniquum
974 1598 1207 1654 incredulitatem
1232 1597 1370 1671 erogitat,
1396 1616 1493 1654 oerum
1516 1601 1749 1725 essegutunteq
1834 1598 1839 1610 '

239 1671 388 1730 fallaciter
395 1671 585 1726 demonstrat.
609 1670 685 1736 Quod
701 1669 825 1726 baeretici
847 1672 961 1727 uitandi
974 1673 1003 1725 et
1015 1669 1052 1725 nb
1073 1669 1203 1726 Ecclesia
1221 1669 1380 1738 abjiciendi
1392 1679 1459 1724 sunt
1475 1669 1526 1741 qui
1539 1670 1588 1725 dio
1607 1670 1686 1726 olum
1702 1685 1755 1742 pro
1781 1673 1834 1726 lieo
1852 1669 1955 1726 colunt

1828 1615 1893 1670 spse
1914 1601 1959 1654 es's

238 1745 266 1796 et
279 1741 469 1796 mntomcera
483 1741 591 1796 diaboli
611 1745 639 1795 et
652 1757 831 1812 precurrens
850 1757 969 1822 pernen
978 1740 1039 1811 filii
1054 1739 1233 1812 perditionis.
1260 1740 1338 1807 Quod
1360 1739 1537 1796 auditorium
1560 1739 1613 1795 Dei
1625 1743 1838 1796 contemnentes
1850 1741 1958 1813 pratia

241 1813 296 1866 liei
308 1811 423 1875 deser-il,

528 1811 642 1866 entibus
661 1815 758 1866 nutem
776 1811 1001 1866 misericorditer
1023 1810 1160 1866 subvenit.
1187 1810 1281 1866 Verba
1295 1810 1460 1868 Salomonis
1477 1811 1512 1866 dc
1528 1811 1635 1866 eodem.
1651 1811 1730 1877 Quod
1750 1811 1811 1867 ceri
1827 1811 1957 1868 cultores

241 1882 294 1938 Dei
305 1882 355 1954 qui
366 1886 423 1938 toto
432 1827 536 1938 affin
552 1886 667 1937 terrena
681 1881 861 1948 conculcant,
875 1881 1027 1952 antiquum
1036 1885 1196 1953 serpentem
1206 1880 1277 1942 sorti
1290 1881 1461 1938 contritione
1474 1881 1624 1948 dejiciunt.

239 2129 347 2184 Deinde
362 2129 420 2184 nidi
441 2129 589 2184 ardentem
610 2129 703 2184 lucem
728 2134 816 2184 nntoe
834 2127 1044 2201 magnitudinis
1062 2127 1153 2185 Abat.
1175 2129 1228 2184 Sed
1247 2129 1365 2185 llamma
1389 2129 1439 2184 illa
1470 2145 1535 2200 quae
1559 2129 1650 2184 nubes
1671 2130 1821 2201 appetebat
1842 2135 1945 2183 cantra

201 2222 318 2289 quante.
337 2233 420 2273 mens
439 2218 544 2288 aliquis
558 2233 681 2287 magnus
705 2223 733 2271 et
756 2218 830 2271 altiss
848 2223 900 2285 est,
919 2216 949 2270 in
965 2231 1048 2271 sum·

202 2305 301 2362 mitate
324 2321 375 2360 sinn
393 2306 471 2360 uelut
493 2306 523 2359 in
548 2305 654 2360 multas
674 2305 788 2375 linguas
807 2305 937 2360 disisam.
956 2306 988 2359 Et
1002 2321 1049 2358 co·

203 2409 264 2450 ram
280 2395 342 2448 luce
363 2394 411 2449 illa
435 2393 568 2465 quadam
597 2393 754 2447 multitudo
773 2392 935 2448 albatorum
954 2391 1049 2447 homi-

202 2497 272 2537 nnm
296 2482 397 2551 stabat,
418 2486 484 2536 ante
503 2496 575 2552 qnos
597 2482 676 2536 velut
698 2482 844 2553 quoddam
864 2482 960 2536 velum
984 2485 1047 2535 tan-

202 2585 290 2642 quam
321 2569 469 2641 crystallus
497 2568 676 2641 perlucidum
704 2585 722 2622 a
747 2574 862 2640 pectore
896 2584 988 2640 usqne
1012 2569 1048 2622 ad

201 2660 288 2730 pedes
322 2673 421 2713 corum
457 2664 607 2713 extensum
640 2657 804 2728 apparebat.
839 2656 893 2712 Sed
919 2664 947 2711 et
981 2662 1048 2711 ante

200 2746 415 2803 multitudinem
435 2746 513 2802 illam
536 2748 617 2821 quasi
632 2747 661 2801 in
681 2747 807 2819 quadam
827 2747 873 2801 via
889 2748 966 2801 uelut
988 2745 1049 2817 qui·

200 2837 266 2892 dam
284 2837 390 2892 vermis
414 2836 495 2892 mire
517 2835 725 2907 magnitudinis
748 2842 778 2889 et
791 2833 979 2906 longitudinis
1002 2849 1048 2888 sn-

201 2925 287 2996 piuns
306 2924 435 2994 iacebat:
465 2924 515 2997 qui
542 2924 615 2979 tanti
638 2925 766 2979 horroris
780 2928 809 2978 et
831 2922 914 2977 lamae
935 2920 1049 2977 videba-

201 3019 264 3068 tur:
289 3013 365 3067 ultra
387 3028 473 3085 quam
491 3012 577 3067 etiam
600 3013 686 3068 bomo
705 3010 784 3066 ellari
811 3016 914 3082 potest.
935 3009 980 3066 Ad
994 3025 1047 3065 cn-

197 3102 246 3172 jus
267 3101 411 3156 sinistram
435 3101 518 3171 quasi
542 3101 637 3155 torum
663 3104 734 3166 erat,
761 3098 812 3154 ubi
833 3097 937 3154 divitius
957 3096 1049 3153 hemi·

200 3205 272 3245 num
295 3194 380 3260 atque
404 3187 513 3244 delicia
537 3188 686 3244 saculares
708 3195 738 3243 et
756 3192 899 3242 meremus
923 3185 1049 3241 diversa-

200 3293 265 3333 rum
286 3293 382 3332 rerum
402 3282 618 3348 apparuerant;
642 3277 692 3331 nbi
710 3277 800 3331 etiam
824 3274 942 3348 quidam
954 3273 1047 3329 bomi-

1103 2219 1235 2273 bominea
1259 2219 1322 2273 illas
1352 2219 1537 2290 praeliabatur
1555 2217 1606 2290 qni
1631 2217 1667 2273 ad
1688 2219 1774 2272 coelas
1796 2221 1951 2273 ascendere

1104 2306 1245 2362 volebant.
1261 2307 1388 2372 Quorum
1409 2314 1466 2362 tres
1489 2305 1564 2360 acies
1587 2306 1772 2372 videbantur3
1794 2321 1860 2361 nam
1877 2307 1952 2360 acies

1102 2411 1161 2449 una
1176 2411 1267 2466 prope
1284 2395 1386 2460 nubes,
1406 2400 1434 2449 et
1449 2410 1509 2449 una
1532 2395 1562 2448 in
1577 2393 1730 2449 medietate
1745 2395 1795 2449 illa
1819 2410 1885 2466 qum
1911 2395 1952 2450 in-

1103 2487 1147 2536 ter
1165 2483 1258 2538 narbas
1277 2487 1305 2536 et
1329 2488 1434 2537 terram
1457 2487 1508 2549 est,
1532 2486 1560 2536 et
1576 2497 1633 2536 uua
1654 2483 1736 2553 juxta
1761 2487 1866 2537 terram
1884 2499 1951 2554 per-

1101 2568 1203 2640 gebat:
1227 2584 1327 2625 omnes
1344 2569 1473 2641 repetitis
1498 2569 1614 2626 uocibus
1628 2585 1782 2641 pergemus
1804 2571 1839 2624 ad
1862 2571 1953 2625 coelos

1103 2655 1303 2722 vociferantem
1329 2655 1379 2710 sed
1403 2657 1555 2711 allamma
1578 2657 1628 2712 illa
1650 2656 1704 2711 hac
1723 2661 1752 2711 et
1775 2657 1839 2712 illac
1858 2659 1954 2728 proje-

1102 2743 1150 2811 cti,
1166 2743 1283 2816 quidam
1310 2760 1369 2799 nau
1388 2744 1537 2810 cedebant,
1562 2743 1611 2800 alii
1629 2751 1725 2799 autem
1750 2744 1871 2816 pedibus
1892 2745 1953 2799 suis

1102 2847 1132 2886 se
1151 2831 1197 2886 rix
1225 2833 1435 2897 sustentabant,
1465 2832 1514 2886 alii
1533 2847 1599 2887 vero
1630 2833 1665 2888 ed
1689 2838 1795 2888 terrem
1814 2833 1950 2888 cadentes

1102 2920 1152 2975 sed
1174 2919 1280 2975 iterum
1302 2925 1451 2991 surgentes
1473 2919 1508 2974 ad
1529 2921 1614 2975 caeles
1637 2919 1807 2988 tendebaut;
1830 2921 1951 2976 flamma

1102 3014 1198 3063 antem
1215 3009 1266 3062 illa
1278 3024 1343 3080 qnae
1362 3024 1392 3064 se
1411 3009 1486 3064 inter
1501 3009 1653 3064 seculares
1669 3009 1801 3064 hemines
1819 3008 1948 3074 ditlndit,

1102 3097 1241 3169 quosdam
1256 3113 1288 3152 ex
1311 3097 1352 3151 eis
1364 3097 1536 3152 comburens
1552 3103 1581 3152 et
1603 3099 1633 3152 ia
1654 3099 1834 3153 teterrimam
1850 3098 1950 3170 nigre-

1102 3185 1199 3241 dinem
1215 3187 1310 3252 vertit,
1321 3185 1463 3257 quosdam
1478 3191 1575 3241 antem
1590 3201 1641 3241 suo
1657 3187 1789 3242 acumine
1805 3187 1845 3241 ita
1860 3192 1950 3242 trans

1100 3274 1172 3343 fixit,
1189 3279 1221 3329 nt
1235 3290 1283 3330 eos
1306 3289 1480 3346 quocunqne
1499 3275 1590 3330 voluit
1603 3271 1754 3330 inflexerit.
1772 3277 1812 3331 lle
1836 3291 1893 3347 qua
1911 3281 1950 3331 ta-

201 3381 251 3420 nes
284 3365 375 3419 multa
402 3367 549 3420 celeritate
578 3364 863 3429 currentes,nnllnm
884 3367 1045 3419 mercatum
1102 3378 1167 3418 rnen
1186 3363 1302 3435 qnidam
1327 3379 1358 3416 se
1373 3363 1528 3434 eripientes
1550 3363 1630 3418 etad
1654 3363 1882 3435 illosqnicoelos
1900 3381 1947 3436 pe-

200 3453 378 3522 exercebant,
407 3452 524 3524 quidam
555 3457 651 3508 autem
681 3453 756 3507 lente
777 3459 877 3508 enaim
907 3451 1047 3507 eluendi·
1065 3427 1085 3480 B
1100 3451 1200 3507 lebant
1220 3457 1389 3523 pergentes:
1407 3451 1429 3507 0
1445 3466 1496 3506 roe
1514 3449 1628 3506 fideles!
1649 3457 1781 3522 praelate
1804 3451 1887 3507 nobis
1901 3453 1949 3508 ad-

200 3540 272 3596 tioai
294 3546 323 3595 ct
337 3541 479 3611 emptioni
495 3541 535 3596 ibi
558 3540 738 3596 insistebant.
764 3539 874 3594 Vermis
888 3538 1046 3594 summitte
1096 3538 1249 3609 jutorinm,
1281 3543 1429 3610 resumpto
1462 3540 1587 3595 clamore
1617 3539 1863 3608 vociferabantur,
1887 3541 1949 3613 qni-

199 3628 283 3700 uiger
302 3629 439 3696 hirsutus,
466 3629 613 3685 ulcerosus
643 3634 673 3682 et
696 3627 817 3700 pustulis
845 3627 949 3699 plenus
972 3633 1044 3694 erat,
1098 3628 1165 3683 dam
1193 3633 1290 3683 anmm
1321 3629 1361 3682 ita
1384 3628 1513 3683 transfixi
1544 3636 1774 3699 permanserunt.
1803 3628 1854 3683 llla
1880 3645 1948 3684 sero

199 3717 328 3788 utrinqne
347 3714 499 3771 varietates
522 3731 539 3770 a
563 3715 656 3786 capite
675 3729 727 3786 per
747 3723 876 3769 ventrem
900 3729 984 3769 snum
1001 3729 1046 3768 us·
1099 3717 1215 3771 llamma
1240 3731 1305 3787 quse
1325 3731 1356 3770 se
1386 3715 1461 3770 inter
1490 3713 1653 3789 spirituales
1684 3715 1872 3770 extendebat:
1898 3733 1948 3770 eos

199 3820 255 3876 que
269 3803 306 3859 ad
319 3805 406 3876 pedes
425 3805 455 3860 in
478 3805 598 3860 modum
619 3818 757 3861 zonarum
790 3802 995 3858 descendentes
1013 3801 1044 3856 in
1099 3820 1149 3858 sua
1173 3803 1295 3875 caligine
1314 3803 1443 3870 obtexit;
1462 3819 1534 3876 qnos
1553 3803 1640 3858 etiam
1655 3805 1685 3860 in
1700 3819 1746 3858 sex
1767 3803 1859 3858 medis
1878 3821 1946 3859 con-

198 3909 228 3948 ae
254 3908 369 3965 gerens,
397 3908 520 3965 quarum
547 3906 606 3947 niue
626 3891 735 3958 viridis,
757 3891 813 3947 alia
842 3890 915 3958 alba,
931 3891 988 3946 alia
1002 3906 1046 3945 ru·
1097 3891 1271 3957 sidorsbsm
1289 3908 1356 3947 nam
1372 3891 1442 3946 alios
1465 3891 1567 3947 eadem
1583 3891 1699 3947 ssnnima
1712 3892 1821 3947 crudeli
1837 3891 1939 3946 incon·

198 3979 262 4047 bea,
285 3981 417 4051 qaudam
442 3995 541 4033 crocea
558 3985 587 4033 et
605 3979 737 4050 quadam
768 3979 852 4049 nigra
874 3978 1042 4050 apparebat,
1097 3981 1146 4037 dio
1170 3981 1258 4036 lesit:
1279 3996 1350 4053 quos
1375 3986 1472 4036 autem
1486 3980 1591 4036 laedere
1613 3996 1670 4036 uon
1691 3979 1786 4052 potuit
1804 3979 1869 4036 illos
1896 3983 1945 4036 aut

198 4069 292 4138 plenae
313 4082 414 4122 omnes
436 4083 547 4122 veneno
566 4068 724 4123 mortifero.
747 4066 802 4124 Sed
815 4072 901 4138 caput
924 4068 987 4137 eJus
1004 4067 1043 4121 ita
1097 4069 1191 4134 viridi,
1214 4077 1264 4124 aut
1283 4068 1357 4136 albo,
1386 4075 1436 4124 aut
1456 4069 1557 4136 rubeo,
1584 4074 1634 4124 erit
1658 4085 1765 4130 croceo.
1787 4073 1837 4123 ant
1862 4069 1944 4139 nigra

197 4156 353 4210 contritum
370 4156 433 4222 luit,
451 4157 527 4228 quad
550 4163 580 4211 at
594 4157 709 4212 sinistra
728 4155 843 4211 maxilla
869 4156 961 4228 ipsius
979 4156 1042 4227 jam
1098 4157 1246 4213 mortifero
1269 4173 1379 4214 veneno
1404 4157 1453 4212 illo
1473 4158 1586 4230 quoda
1614 4158 1704 4228 capite
1725 4157 1830 4212 vermis
1852 4172 1943 4229 nsque

197 4244 313 4299 dissolri
333 4244 489 4299 videbatur.
511 4243 593 4300 Oculi
614 4260 681 4300 roro
700 4246 762 4316 ejus
786 4245 961 4300 extrinsecus
975 4259 1042 4298 san-
1096 4247 1131 4302 ad
1145 4247 1230 4319 pedes
1245 4247 1307 4318 ejus
1322 4245 1468 4302 defluebat
1479 4246 1613 4302 ardenter
1626 4247 1742 4301 alllarit.
1757 4245 1814 4302 Sed
1824 4245 1941 4302 flamma

196 4333 296 4404 guiuei
312 4337 340 4388 et
354 4332 524 4388 intrinsecus
538 4333 626 4406 ignei,
642 4349 727 4389 aures
744 4337 840 4389 antem
865 4333 998 4388 rotunda
1014 4337 1043 4388 et
1095 4351 1159 4406 qnae
1186 4335 1320 4406 abyssum
1346 4336 1470 4405 petebat,
1502 4335 1626 4390 diversas
1645 4349 1743 4405 peenas
1769 4334 1887 4391 illorum
1915 4337 1941 4390 in

195 4421 327 4492 hispidae,
352 4437 437 4478 nares
457 4438 524 4478 sero
544 4428 570 4477 et
601 4439 632 4478 os
662 4422 820 4479 secundum
844 4438 927 4477 nares
960 4427 988 4477 et
1011 4437 1042 4476 os
1095 4441 1126 4480 se
1141 4423 1315 4491 coniuebat,
1335 4425 1385 4496 qni
1409 4422 1583 4494 pacientem
1598 4422 1778 4494 baptismatis
1800 4439 1859 4478 non
1876 4423 1938 4487 loti,

195 4511 319 4582 viperae3
335 4511 385 4566 sed
406 4526 509 4566 manns
527 4511 685 4568 monadum
709 4526 812 4567 manns
835 4509 970 4576 hominis,
991 4525 1043 4580 pe·
1095 4513 1188 4567 lucem
1223 4511 1350 4566 veritatis
1377 4517 1405 4566 et
1428 4510 1496 4565 fidei
1526 4511 1703 4582 ignorantes,
1734 4510 1868 4567 Semnum
1890 4527 1941 4582 pro

195 4599 245 4654 des
259 4605 355 4654 autem
373 4604 404 4654 ut
418 4599 506 4670 pedes
526 4598 644 4670 viperee,
664 4604 693 4653 et
715 4599 804 4654 canda
819 4599 912 4654 brevis
927 4603 956 4653 et
971 4600 1041 4653 bor·
1096 4602 1154 4656 Deo
1176 4599 1332 4654 coluerant.
1361 4599 1394 4652 Et
1410 4598 1467 4653 vidi
1485 4597 1571 4653 etiam
1596 4615 1629 4654 ex
1654 4615 1704 4653 ere
1727 4599 1788 4670 eJ'ns
1809 4599 1938 4654 acutissi-

195 4687 288 4744 ribilis
304 4687 469 4759 apparebat.
493 4689 526 4743 lit
540 4689 612 4743 oolla
631 4688 694 4758 ejus
711 4691 812 4742 catena
833 4688 968 4759 imposita
981 4687 1042 4742 tue·
1060 4717 1081 4771 (3
1096 4705 1156 4744 mas
1177 4687 1294 4759 sagittas
1317 4686 1483 4754 stridentes,
1509 4691 1538 4742 et
1570 4693 1718 4759 spectare
1742 4688 1803 4758 ejus
1819 4688 1936 4759 nigrum
1964 4733 1965 4753 ,

194 4782 240 4832 rat
260 4791 325 4848 qnae
349 4782 377 4832 et
397 4792 499 4832 manns
528 4781 558 4831 et
575 4777 663 4847 pedes
685 4775 776 4848 ipsius
798 4775 975 4847 alligaverat,
999 4775 1039 4830 ita
1094 4781 1205 4836 tamum
1240 4777 1421 4831 exhalantem
1448 4791 1481 4831 ao
1502 4792 1519 4830 a
1541 4775 1648 4831 lumbis
1676 4775 1767 4847 ipsine
1790 4775 1964 4852 erclentem¹

195 4866 273 4937 quaed
295 4871 322 4920 et
335 4865 383 4920 illa
397 4871 498 4920 catena
519 4865 550 4920 in
563 4863 688 4935 lapidem
704 4863 797 4936 abyssi
811 4863 967 4919 laetissime
990 4863 1038 4920 tlr·
1093 4868 1246 4923 humorem
1260 4863 1445 4931 ebulientem,
1465 4872 1493 4919 et
1511 4863 1547 4919 ab
1567 4863 1703 4920 umbilico
1718 4865 1781 4934 ejus
1799 4864 1938 4920 sesuldum
1963 4857 1964 4864 '

195 4959 281 5020 mata,
299 4954 380 5009 illum
407 4958 466 5009 mm
489 4954 580 5009 valide
595 4953 804 5008 constrinxerat
826 4959 901 5009 ntse
917 4969 969 5008 nec
984 4954 1038 5009 bac
1091 4954 1237 5012 turbinem
1260 4954 1389 5020 llantem,
1413 4956 1499 5024 atquc
1521 4953 1557 5008 ab
1572 4954 1751 5008 extremitate
1771 4952 1882 5008 ventris
1896 4955 1923 5024 ip
1962 4957 1963 4974 ¹

193 5058 246 5098 nec
268 5043 332 5098 illac
355 5042 512 5098 secundum
536 5042 696 5114 nequitiam
718 5042 871 5097 voluntatis
895 5057 955 5097 snm
979 5057 1037 5097 mo
1091 5044 1150 5098 sius
1185 5043 1264 5098 relat
1289 5041 1504 5097 immunditiam
1542 5057 1679 5097 ranarum
1712 5041 1935 5106 scaturientem
1961 5048 1962 5082 t

192 5147 259 5186 rere
278 5135 383 5202 posset.
405 5130 444 5185 Er
466 5145 516 5186 ere
534 5133 630 5184 antem
646 5130 708 5201 ejus
729 5129 828 5184 multu
845 5129 967 5186 tlammn
987 5147 1036 5185 ex·
1092 5148 1158 5205 qna
1178 5131 1278 5187 omnia
1292 5143 1427 5204 magnam
1443 5130 1672 5202 inquietudinem
1687 5128 1853 5185 hominibus
1870 5129 1935 5185 alle·
1960 5137 1961 5191 t

193 5223 294 5274 euntes
315 5219 346 5273 in
368 5223 494 5290 mutuor
518 5221 615 5288 partes
646 5233 676 5272 se
713 5218 881 5286 diviserunt,
912 5235 1037 5292 quarum
1091 5221 1201 5278 rebant.
1217 5220 1271 5276 Sed
1287 5219 1363 5275 etde
1385 5221 1446 5291 ipso
1460 5219 1609 5275 teterrima
1633 5219 1739 5275 nebule
1763 5233 1828 5274 cnm
1849 5217 1935 5290 pessi-
1959 5225 1960 5302 t

192 5323 262 5379 pars
285 5323 343 5362 nna
362 5322 454 5379 usqne
473 5306 509 5363 ad
528 5305 620 5362 nubes
637 5305 819 5376 ascendebat,
832 5313 863 5364 et
885 5306 942 5364 alia
960 5309 1037 5364 iuter
1091 5325 1138 5367 me
1158 5309 1249 5366 letare
1273 5307 1435 5382 egrediens,
1459 5307 1556 5364 nultos
1578 5306 1712 5365 homines
1725 5323 1777 5364 sna
1800 5305 1935 5381 persord-

192 5396 346 5453 seculares
364 5395 505 5462 homines,
521 5395 579 5450 alia
598 5399 696 5452 entem
714 5394 791 5452 inter
818 5397 984 5468 spirituales
1005 5413 1036 5453 se
1090 5402 1148 5455 tete
1160 5398 1269 5455 intecit.
1284 5397 1319 5453 Et
1341 5397 1408 5453 acte
1432 5411 1538 5469 magna
1559 5395 1713 5454 multitude
1734 5396 1887 5454 bominum
1907 5396 1934 5450 in

193 5485 372 5552 extendebat,
387 5485 444 5540 elia
466 5500 534 5540 sero
552 5499 644 5544 usaue
668 5484 705 5542 ad
721 5485 857 5556 abyssum
877 5486 1036 5542 descende·
1090 5488 1181 5544 multa
1199 5486 1328 5543 mutate
1351 5485 1525 5558 fulgentium
1539 5486 1674 5544 seuiebat
1693 5501 1759 5558 quae
1773 5485 1856 5542 illam
1875 5500 1934 5542 ver
1957 5456 1958 5520 i

1956 5581 1957 5629 ἦ
