3984 6034
82 333 137 386 2ιὸ
742 334 930 392 aristone.
945 334 1099 392 -EPiST.
1120 331 1189 390 tlll.
1276 333 1284 346 '
1784 335 1837 391 ael

82 470 163 538 quod
179 473 247 524 aule
260 486 353 525 aarum
369 468 400 524 in
414 485 444 524 se
456 468 567 538 habuit,
580 471 767 542 computabat
782 470 929 544 quomodo
947 473 1013 527 Aet
1034 487 1068 527 ea
1088 487 1140 543 per
1162 471 1304 528 indultam
1328 471 1556 528 misericordiam
1586 473 1643 528 lieo
1669 473 1833 529 ostendunt.

81 557 298 614 ordinationem
315 575 397 613 suem
412 558 640 620 itaobservaret.
658 563 688 614 nt
705 560 732 615 ei
753 561 784 615 iu
798 561 847 614 illa
868 560 935 614 nul·
990 559 1037 616 Sic
1060 565 1089 615 et
1113 561 1223 615 villicus
1242 560 1309 616 lecit
1334 561 1416 630 (Luc.
1437 561 1510 630 xvv),
1533 561 1582 631 qui
1607 561 1771 616 dillematus
1795 567 1837 616 est

81 646 127 698 los
149 645 285 702 resistere
308 651 414 717 posset,
429 645 547 702 elidem
562 647 716 718 entiquum
740 648 892 703 consilium
919 664 935 702 a
989 649 1066 720 apud
1084 649 1235 706 dominum
1249 666 1345 716 snum,
1362 650 1444 721 quasi
1463 649 1627 720 dissipasset
1650 651 1725 706 bona
1746 651 1835 723 ipsius

80 735 203 790 scientia
228 735 359 791 omnium
381 739 578 791 creaturarum
602 737 632 791 in
657 737 750 809 seipso
774 737 933 803 abscondit,
989 753 1055 793 cum
1079 753 1318 810 unumquemque
1340 738 1500 794 debitorem
1532 738 1656 804 domini¹
1673 739 1717 793 sui
1741 739 1836 795 minus

82 824 160 878 ende
186 829 216 878 et
237 823 369 879 diabulus
391 823 462 878 illud
485 840 537 878 nec
569 825 660 892 scivit,
683 841 735 880 nec
766 825 829 894 scit,
850 831 934 897 etque
989 827 1114 882 scribere
1140 827 1224 898 jussit
1253 843 1340 897 quam
1367 825 1494 881 deberet.
1521 827 1637 882 Villicns
1667 829 1753 883 etiam
1782 828 1835 882 iste

82 913 215 982 ejusdem
239 911 352 968 consilii
366 928 458 983 usque
472 912 502 966 in
524 913 714 970 novissimum
728 914 803 969 diem
826 915 933 969 inscius
988 915 1139 986 Synagoga
1155 921 1205 983 est,
1221 931 1286 986 quea
1300 915 1409 970 nullam
1427 915 1628 970 liberationem
1644 931 1695 987 per
1718 917 1835 986 sangni-

82 1001 146 1068 erit,
172 1000 225 1056 ubi
247 1004 317 1055 tuuc
338 999 369 1056 in
391 1001 517 1055 maxima
540 1001 707 1058 confusione
727 1019 778 1056 sue
802 1003 931 1073 ejusdem
988 1019 1055 1059 nem
1070 1003 1217 1058 hircorum
1237 1008 1264 1057 et
1283 1003 1436 1059 vitulorum
1458 1004 1564 1058 hebere
1587 1004 1699 1074 potuit;
1715 1005 1764 1058 sed
1780 1005 1834 1059 im·

81 1089 206 1156 consilii,
222 1089 355 1161 quadem
368 1090 474 1145 sentiet
495 1094 524 1144 et
542 1097 703 1160 cognoscet,
724 1107 777 1163 per
801 1108 866 1164 ques
881 1107 933 1162 per
986 1092 1172 1147 mutationem
1193 1092 1353 1147 innocentis
1375 1091 1443 1162 agni
1459 1091 1664 1162 praliguravil,
1682 1107 1833 1164 perquem

81 1179 182 1233 omnia
197 1178 401 1233 contundetur.
418 1179 489 1232 Nam
508 1178 639 1234 diabolus
653 1179 802 1234 bominem
817 1181 933 1251 insepe·
986 1179 1081 1235 alticio
1101 1197 1153 1236 suo
1172 1180 1278 1252 privari
1304 1180 1411 1245 timuit,
1431 1186 1459 1235 at
1481 1181 1600 1234 intrusa
1617 1181 1730 1234 dicebat
1754 1181 1832 1252 quod

81 1267 179 1322 bititer
203 1268 360 1339 perditum,
382 1271 413 1321 ut
438 1266 500 1337 ipse
524 1267 623 1335 votuit,
648 1269 779 1337 putabet.
796 1269 932 1324 Homines
986 1269 1106 1324 sufferre
1119 1285 1177 1323 uon
1194 1275 1290 1340 posset
1304 1268 1440 1324 duritiam
1452 1268 1521 1340 legis
1534 1285 1598 1340 quse
1605 1269 1693 1339 jussit
1704 1286 1711 1324 :
1723 1270 1753 1324 Si
1769 1270 1833 1342 quis

82 1354 207 1409 enimin
224 1370 330 1426 magne
344 1354 451 1409 saevitia
463 1359 493 1409 et
506 1354 649 1410 oblivione
673 1355 733 1424 Dei,
756 1371 786 1410 se
801 1355 932 1410 bomiues
986 1358 1041 1412 boc
1055 1359 1099 1412 vel
1115 1358 1185 1413 illud
1200 1357 1309 1425 lecerit,
1325 1363 1418 1412 morte
1435 1357 1588 1426 moriatnr;
1612 1363 1640 1411 el
1664 1357 1749 1412 etiem
1767 1375 1831 1413 eru·

83 1443 145 1498 tore
158 1442 252 1507 obliti,
270 1443 427 1497 inhumane
446 1443 589 1510 vixerunt,
613 1459 762 1516 quousque
784 1445 860 1500 idern
880 1460 930 1498 an·
985 1447 1081 1502 bascat
1097 1447 1174 1518 quod
1189 1447 1265 1501 foras
1278 1445 1478 1517 projiceretur,
1494 1447 1535 1499 ila
1557 1451 1586 1500 nl
1612 1447 1641 1500 in
1662 1447 1740 1500 nulla
1762 1446 1832 1518 peti·

82 1530 198 1602 tiquum
215 1531 367 1586 consilium
388 1532 543 1602 quemdam
566 1533 773 1587 sanctiticatam
791 1533 930 1604 populum
985 1536 1064 1590 tione
1089 1535 1291 1591 misericordiae
1309 1535 1482 1589 reficeretur.
1511 1536 1547 1588 Ex
1574 1551 1631 1604 que
1655 1533 1723 1589 dum
1749 1536 1832 1590 mulli

82 1619 136 1674 sibi
158 1619 258 1691 elegit.
281 1621 315 1674 Et
339 1621 413 1674 Deus
435 1619 619 1674 sobrietatem
644 1625 672 1673 et
691 1619 883 1692 virgInilatem
899 1621 930 1674 in
985 1624 1016 1678 in
1041 1625 1112 1679 Filio
1138 1624 1187 1678 Dei
1211 1623 1246 1677 ad
1266 1623 1476 1696 indulgentiam
1501 1627 1746 1691 converterentur,
1769 1623 1830 1694 ipse
1942 1661 1946 1674 .

82 1707 152 1762 ebal
167 1707 362 1778 presignavit,
385 1707 435 1779 qui
451 1712 572 1778 propter
592 1708 734 1778 justitiam
759 1714 866 1780 martyr
887 1709 928 1764 ef·
984 1727 1038 1783 pro
1051 1712 1230 1784 indulgentie
1244 1713 1352 1767 merita
1368 1727 1459 1784 poenae
1483 1711 1663 1780 tendebatur,
1679 1712 1747 1782 quia
1761 1713 1830 1768 dum

80 1798 171 1852 lectus
191 1796 276 1868 (Gen.
304 1797 350 1863 vv),
376 1798 430 1851 boc
450 1795 518 1851 fecit
536 1797 614 1868 quod
638 1803 720 1868 pater
745 1814 814 1853 suus
835 1798 928 1852 facere
984 1818 1084 1858 servus
1112 1817 1162 1874 per
1194 1801 1393 1873 penitentiam
1422 1806 1451 1855 et
1474 1800 1682 1856 contessionem
1709 1799 1828 1854 domiuo

81 1885 220 1957 neglexit.
237 1884 411 1940 sanctificati
425 1888 522 1940 autem
538 1886 639 1956 populi
662 1901 691 1939 se
714 1885 847 1941 homines
869 1902 930 1940 esse
984 1907 1036 1946 suo
1053 1891 1267 1946 retributionem
1285 1889 1405 1954 dederit,
1419 1890 1455 1944 ab
1469 1890 1519 1945 illo
1540 1890 1663 1946 multum
1684 1888 1828 1952 laudetur,

82 1973 306 2045 cognoscebant,
324 1974 493 2029 ethomane
507 1973 652 2043 vivebant,
667 1973 703 2031 de
719 1975 824 2047 quibus
843 1975 930 2030 etiem
984 1981 1121 2051 qnoniam
1137 1997 1203 2035 eum
1226 1980 1349 2034 multum
1369 1979 1478 2046 dilexit,
1502 1976 1747 2050 quemadmodum
1770 1975 1827 2031 lde·

82 2062 389 2133 Noesorrexil‚qum
405 2063 480 2116 usus
494 2062 524 2117 in
538 2079 603 2117 arca
618 2062 928 2135 observavitwfflm.
982 2069 1027 2123 ria
1049 2069 1215 2140 llagdalena
1238 2068 1382 2123 Christum
1407 2067 1513 2122 dilexit.
1533 2067 1678 2137 Scriptura
1701 2066 1762 2120 uec
1787 2081 1829 2118 sa·

82 2149 135 2206 Sed
159 2151 236 2204 naus
252 2151 350 2204 voleus
369 2151 552 2222 iniquitatem
575 2153 772 2224 submergere,
788 2169 820 2208 os
835 2152 930 2225 abyssi
983 2157 1145 2213 cerdotibns
1166 2157 1256 2224 adest,
1281 2156 1358 2211 unde
1383 2156 1469 2211 etiarn
1493 2155 1668 2224 donatillae,
1691 2159 1722 2209 ut
1747 2153 1827 2209 Chri-

80 2239 207 2308 aperuit,
228 2243 256 2292 et
280 2239 435 2309 plurimam
462 2245 624 2295 creaturam
646 2241 675 2295 in
699 2257 775 2312 aque
798 2240 929 2296 submer-
983 2251 1059 2302 stum
1083 2246 1244 2313 imitentur,
1269 2251 1298 2300 et
1321 2245 1479 2300 castitatem
1502 2248 1611 2313 ament,
1636 2249 1665 2298 et
1688 2244 1827 2298 incestum

80 2326 115 2379 sit
131 2343 139 2380 τ
155 2331 185 2381 et
203 2336 271 2381 tunc
291 2343 345 2399 per
369 2329 558 2400 semetipsum
579 2328 696 2399 juravit,
718 2329 793 2400 quod
818 2344 929 2401 nequa·
983 2333 1104 2407 fugiant.
1126 2333 1213 2389 uilius
1232 2349 1359 2405 namque
1374 2333 1433 2400 Dei,
1453 2341 1486 2387 ut
1508 2333 1630 2402 injustos
1645 2331 1739 2403 y'ustos
1753 2330 1827 2385 tace·

81 2431 170 2486 quam
185 2416 262 2470 ultra
274 2431 392 2471 omnem
411 2432 526 2471 carnem
540 2432 615 2488 aque
637 2417 770 2489 perderet
781 2417 861 2485 (Gen.
879 2417 929 2489 vx),
982 2427 1028 2477 ret
1042 2421 1164 2476 ineruce
1179 2436 1279 2493 passus
1294 2425 1350 2488 est;
1367 2425 1396 2475 et
1416 2419 1503 2475 eliam
1525 2419 1602 2492 ipsos
1626 2419 1660 2474 ad
1685 2435 1714 2474 se
1729 2418 1828 2484 trehit,

80 2503 236 2558 recordans
258 2504 328 2577 quia
347 2503 435 2560 bomo
460 2521 513 2576 per
537 2521 643 2578 aquam
666 2507 880 2575 regenerandus
901 2513 930 2561 et
983 2515 1015 2565 nt
1029 2511 1064 2566 de
1081 2509 1174 2565 villico
1195 2509 1369 2564 dictumest.
1387 2509 1442 2565 Sed
1466 2507 1536 2564 Abel
1552 2524 1605 2580 pro
1624 2507 1735 2577 justitia
1752 2522 1827 2560 mar-

80 2591 235 2647 salvaudus
250 2596 332 2648 esset.
350 2594 418 2648 Post
434 2593 577 2648 diluvium
603 2610 670 2649 vero
691 2595 843 2666 entiquum
857 2611 929 2650 con-
983 2604 1029 2671 tyr
1042 2598 1158 2654 exstitit.

78 2679 179 2734 silium
193 2682 286 2735 multa
300 2681 483 2736 miraculaed
496 2681 696 2738 confusionem
710 2683 817 2738 diaboli
832 2688 928 2738 osten·
1020 2690 1087 2744 Post
1100 2687 1264 2760 passionem
1280 2691 1375 2741 autem
1396 2686 1459 2740 Filii
1485 2686 1535 2740 liei
1551 2685 1706 2740 multitudo
1723 2689 1827 2754 marty-

79 2769 175 2836 drbat,
193 2769 245 2840 qui
260 2769 296 2823 de
311 2769 454 2825 occisione
473 2770 527 2824 abl
547 2769 624 2825 intra
649 2787 680 2826 se
704 2769 857 2842 gaudebat,
883 2771 928 2826 di·
984 2791 1049 2831 rum
1071 2781 1169 2830 exorta
1191 2781 1241 2842 est,
1266 2775 1315 2847 qni
1334 2791 1386 2846 pro
1413 2773 1469 2828 lide
1493 2779 1522 2829 et
1542 2772 1719 2829 confessione
1740 2771 1829 2843 ipsius

80 2873 170 2911 cens:
204 2858 273 2912 Ecca
301 2873 371 2929 opus
402 2859 453 2912 Dei
476 2858 552 2929 quod
583 2858 618 2913 de
639 2859 773 2930 paradiso
794 2858 876 2930 ejeci,
898 2860 930 2914 in
983 2863 1061 2936 passi
1079 2869 1155 2930 sunt,
1176 2879 1249 2935 quos
1274 2863 1361 2917 etiam
1390 2863 1438 2917 atii
1471 2867 1610 2932 martyres
1642 2861 1828 2928 comitantur,

79 2952 158 3001 terra
179 2945 305 3000 divisum
321 2946 406 3017 jacet.
427 2946 482 3002 Sed
501 2947 560 3001 Noe
584 2947 787 3014 sanctificatus,
812 2946 844 3002 iu
866 2947 929 3019 Spi-
984 2952 1093 3008 scilicet
1107 2952 1150 3007 illi
1163 2951 1213 3023 qui
1228 2957 1327 3006 contra
1351 2956 1467 3023 peccata
1486 2954 1514 3004 et
1528 2950 1595 3004 vilia
1617 2947 1774 3020 pugnaudo
1798 2965 1829 3002 se

79 3036 138 3088 ritu
160 3039 261 3088 sancto
285 3039 420 3106 operatus
443 3039 496 3101 est,
521 3041 550 3089 et
576 3037 665 3090 altere
689 3037 746 3092 [leo
766 3035 928 3104 aedificavit,
948 3041 1112 3108 evincunt,
1149 3045 1176 3095 el
1214 3039 1260 3095 isti
1293 3039 1496 3111 praedictorum
1531 3043 1689 3110 martyrum
1726 3053 1829 3108 pennae

81 3126 110 3178 in
124 3139 186 3194 quo
198 3123 351 3194 antiquum
367 3123 519 3178 consilium
541 3123 630 3179 altare
644 3123 715 3179 illud
732 3124 928 3195 presignavit,
983 3135 1058 3185 sont.
1077 3129 1131 3195 Qui
1146 3134 1241 3184 aulem
1258 3127 1310 3184 bos
1325 3128 1429 3200 injuste
1455 3131 1678 3199 persequuntur,
1704 3125 1830 3180 vindicta

81 3212 158 3283 qood
172 3213 297 3266 loannes
310 3212 340 3266 in
356 3212 526 3284 Apocalypsi
544 3212 613 3267 vidit
629 3215 733 3284 (Apoc.
752 3216 824 3284 vivi),
843 3229 930 3285 super
983 3218 1035 3274 Dei
1060 3235 1146 3290 super
1169 3218 1234 3272 illos
1257 3218 1347 3272 cadet.
1366 3217 1419 3272 Sed
1446 3222 1474 3271 et
1494 3217 1536 3271 illi
1561 3215 1611 3288 qui
1635 3215 1828 3286 virginitatem

82 3301 322 3372 moderationes
343 3305 506 3356 sanctorum
528 3301 730 3356 ascendebant.
754 3301 826 3356 Cum
850 3301 929 3356 enim
983 3306 1147 3363 tribulando
1173 3311 1396 3379 persequuntur,
1421 3306 1461 3361 ita
1483 3305 1561 3377 quod
1581 3305 1661 3359 illam
1684 3304 1830 3358 doloribus

80 3389 397 3461 bomoiupoenitentie
418 3396 602 3460 peccatorum
622 3394 743 3456 orat,et
764 3406 828 3444 cum
853 3391 929 3445 selu·
982 3396 1170 3469 perfundunt,
1195 3395 1350 3450 vindictam
1375 3395 1425 3450 uel
1450 3411 1508 3449 nou
1529 3393 1684 3464 effugieut;
1708 3397 1735 3448 ct
1763 3392 1829 3448 ideo

80 3485 139 3533 tem
164 3496 181 3532 e
206 3480 265 3533 Deo
293 3479 406 3551 quierit,
429 3484 544 3533 sanctus
567 3477 744 3534 nominatur.
769 3478 929 3550 antiquum
984 3485 1131 3540 multoties
1145 3483 1248 3539 accidit
1263 3483 1341 3556 qnod
1364 3483 1474 3538 nobiles
1498 3499 1531 3537 ex
1553 3481 1662 3554 judicio
1678 3482 1728 3537 ltei
1743 3481 1830 3553 igne·
1863 3488 1868 3498 ’

78 3583 197 3638 quoqne
217 3566 369 3621 consilium
388 3567 515 3638 plurime
530 3567 612 3638 signa
626 3566 656 3621 in
671 3567 816 3622 Abrabam
830 3583 930 3638 opera·
982 3571 1065 3638 biles,
1092 3575 1119 3626 et
1143 3569 1245 3626 divites
1273 3570 1357 3641 egeni
1384 3569 1558 3636 efficiuntur,
1582 3574 1611 3624 et
1631 3569 1707 3640 quod
1732 3567 1830 3622 mullis

77 3655 174 3723 betur,
192 3655 244 3726 qul
259 3655 382 3727 petriam
396 3660 426 3710 et
439 3656 641 3728 cognationem
663 3671 746 3710 snam
770 3671 836 3710 cum
858 3671 929 3727 pro·
983 3660 1048 3715 aliis
1081 3658 1217 3731 periculis
1245 3663 1273 3713 et
1299 3657 1510 3712 calamitatibus
1540 3657 1741 3727 subjiciuntur.
1776 3657 1830 3720 Qui

76 3746 144 3816 pria
165 3745 313 3800 volomtate
336 3761 386 3799 sne
414 3746 538 3817 reliquit,
565 3750 594 3801 et
616 3745 719 3801 duram
744 3745 856 3815 legem,
878 3761 931 3816 per
983 3764 1051 3803 vero
1070 3747 1243 3802 sacerdotale
1264 3745 1391 3801 officium
1411 3745 1517 3816 injuste
1542 3749 1678 3815 premunt
1701 3748 1729 3798 et
1752 3743 1830 3798 blas-

77 3849 166 3906 quam
192 3848 270 3888 mors
287 3833 417 3899 contuse,
442 3838 471 3888 et
494 3834 635 3904 serpentis
662 3832 791 3905 nequitie
813 3833 929 3888 insana·
984 3838 1134 3909 pbemeut,
1156 3837 1187 3891 bi
1212 3835 1242 3890 iu
1264 3841 1343 3889 reatu
1370 3851 1422 3890 suo
1445 3833 1553 3888 similes
1577 3837 1644 3888 srvnl
1674 3833 1753 3898 Cain,
1780 3833 1830 3903 qui

77 3923 130 3977 bili
168 3923 287 3977 vulnere
317 3923 467 3977 vulnerata
502 3927 555 3990 est,
591 3921 622 3977 iu
657 3923 807 3978 sanctitate
846 3921 928 3989 iniit,
983 3924 1343 3982 tratremsuomoccidit:
1370 3924 1447 3979 unde
1471 3939 1557 3994 poena
1579 3922 1658 3977 illins
1684 3919 1830 3975 constrin-

79 4010 199 4083 qnendo
222 4015 367 4081 precepta
388 4009 439 4065 Dei
460 4008 638 4081 adimplevit,
661 4010 738 4082 quod
760 4009 850 4064 Adam
872 4024 930 4064 non
984 4013 1071 4087 gandi
1094 4017 1122 4069 el
1143 4013 1284 4086 puniendi
1308 4018 1385 4068 sunt.
1411 4011 1592 4068 sacerdotale
1619 4025 1743 4081 namque
1766 4009 1830 4063 olfi-

78 4100 157 4166 lecit,
173 4114 241 4153 cuns
255 4101 431 4169 preceptum
447 4097 498 4152 Dei
521 4098 734 4170 praevaricatus,
752 4099 929 4154 voluntatem
983 4101 1062 4156 cium
1082 4100 1113 4156 in
1141 4100 1304 4172 magisterio
1335 4115 1386 4155 sno
1422 4099 1543 4154 Domino
1567 4099 1625 4153 Deo
1646 4101 1700 4152 est.
1733 4096 1830 4168 Itaque

79 4203 161 4242 suem
185 4191 299 4242 secutus
327 4192 380 4241 est.
405 4187 483 4241 ldem
508 4187 595 4242 etiam
619 4186 773 4242 consilinm
795 4185 929 4257 purifice-
984 4189 1131 4260 Sapientia
1163 4189 1194 4243 in
1228 4188 1311 4244 turba
1342 4187 1395 4242 loci
1428 4188 1516 4258 hujus
1546 4185 1650 4241 turrim
1679 4183 1832 4240 edificavit

80 4279 192 4332 tionem
209 4275 280 4348 tegis
302 4275 334 4330 in
356 4276 450 4347 ltoyse
468 4275 626 4340 constituit,
642 4280 671 4330 et
686 4291 739 4345 per
759 4275 930 4348 sangninem
985 4278 1075 4350 (Pron.
1102 4278 1148 4345 vx),
1175 4293 1262 4349 quarn
1277 4277 1378 4344 baccis,
1404 4276 1514 4349 topazio
1539 4279 1568 4330 et
1587 4273 1723 4346 sapphiro
1747 4288 1829 4328 exor-

80 4365 231 4421 bircorum
248 4369 278 4419 et
298 4363 456 4419 vitulorum
477 4364 670 4436 presignavit,
692 4364 771 4436 qnod
791 4365 929 4419 innocens
949 4347 1075 4433 Dnevit,
1092 4373 1121 4420 et
1135 4366 1164 4420 iu
1179 4364 1271 4437 ipsam
1292 4366 1484 4436 speculatores
1499 4364 1605 4436 posuit,
1626 4368 1656 4418 et
1673 4363 1756 4434 juxta
1768 4377 1830 4416 eam

79 4470 174 4526 agnus
197 4469 249 4526 pro
272 4453 391 4508 bomine
415 4452 610 4508 immolandus
630 4459 715 4510 esset.
748 4448 827 4508 Nam'
843 4453 931 4508 Filius
983 4455 1110 4511 torcular
1144 4454 1302 4510 construxit
1336 4471 1343 4508 ε
1378 4453 1461 4526 'quod
1496 4452 1667 4525 quibusdam
1710 4451 1832 4507 homiui·

81 4543 181 4598 lleide
201 4543 287 4597 corde
303 4542 394 4597 Patris
408 4543 514 4608 exiam,
532 4542 567 4597 de
589 4543 701 4613 virgine
723 4547 809 4597 natus
832 4545 886 4610 est,
902 4544 931 4596 et
984 4543 1038 4599 bus
1066 4542 1220 4604 commisit,
1250 4542 1300 4614 qni
1325 4541 1425 4597 vinum
1453 4541 1482 4596 in
1513 4542 1575 4613 ipsa
1604 4539 1799 4612 exprimerent
1823 4555 1829 4592 :

79 4633 181 4688 omnia
199 4632 260 4687 brec
281 4646 334 4702 per
360 4630 547 4701 semetipsum
563 4630 702 4702 implevit.
725 4630 881 4702 Virginitas
900 4631 931 4685 in
985 4637 1071 4704 atque
1091 4647 1172 4687 secus
1195 4631 1266 4687 illud
1281 4632 1399 4686 domurn
1423 4631 1510 4685 eliam
1531 4629 1608 4695 iecit,
1634 4629 1663 4684 iu
1687 4644 1745 4700 qua
1761 4627 1831 4682 alios

80 4722 155 4777 lilio
170 4721 222 4776 liei
241 4720 375 4786 surrexit,
400 4735 466 4794 ques
489 4724 583 4774 erecto
606 4719 709 4774 vexillo
732 4721 818 4775 coelos
841 4735 929 4792 pene·
985 4737 1046 4776 esse
1058 4721 1152 4792 jussit,
1181 4721 1231 4793 qui
1258 4721 1434 4792 omniaque
1464 4721 1499 4775 ed
1529 4735 1614 4789 agros
1640 4715 1829 4790 pertinebant,

79 4810 177 4877 travit,
195 4809 334 4881 qnoniam
354 4808 432 4862 idam
457 4807 543 4863 Filius
559 4808 684 4880 Virginis
707 4814 784 4863 totus
808 4808 929 4880 integer,
984 4815 1182 4881 procurarent.
1206 4809 1260 4864 Sed
1282 4815 1437 4881 tempestas
1459 4808 1553 4864 valida
1582 4811 1611 4862 et
1638 4805 1772 4877 pestilera
1791 4805 1833 4860 in-

78 4905 158 4954 lotus
171 4901 287 4952 sanctus
305 4896 371 4963 fnit,
394 4902 423 4951 et
442 4911 495 4968 per
516 4913 583 4951 eum
604 4912 727 4969 maguus
751 4897 821 4951 ordo
843 4898 929 4969 virgi·
985 4897 1074 4953 sanita
1087 4901 1249 4965 exortaest‚
1269 4898 1308 4952 ila
1332 4898 1408 4970 quod
1432 4898 1564 4953 homines
1584 4894 1751 4968 preadictum
1776 4897 1833 4948 tor·

79 5003 152 5043 num
164 4987 300 5053 surrexit,
316 5001 404 5059 quern
422 4990 504 5040 vetus
520 4984 565 5040 lex
589 5000 646 5039 non
669 4991 857 5057 cognoverat.
876 4986 929 5042 Sed
985 4987 1065 5042 cuter
1077 4985 1280 5052 custodientes,
1303 4985 1338 5041 ad
1359 4987 1490 5041 eamdem
1512 4983 1617 5040 turrim
1632 4982 1727 5054 jacula
1748 4982 1830 5037 emit-

78 5083 107 5130 et
126 5076 192 5147 ipse
218 5074 351 5128 sacerdos
380 5073 444 5141 luit,
469 5088 535 5128 cum
558 5073 684 5143 seipsum
707 5074 739 5127 in
767 5088 816 5127 ara
840 5075 932 5130 crucis
985 5073 1093 5139 tabant,
1118 5079 1147 5128 et
1172 5073 1250 5144 quod
1272 5073 1321 5127 alii
1349 5073 1379 5126 iu
1411 5071 1530 5143 praelata
1558 5070 1644 5124 domo
1672 5073 1831 5135 manentes,

77 5181 131 5237 pro
146 5162 315 5219 bominibus
338 5162 512 5229 immolavit3
532 5161 580 5216 cni
603 5162 691 5216 etiem
715 5162 879 5217 secerdotes
900 5164 930 5218 in
984 5177 1053 5216 saxa
1067 5167 1166 5217 contra
1180 5162 1271 5233 ipsam
1294 5162 1397 5216 turrim
1416 5161 1622 5233 projiciebaut3
1638 5157 1715 5212 unde
1739 5161 1767 5212 el
1790 5157 1832 5211 illi

78 5251 243 5309 sacerdotio
264 5267 318 5305 sno
339 5251 467 5322 adjuncti
490 5255 569 5314 sunt,
595 5250 664 5322 quia
687 5249 804 5320 angelos
825 5249 932 5304 imitari
986 5249 1088 5321 quiin
1114 5251 1176 5321 ipsa
1199 5250 1273 5306 turri
1293 5258 1384 5316 erant,
1413 5249 1521 5321 lapides
1544 5249 1678 5302 adversus
1700 5246 1769 5300 istos
1786 5246 1831 5316 ja-

81 5343 200 5409 debent,
225 5339 276 5412 qui
305 5339 400 5394 nuntii
438 5340 488 5394 uei
519 5339 655 5394 existunt.
691 5338 795 5408 angeli
823 5337 931 5409 quippe
985 5338 1108 5394 ciebant.
1123 5338 1220 5394 Tvlrris
1235 5339 1297 5394 heac
1311 5338 1494 5392 altitudinem
1516 5333 1673 5407 magisterii
1691 5334 1829 5406 designat,

79 5447 169 5501 opera
192 5427 346 5484 bominum
371 5444 405 5482 ex
419 5428 517 5483 debito
540 5426 628 5483 oflicii
650 5427 694 5481 sui
715 5427 792 5480 velut
809 5427 931 5499 scriptu·
986 5443 1050 5499 ques
1071 5428 1173 5496 beccis,
1199 5427 1332 5482 videlicet
1352 5426 1410 5480 illis
1435 5425 1484 5498 qni
1510 5423 1671 5495 spuerilia
1694 5423 1724 5478 iu
1750 5424 1833 5476 inno·

81 5535 141 5572 ram
171 5519 233 5572 Deo
264 5515 431 5580 ostendunt,
462 5517 540 5588 quud
572 5521 600 5570 et
627 5515 785 5570 sacerdotes
812 5515 930 5584 ferirent,
985 5516 1079 5571 centia
1112 5521 1141 5572 et
1170 5517 1317 5570 sanctitate
1351 5513 1493 5578 vixerunt,
1524 5513 1683 5578 decoratur,
1715 5517 1744 5566 ct
1768 5527 1830 5581 quaa

79 5624 145 5660 cem
159 5609 278 5678 peccata
292 5603 442 5658 hominum
464 5619 516 5675 per
535 5603 735 5674 paenitentiam
761 5603 929 5675 suscipiunt,
986 5605 1109 5676 topazio,
1134 5604 1163 5660 id
1185 5610 1227 5658 est
1247 5605 1292 5659 bis
1315 5603 1376 5675 qui,
1393 5604 1532 5676 optimam
1547 5607 1660 5675 partem
1681 5602 1830 5671 eliganter.
