<?xml version="1.0" encoding="UTF-8"?>
<!DOCTYPE html PUBLIC "-//W3C//DTD XHTML 1.0 Transitional//EN"
    "http://www.w3.org/TR/xhtml1/DTD/xhtml1-transitional.dtd">
<html xmlns="http://www.w3.org/1999/xhtml" xml:lang="en" lang="en">
 <head>
  <title>
</title>
<meta http-equiv="Content-Type" content="text/html;charset=utf-8" />
  <meta name='ocr-system' content='tesseract 3.04.00' />
  <meta name='ocr-capabilities' content='ocr_page ocr_carea ocr_par ocr_line ocrx_word'/>
</head>
<body>
  <div class='ocr_page' id='page_1' title='image "./patrologiaecurs125unkngoog_0302.png"; bbox 0 0 3984 6034; ppageno 0'>
   <div class='ocr_carea' id='block_1_1' title="bbox 114 173 1868 382">
    <p class='ocr_par' dir='ltr' id='par_1_1' title="bbox 114 173 1868 382">
     <span class='ocr_line' id='line_1_1' title="bbox 115 173 1860 235; baseline -0.004 0"><span class='ocrx_word' id='word_1_1' title='bbox 115 182 167 235; x_wconf 77' lang='lat'><strong>595</strong></span> <span class='ocrx_word' id='word_1_2' title='bbox 839 178 868 234; x_wconf 85' lang='lat' dir='ltr'><strong>s.</strong></span> <span class='ocrx_word' id='word_1_3' title='bbox 889 173 1126 233; x_wconf 78' lang='lat' dir='ltr'><strong>urnoeuiubls</strong></span> <span class='ocrx_word' id='word_1_4' title='bbox 1807 175 1860 230; x_wconf 75' lang='grc' dir='ltr'>ὲιιιι</span> 
     </span>
     <span class='ocr_line' id='line_1_2' title="bbox 114 302 1868 382; baseline -0.003 -14"><span class='ocrx_word' id='word_1_5' title='bbox 114 307 241 382; x_wconf 81' lang='lat' dir='ltr'><strong>proprios</strong></span> <span class='ocrx_word' id='word_1_6' title='bbox 255 306 411 364; x_wconf 86' lang='lat' dir='ltr'><strong>volontatis</strong></span> <span class='ocrx_word' id='word_1_7' title='bbox 425 322 495 375; x_wconf 85' lang='lat' dir='ltr'><strong>sure,</strong></span> <span class='ocrx_word' id='word_1_8' title='bbox 514 307 565 364; x_wconf 90' lang='lat' dir='ltr'><strong>sed</strong></span> <span class='ocrx_word' id='word_1_9' title='bbox 579 322 694 380; x_wconf 85' lang='lat' dir='ltr'><strong>semper</strong></span> <span class='ocrx_word' id='word_1_10' title='bbox 712 307 836 363; x_wconf 87' lang='lat' dir='ltr'><strong>iideliter</strong></span> <span class='ocrx_word' id='word_1_11' title='bbox 854 308 957 364; x_wconf 88' lang='lat' dir='ltr'><strong>timere</strong></span> <span class='ocrx_word' id='word_1_12' title='bbox 975 305 1094 376; x_wconf 68' lang='lat' dir='ltr'><strong>aldor.</strong></span> <span class='ocrx_word' id='word_1_13' title='bbox 1116 308 1146 376; x_wconf 72' lang='lat' dir='ltr'><strong>r.)</strong></span> <span class='ocrx_word' id='word_1_14' title='bbox 1173 303 1245 371; x_wconf 91' lang='lat' dir='ltr'><strong>Quid</strong></span> <span class='ocrx_word' id='word_1_15' title='bbox 1273 302 1346 362; x_wconf 81' lang='lat' dir='ltr'><strong>boel</strong></span> <span class='ocrx_word' id='word_1_16' title='bbox 1369 303 1442 370; x_wconf 90' lang='lat' dir='ltr'><strong>Quia</strong></span> <span class='ocrx_word' id='word_1_17' title='bbox 1466 304 1576 380; x_wconf 86' lang='lat' dir='ltr'><strong>ubique</strong></span> <span class='ocrx_word' id='word_1_18' title='bbox 1600 304 1632 362; x_wconf 90' lang='lat' dir='ltr'><strong>in</strong></span> <span class='ocrx_word' id='word_1_19' title='bbox 1666 305 1868 364; x_wconf 83' lang='lat' dir='ltr'><strong>circumeunte</strong></span> 
     </span>
    </p>
   </div>
   <div class='ocr_carea' id='block_1_2' title="bbox 81 395 1941 3837">
    <p class='ocr_par' dir='ltr' id='par_1_2' title="bbox 115 395 1871 558">
     <span class='ocr_line' id='line_1_3' title="bbox 116 395 1869 470; baseline -0.003 -14"><span class='ocrx_word' id='word_1_20' title='bbox 116 400 147 456; x_wconf 91' lang='lat' dir='ltr'><strong>in</strong></span> <span class='ocrx_word' id='word_1_21' title='bbox 170 413 276 470; x_wconf 85' lang='lat' dir='ltr'><strong>magna</strong></span> <span class='ocrx_word' id='word_1_22' title='bbox 295 395 477 452; x_wconf 75' lang='lat' dir='ltr'><strong>districtione</strong></span> <span class='ocrx_word' id='word_1_23' title='bbox 495 399 675 466; x_wconf 82' lang='lat' dir='ltr'><strong>reverentior,</strong></span> <span class='ocrx_word' id='word_1_24' title='bbox 696 398 771 451; x_wconf 87' lang='lat' dir='ltr'><strong>sicut</strong></span> <span class='ocrx_word' id='word_1_25' title='bbox 794 396 881 452; x_wconf 87' lang='lat' dir='ltr'><strong>etiam</strong></span> <span class='ocrx_word' id='word_1_26' title='bbox 902 411 962 452; x_wconf 90' lang='lat' dir='ltr'><strong>ma·</strong></span> <span class='ocrx_word' id='word_1_27' title='bbox 1019 399 1158 466; x_wconf 72' lang='lat' dir='ltr'><strong>potestate</strong></span> <span class='ocrx_word' id='word_1_28' title='bbox 1187 410 1250 450; x_wconf 86' lang='lat' dir='ltr'><strong>moa</strong></span> <span class='ocrx_word' id='word_1_29' title='bbox 1286 395 1500 450; x_wconf 86' lang='lat' dir='ltr'><strong>demonstratur</strong></span> <span class='ocrx_word' id='word_1_30' title='bbox 1534 395 1564 450; x_wconf 88' lang='lat' dir='ltr'><strong>in</strong></span> <span class='ocrx_word' id='word_1_31' title='bbox 1596 401 1707 451; x_wconf 86' lang='lat' dir='ltr'><strong>secreto</strong></span> <span class='ocrx_word' id='word_1_32' title='bbox 1741 395 1869 452; x_wconf 72' lang='lat' dir='ltr'><strong>scientiar</strong></span> 
     </span>
     <span class='ocr_line' id='line_1_4' title="bbox 115 481 1871 558; baseline -0.003 -14"><span class='ocrx_word' id='word_1_33' title='bbox 115 485 299 544; x_wconf 65' lang='lat' dir='ltr'><strong>ubertissima</strong></span> <span class='ocrx_word' id='word_1_34' title='bbox 313 485 437 542; x_wconf 78' lang='lat' dir='ltr'><strong>ostendit</strong></span> <span class='ocrx_word' id='word_1_35' title='bbox 447 485 479 540; x_wconf 93' lang='lat' dir='ltr'><strong>in</strong></span> <span class='ocrx_word' id='word_1_36' title='bbox 491 485 660 558; x_wconf 87' lang='lat' dir='ltr'><strong>supradictis</strong></span> <span class='ocrx_word' id='word_1_37' title='bbox 673 485 766 541; x_wconf 88' lang='lat' dir='ltr'><strong>verbis</strong></span> <span class='ocrx_word' id='word_1_38' title='bbox 780 485 847 540; x_wconf 90' lang='lat' dir='ltr'><strong>sois.</strong></span> <span class='ocrx_word' id='word_1_39' title='bbox 1019 483 1141 554; x_wconf 77' lang='lat' dir='ltr'><strong>pectoris</strong></span> <span class='ocrx_word' id='word_1_40' title='bbox 1155 481 1359 538; x_wconf 78' lang='lat' dir='ltr'><strong>misericordie</strong></span> <span class='ocrx_word' id='word_1_41' title='bbox 1377 499 1383 538; x_wconf 90' lang='lat'>:</span> <span class='ocrx_word' id='word_1_42' title='bbox 1400 483 1479 555; x_wconf 91' lang='lat' dir='ltr'><strong>quod</strong></span> <span class='ocrx_word' id='word_1_43' title='bbox 1494 483 1584 539; x_wconf 83' lang='lat' dir='ltr'><strong>Filius</strong></span> <span class='ocrx_word' id='word_1_44' title='bbox 1599 499 1680 539; x_wconf 89' lang='lat' dir='ltr'><strong>meus</strong></span> <span class='ocrx_word' id='word_1_45' title='bbox 1694 500 1760 540; x_wconf 87' lang='lat' dir='ltr'><strong>vora</strong></span> <span class='ocrx_word' id='word_1_46' title='bbox 1781 483 1871 539; x_wconf 90' lang='lat' dir='ltr'><strong>mise-</strong></span> 
     </span>
    </p>

    <p class='ocr_par' dir='ltr' id='par_1_3' title="bbox 117 571 1876 1620">
     <span class='ocr_line' id='line_1_5' title="bbox 151 571 1872 646; baseline -0.003 -14"><span class='ocrx_word' id='word_1_47' title='bbox 151 575 248 632; x_wconf 83' lang='lat' dir='ltr'><strong>&#39;i&#39;ertia</strong></span> <span class='ocrx_word' id='word_1_48' title='bbox 267 591 336 630; x_wconf 86' lang='lat' dir='ltr'><strong>vero</strong></span> <span class='ocrx_word' id='word_1_49' title='bbox 359 575 484 630; x_wconf 88' lang='lat' dir='ltr'><strong>declarat</strong></span> <span class='ocrx_word' id='word_1_50' title='bbox 503 575 704 630; x_wconf 79' lang='lat' dir='ltr'><strong>verecundiam</strong></span> <span class='ocrx_word' id='word_1_51' title='bbox 721 591 727 629; x_wconf 93' lang='lat'>:</span> <span class='ocrx_word' id='word_1_52' title='bbox 745 573 881 646; x_wconf 85' lang='lat' dir='ltr'><strong>quoniam</strong></span> <span class='ocrx_word' id='word_1_53' title='bbox 901 575 966 642; x_wconf 86' lang='lat' dir='ltr'><strong>post</strong></span> <span class='ocrx_word' id='word_1_54' title='bbox 1020 571 1142 627; x_wconf 87' lang='lat' dir='ltr'><strong>ricordia</strong></span> <span class='ocrx_word' id='word_1_55' title='bbox 1164 576 1215 627; x_wconf 88' lang='lat' dir='ltr'><strong>est.</strong></span> <span class='ocrx_word' id='word_1_56' title='bbox 1239 571 1410 636; x_wconf 84' lang='lat' dir='ltr'><strong>Quomodo?</strong></span> <span class='ocrx_word' id='word_1_57' title='bbox 1434 577 1466 627; x_wconf 92' lang='lat' dir='ltr'><strong>nt</strong></span> <span class='ocrx_word' id='word_1_58' title='bbox 1486 571 1657 643; x_wconf 81' lang='lat' dir='ltr'><strong>praedictum</strong></span> <span class='ocrx_word' id='word_1_59' title='bbox 1673 577 1715 627; x_wconf 86' lang='lat' dir='ltr'><strong>esi</strong></span> <span class='ocrx_word' id='word_1_60' title='bbox 1729 573 1759 628; x_wconf 88' lang='lat' dir='ltr'><strong>iu</strong></span> <span class='ocrx_word' id='word_1_61' title='bbox 1775 572 1872 628; x_wconf 86' lang='lat' dir='ltr'><strong>verbis</strong></span> 
     </span>
     <span class='ocr_line' id='line_1_6' title="bbox 117 660 1872 735; baseline -0.002 -16"><span class='ocrx_word' id='word_1_62' title='bbox 117 662 298 735; x_wconf 89' lang='lat' dir='ltr'><strong>disciplinam</strong></span> <span class='ocrx_word' id='word_1_63' title='bbox 318 663 410 733; x_wconf 79' lang='lat' dir='ltr'><strong>surgit</strong></span> <span class='ocrx_word' id='word_1_64' title='bbox 437 662 531 733; x_wconf 89' lang='lat' dir='ltr'><strong>pudor</strong></span> <span class='ocrx_word' id='word_1_65' title='bbox 556 663 746 730; x_wconf 70' lang='lat' dir='ltr'><strong>verecundie,</strong></span> <span class='ocrx_word' id='word_1_66' title='bbox 771 679 788 716; x_wconf 91' lang='lat' dir='ltr'><strong>a</strong></span> <span class='ocrx_word' id='word_1_67' title='bbox 809 677 840 716; x_wconf 86' lang='lat' dir='ltr'><strong>se</strong></span> <span class='ocrx_word' id='word_1_68' title='bbox 863 661 966 732; x_wconf 87' lang='lat' dir='ltr'><strong>legans</strong></span> <span class='ocrx_word' id='word_1_69' title='bbox 1021 661 1162 716; x_wconf 81' lang='lat' dir='ltr'><strong>Zachariae</strong></span> <span class='ocrx_word' id='word_1_70' title='bbox 1189 661 1264 716; x_wconf 87' lang='lat' dir='ltr'><strong>servi</strong></span> <span class='ocrx_word' id='word_1_71' title='bbox 1280 661 1336 714; x_wconf 82' lang='lat' dir='ltr'><strong>uui</strong></span> <span class='ocrx_word' id='word_1_72' title='bbox 1352 661 1378 713; x_wconf 90' lang='lat' dir='ltr'><strong>in</strong></span> <span class='ocrx_word' id='word_1_73' title='bbox 1396 661 1551 733; x_wconf 80' lang='lat' dir='ltr'><strong>Evangelio</strong></span> <span class='ocrx_word' id='word_1_74' title='bbox 1567 660 1687 716; x_wconf 87' lang='lat' dir='ltr'><strong>dicentis</strong></span> <span class='ocrx_word' id='word_1_75' title='bbox 1708 679 1715 716; x_wconf 93' lang='lat'>:</span> <span class='ocrx_word' id='word_1_76' title='bbox 1744 662 1872 716; x_wconf 74' lang='lat' dir='ltr'><strong>Pereia·</strong></span> 
     </span>
     <span class='ocr_line' id='line_1_7' title="bbox 117 748 1874 823; baseline -0.002 -15"><span class='ocrx_word' id='word_1_77' title='bbox 117 750 318 808; x_wconf 80' lang='lat' dir='ltr'><strong>confusionem</strong></span> <span class='ocrx_word' id='word_1_78' title='bbox 331 751 451 823; x_wconf 87' lang='lat' dir='ltr'><strong>peccati.</strong></span> <span class='ocrx_word' id='word_1_79' title='bbox 470 750 650 822; x_wconf 86' lang='lat' dir='ltr'><strong>Quapropter</strong></span> <span class='ocrx_word' id='word_1_80' title='bbox 665 751 736 821; x_wconf 87' lang='lat' dir='ltr'><strong>tegit</strong></span> <span class='ocrx_word' id='word_1_81' title='bbox 757 750 844 805; x_wconf 89' lang='lat' dir='ltr'><strong>etiam</strong></span> <span class='ocrx_word' id='word_1_82' title='bbox 864 749 965 804; x_wconf 84' lang='lat' dir='ltr'><strong>faciem</strong></span> <span class='ocrx_word' id='word_1_83' title='bbox 1020 766 1086 806; x_wconf 87' lang='lat' dir='ltr'><strong>cero</strong></span> <span class='ocrx_word' id='word_1_84' title='bbox 1109 749 1311 806; x_wconf 73' lang='lat' dir='ltr'><strong>misericordia</strong></span> <span class='ocrx_word' id='word_1_85' title='bbox 1335 751 1385 805; x_wconf 61' lang='lat' dir='ltr'><strong>liri</strong></span> <span class='ocrx_word' id='word_1_86' title='bbox 1405 748 1539 805; x_wconf 75' lang='lat' dir='ltr'><strong>rroslrir&#39;u</strong></span> <span class='ocrx_word' id='word_1_87' title='bbox 1560 748 1874 822; x_wconf 83' lang='lat' dir='ltr'><strong>quibusvisilnoiluos</strong></span> 
     </span>
     <span class='ocr_line' id='line_1_8' title="bbox 118 838 1872 910; baseline -0.002 -14"><span class='ocrx_word' id='word_1_88' title='bbox 118 857 201 897; x_wconf 83' lang='lat' dir='ltr'><strong>snam</strong></span> <span class='ocrx_word' id='word_1_89' title='bbox 220 839 286 896; x_wconf 86' lang='lat' dir='ltr'><strong>alba</strong></span> <span class='ocrx_word' id='word_1_90' title='bbox 311 838 425 896; x_wconf 85' lang='lat' dir='ltr'><strong>manica</strong></span> <span class='ocrx_word' id='word_1_91' title='bbox 447 839 554 895; x_wconf 77' lang='lat' dir='ltr'><strong>dextere</strong></span> <span class='ocrx_word' id='word_1_92' title='bbox 584 855 687 894; x_wconf 89' lang='lat' dir='ltr'><strong>manus</strong></span> <span class='ocrx_word' id='word_1_93' title='bbox 707 855 783 906; x_wconf 86' lang='lat' dir='ltr'><strong>suae;</strong></span> <span class='ocrx_word' id='word_1_94' title='bbox 808 838 877 910; x_wconf 89' lang='lat' dir='ltr'><strong>qoia</strong></span> <span class='ocrx_word' id='word_1_95' title='bbox 899 853 966 909; x_wconf 92' lang='lat' dir='ltr'><strong>pro·</strong></span> <span class='ocrx_word' id='word_1_96' title='bbox 1022 838 1123 894; x_wconf 72' lang='lat' dir='ltr'><strong>Oriens</strong></span> <span class='ocrx_word' id='word_1_97' title='bbox 1142 856 1177 896; x_wconf 82' lang='lat' dir='ltr'><strong>ec</strong></span> <span class='ocrx_word' id='word_1_98' title='bbox 1198 839 1269 895; x_wconf 86' lang='lat' dir='ltr'><strong>allo.</strong></span> <span class='ocrx_word' id='word_1_99' title='bbox 1290 840 1347 894; x_wconf 85' lang='lat' dir='ltr'><strong>ldoc</strong></span> <span class='ocrx_word' id='word_1_100' title='bbox 1365 841 1422 894; x_wconf 85' lang='lat' dir='ltr'><strong>tals</strong></span> <span class='ocrx_word' id='word_1_101' title='bbox 1446 843 1488 894; x_wconf 91' lang='grc' dir='ltr'><strong>ιιι</strong></span> <span class='ocrx_word' id='word_1_102' title='bbox 1506 855 1513 894; x_wconf 90' lang='lat'>:</span> <span class='ocrx_word' id='word_1_103' title='bbox 1538 841 1591 894; x_wconf 83' lang='lat' dir='ltr'><strong>Per</strong></span> <span class='ocrx_word' id='word_1_104' title='bbox 1614 839 1722 895; x_wconf 86' lang='lat' dir='ltr'><strong>viscera</strong></span> <span class='ocrx_word' id='word_1_105' title='bbox 1743 844 1872 909; x_wconf 77' lang='lat' dir='ltr'><strong>paterno</strong></span> 
     </span>
     <span class='ocr_line' id='line_1_9' title="bbox 117 926 1869 1001; baseline -0.001 -16"><span class='ocrx_word' id='word_1_106' title='bbox 117 929 192 1001; x_wconf 86' lang='lat' dir='ltr'><strong>tegit</strong></span> <span class='ocrx_word' id='word_1_107' title='bbox 215 927 384 984; x_wconf 82' lang='lat' dir='ltr'><strong>interiorem</strong></span> <span class='ocrx_word' id='word_1_108' title='bbox 410 928 614 984; x_wconf 88' lang='lat' dir='ltr'><strong>conscientiam</strong></span> <span class='ocrx_word' id='word_1_109' title='bbox 638 945 719 984; x_wconf 87' lang='lat' dir='ltr'><strong>sunm</strong></span> <span class='ocrx_word' id='word_1_110' title='bbox 746 928 829 1001; x_wconf 83' lang='lat' dir='ltr'><strong>quasi</strong></span> <span class='ocrx_word' id='word_1_111' title='bbox 864 928 967 984; x_wconf 83' lang='lat' dir='ltr'><strong>faciem</strong></span> <span class='ocrx_word' id='word_1_112' title='bbox 1021 927 1225 984; x_wconf 81' lang='lat' dir='ltr'><strong>misericordiae</strong></span> <span class='ocrx_word' id='word_1_113' title='bbox 1246 927 1363 984; x_wconf 86' lang='lat' dir='ltr'><strong>salvatio</strong></span> <span class='ocrx_word' id='word_1_114' title='bbox 1381 931 1433 994; x_wconf 88' lang='lat' dir='ltr'><strong>ast,</strong></span> <span class='ocrx_word' id='word_1_115' title='bbox 1457 927 1507 999; x_wconf 89' lang='lat' dir='ltr'><strong>qui</strong></span> <span class='ocrx_word' id='word_1_116' title='bbox 1529 927 1700 983; x_wconf 84' lang='lat' dir='ltr'><strong>absconsum</strong></span> <span class='ocrx_word' id='word_1_117' title='bbox 1731 926 1762 983; x_wconf 95' lang='lat' dir='ltr'><strong>in</strong></span> <span class='ocrx_word' id='word_1_118' title='bbox 1783 927 1869 984; x_wconf 90' lang='lat' dir='ltr'><strong>corde</strong></span> 
     </span>
     <span class='ocr_line' id='line_1_10' title="bbox 119 1015 1873 1089; baseline -0.002 -16"><span class='ocrx_word' id='word_1_119' title='bbox 119 1017 234 1087; x_wconf 83' lang='lat' dir='ltr'><strong>animae,</strong></span> <span class='ocrx_word' id='word_1_120' title='bbox 262 1017 377 1089; x_wconf 77' lang='lat' dir='ltr'><strong>fugiens</strong></span> <span class='ocrx_word' id='word_1_121' title='bbox 404 1016 625 1072; x_wconf 81' lang='lat' dir='ltr'><strong>aiornicarione</strong></span> <span class='ocrx_word' id='word_1_122' title='bbox 647 1022 711 1072; x_wconf 86' lang='lat' dir='ltr'><strong>eto</strong></span> <span class='ocrx_word' id='word_1_123' title='bbox 735 1017 894 1089; x_wconf 87' lang='lat' dir='ltr'><strong>pollutione</strong></span> <span class='ocrx_word' id='word_1_124' title='bbox 910 1015 968 1072; x_wconf 90' lang='lat' dir='ltr'><strong>dia·</strong></span> <span class='ocrx_word' id='word_1_125' title='bbox 1022 1017 1114 1072; x_wconf 86' lang='lat' dir='ltr'><strong>Patris</strong></span> <span class='ocrx_word' id='word_1_126' title='bbox 1140 1021 1211 1082; x_wconf 85' lang='lat' dir='ltr'><strong>ersi,</strong></span> <span class='ocrx_word' id='word_1_127' title='bbox 1232 1019 1265 1071; x_wconf 90' lang='lat' dir='ltr'><strong>ut</strong></span> <span class='ocrx_word' id='word_1_128' title='bbox 1287 1017 1395 1071; x_wconf 88' lang='lat' dir='ltr'><strong>viscera</strong></span> <span class='ocrx_word' id='word_1_129' title='bbox 1420 1021 1539 1071; x_wconf 87' lang='lat' dir='ltr'><strong>manent</strong></span> <span class='ocrx_word' id='word_1_130' title='bbox 1558 1016 1589 1070; x_wconf 87' lang='lat' dir='ltr'><strong>iu</strong></span> <span class='ocrx_word' id='word_1_131' title='bbox 1618 1016 1735 1072; x_wconf 87' lang='lat' dir='ltr'><strong>homine</strong></span> <span class='ocrx_word' id='word_1_132' title='bbox 1761 1033 1767 1071; x_wconf 94' lang='lat'><strong>:</strong></span> <span class='ocrx_word' id='word_1_133' title='bbox 1793 1016 1873 1087; x_wconf 89' lang='lat' dir='ltr'><strong>quod</strong></span> 
     </span>
     <span class='ocr_line' id='line_1_11' title="bbox 120 1103 1874 1176; baseline -0.002 -13"><span class='ocrx_word' id='word_1_134' title='bbox 120 1106 225 1172; x_wconf 90' lang='lat' dir='ltr'><strong>bolica,</strong></span> <span class='ocrx_word' id='word_1_135' title='bbox 253 1121 284 1161; x_wconf 92' lang='lat' dir='ltr'><strong>se</strong></span> <span class='ocrx_word' id='word_1_136' title='bbox 312 1105 467 1162; x_wconf 83' lang='lat' dir='ltr'><strong>defendens</strong></span> <span class='ocrx_word' id='word_1_137' title='bbox 491 1106 611 1162; x_wconf 88' lang='lat' dir='ltr'><strong>candida</strong></span> <span class='ocrx_word' id='word_1_138' title='bbox 636 1111 712 1162; x_wconf 86' lang='lat' dir='ltr'><strong>vesle</strong></span> <span class='ocrx_word' id='word_1_139' title='bbox 741 1105 912 1162; x_wconf 76' lang='lat' dir='ltr'><strong>innocentie</strong></span> <span class='ocrx_word' id='word_1_140' title='bbox 940 1110 969 1159; x_wconf 86' lang='lat' dir='ltr'><strong>ei</strong></span> <span class='ocrx_word' id='word_1_141' title='bbox 1024 1106 1112 1161; x_wconf 83' lang='lat' dir='ltr'><strong>Filius</strong></span> <span class='ocrx_word' id='word_1_142' title='bbox 1129 1105 1190 1176; x_wconf 89' lang='lat' dir='ltr'><strong>ejus</strong></span> <span class='ocrx_word' id='word_1_143' title='bbox 1209 1105 1239 1161; x_wconf 91' lang='lat' dir='ltr'><strong>iu</strong></span> <span class='ocrx_word' id='word_1_144' title='bbox 1255 1105 1311 1160; x_wconf 88' lang='lat' dir='ltr'><strong>line</strong></span> <span class='ocrx_word' id='word_1_145' title='bbox 1328 1109 1492 1176; x_wconf 87' lang='lat' dir='ltr'><strong>temporum</strong></span> <span class='ocrx_word' id='word_1_146' title='bbox 1513 1103 1713 1161; x_wconf 85' lang='lat' dir='ltr'><strong>incarnaretur</strong></span> <span class='ocrx_word' id='word_1_147' title='bbox 1734 1104 1785 1161; x_wconf 92' lang='lat' dir='ltr'><strong>ubi</strong></span> <span class='ocrx_word' id='word_1_148' title='bbox 1808 1104 1874 1160; x_wconf 88' lang='lat' dir='ltr'><strong>visi-</strong></span> 
     </span>
     <span class='ocr_line' id='line_1_12' title="bbox 121 1191 1874 1264; baseline 0.001 -16"><span class='ocrx_word' id='word_1_149' title='bbox 121 1192 346 1261; x_wconf 87' lang='lat' dir='ltr'><strong>castitatis,eam</strong></span> <span class='ocrx_word' id='word_1_150' title='bbox 371 1191 481 1248; x_wconf 89' lang='lat' dir='ltr'><strong>habeus</strong></span> <span class='ocrx_word' id='word_1_151' title='bbox 497 1192 670 1259; x_wconf 84' lang='lat' dir='ltr'><strong>indextcra,</strong></span> <span class='ocrx_word' id='word_1_152' title='bbox 690 1194 770 1264; x_wconf 87' lang='lat' dir='ltr'><strong>quod</strong></span> <span class='ocrx_word' id='word_1_153' title='bbox 791 1198 834 1247; x_wconf 87' lang='lat' dir='ltr'><strong>est</strong></span> <span class='ocrx_word' id='word_1_154' title='bbox 858 1193 887 1246; x_wconf 89' lang='lat' dir='ltr'><strong>in</strong></span> <span class='ocrx_word' id='word_1_155' title='bbox 913 1193 968 1246; x_wconf 89' lang='lat' dir='ltr'><strong>sal·</strong></span> <span class='ocrx_word' id='word_1_156' title='bbox 1023 1194 1092 1249; x_wconf 86' lang='lat' dir='ltr'><strong>lavit</strong></span> <span class='ocrx_word' id='word_1_157' title='bbox 1114 1195 1200 1256; x_wconf 56' lang='lat' dir='ltr'><strong>,neus</strong></span> <span class='ocrx_word' id='word_1_158' title='bbox 1236 1193 1379 1250; x_wconf 89' lang='lat' dir='ltr'><strong>homiues.</strong></span> <span class='ocrx_word' id='word_1_159' title='bbox 1416 1193 1585 1259; x_wconf 78' lang='lat' dir='ltr'><strong>Quomodo?</strong></span> <span class='ocrx_word' id='word_1_160' title='bbox 1620 1195 1732 1250; x_wconf 83' lang='lat' dir='ltr'><strong>Caelesti</strong></span> <span class='ocrx_word' id='word_1_161' title='bbox 1765 1194 1874 1249; x_wconf 88' lang='lat' dir='ltr'><strong>scilicet</strong></span> 
     </span>
     <span class='ocr_line' id='line_1_13' title="bbox 120 1281 1874 1355; baseline -0.001 -19"><span class='ocrx_word' id='word_1_162' title='bbox 120 1281 235 1337; x_wconf 81' lang='lat' dir='ltr'><strong>ratione</strong></span> <span class='ocrx_word' id='word_1_163' title='bbox 258 1281 353 1352; x_wconf 86' lang='lat' dir='ltr'><strong>operis</strong></span> <span class='ocrx_word' id='word_1_164' title='bbox 375 1281 436 1348; x_wconf 82' lang='lat' dir='ltr'><strong>sui3</strong></span> <span class='ocrx_word' id='word_1_165' title='bbox 469 1281 607 1353; x_wconf 89' lang='lat' dir='ltr'><strong>qnoniam</strong></span> <span class='ocrx_word' id='word_1_166' title='bbox 634 1282 689 1354; x_wconf 90' lang='lat' dir='ltr'><strong>ipsi</strong></span> <span class='ocrx_word' id='word_1_167' title='bbox 716 1287 849 1353; x_wconf 85' lang='lat' dir='ltr'><strong>potenter</strong></span> <span class='ocrx_word' id='word_1_168' title='bbox 877 1282 969 1338; x_wconf 82' lang='lat' dir='ltr'><strong>adbm·</strong></span> <span class='ocrx_word' id='word_1_169' title='bbox 1024 1297 1098 1354; x_wconf 90' lang='lat' dir='ltr'><strong>pane</strong></span> <span class='ocrx_word' id='word_1_170' title='bbox 1112 1283 1162 1355; x_wconf 91' lang='lat' dir='ltr'><strong>qui</strong></span> <span class='ocrx_word' id='word_1_171' title='bbox 1179 1283 1264 1338; x_wconf 81' lang='lat' dir='ltr'><strong>Filius</strong></span> <span class='ocrx_word' id='word_1_172' title='bbox 1279 1283 1340 1354; x_wconf 85' lang='lat' dir='ltr'><strong>ejus</strong></span> <span class='ocrx_word' id='word_1_173' title='bbox 1356 1287 1398 1337; x_wconf 89' lang='lat' dir='ltr'><strong>est</strong></span> <span class='ocrx_word' id='word_1_174' title='bbox 1412 1287 1495 1337; x_wconf 87' lang='lat' dir='ltr'><strong>natus</strong></span> <span class='ocrx_word' id='word_1_175' title='bbox 1511 1282 1541 1336; x_wconf 93' lang='lat' dir='ltr'><strong>in</strong></span> <span class='ocrx_word' id='word_1_176' title='bbox 1557 1298 1641 1337; x_wconf 88' lang='lat' dir='ltr'><strong>carue</strong></span> <span class='ocrx_word' id='word_1_177' title='bbox 1659 1299 1693 1337; x_wconf 84' lang='lat' dir='ltr'><strong>cr</strong></span> <span class='ocrx_word' id='word_1_178' title='bbox 1713 1283 1799 1338; x_wconf 87' lang='lat' dir='ltr'><strong>llaria</strong></span> <span class='ocrx_word' id='word_1_179' title='bbox 1813 1283 1874 1336; x_wconf 92' lang='lat' dir='ltr'><strong>vir-</strong></span> 
     </span>
     <span class='ocr_line' id='line_1_14' title="bbox 122 1370 1874 1443; baseline 0 -18"><span class='ocrx_word' id='word_1_180' title='bbox 122 1375 187 1427; x_wconf 89' lang='lat' dir='ltr'><strong>rcnt</strong></span> <span class='ocrx_word' id='word_1_181' title='bbox 217 1374 398 1442; x_wconf 88' lang='lat' dir='ltr'><strong>contemptus</strong></span> <span class='ocrx_word' id='word_1_182' title='bbox 424 1370 519 1425; x_wconf 92' lang='lat' dir='ltr'><strong>omnis</strong></span> <span class='ocrx_word' id='word_1_183' title='bbox 545 1370 690 1441; x_wconf 79' lang='lat' dir='ltr'><strong>spurcitiae</strong></span> <span class='ocrx_word' id='word_1_184' title='bbox 726 1371 848 1439; x_wconf 83' lang='lat' dir='ltr'><strong>Saianae,</strong></span> <span class='ocrx_word' id='word_1_185' title='bbox 882 1387 969 1443; x_wconf 88' lang='lat' dir='ltr'><strong>quam</strong></span> <span class='ocrx_word' id='word_1_186' title='bbox 1025 1370 1102 1442; x_wconf 89' lang='lat' dir='ltr'><strong>gine,</strong></span> <span class='ocrx_word' id='word_1_187' title='bbox 1120 1372 1169 1442; x_wconf 92' lang='lat' dir='ltr'><strong>qui</strong></span> <span class='ocrx_word' id='word_1_188' title='bbox 1197 1371 1315 1426; x_wconf 84' lang='lat' dir='ltr'><strong>veniens</strong></span> <span class='ocrx_word' id='word_1_189' title='bbox 1337 1386 1371 1426; x_wconf 85' lang='lat' dir='ltr'><strong>ex</strong></span> <span class='ocrx_word' id='word_1_190' title='bbox 1402 1370 1472 1436; x_wconf 86' lang='lat' dir='ltr'><strong>allo,</strong></span> <span class='ocrx_word' id='word_1_191' title='bbox 1497 1370 1525 1426; x_wconf 92' lang='lat' dir='ltr'><strong>id</strong></span> <span class='ocrx_word' id='word_1_192' title='bbox 1549 1376 1591 1426; x_wconf 88' lang='lat' dir='ltr'><strong>ost</strong></span> <span class='ocrx_word' id='word_1_193' title='bbox 1613 1371 1648 1426; x_wconf 92' lang='lat' dir='ltr'><strong>de</strong></span> <span class='ocrx_word' id='word_1_194' title='bbox 1671 1371 1755 1426; x_wconf 87' lang='lat' dir='ltr'><strong>corde</strong></span> <span class='ocrx_word' id='word_1_195' title='bbox 1780 1372 1874 1426; x_wconf 86' lang='lat' dir='ltr'><strong>Patris</strong></span> 
     </span>
     <span class='ocr_line' id='line_1_15' title="bbox 123 1458 1875 1532; baseline -0.001 -18"><span class='ocrx_word' id='word_1_196' title='bbox 123 1458 292 1514; x_wconf 89' lang='lat' dir='ltr'><strong>omnimodo</strong></span> <span class='ocrx_word' id='word_1_197' title='bbox 314 1458 413 1529; x_wconf 81' lang='lat' dir='ltr'><strong>abjicit</strong></span> <span class='ocrx_word' id='word_1_198' title='bbox 438 1475 515 1527; x_wconf 89' lang='grc' dir='ltr'>ιιι,</span> <span class='ocrx_word' id='word_1_199' title='bbox 539 1464 572 1514; x_wconf 88' lang='grc' dir='ltr'><strong>ιι</strong></span> <span class='ocrx_word' id='word_1_200' title='bbox 593 1460 681 1515; x_wconf 86' lang='lat' dir='ltr'><strong>ctiam</strong></span> <span class='ocrx_word' id='word_1_201' title='bbox 703 1459 874 1516; x_wconf 84' lang='lat' dir='ltr'><strong>declaratio</strong></span> <span class='ocrx_word' id='word_1_202' title='bbox 900 1476 970 1532; x_wconf 84' lang='lat' dir='ltr'><strong>prae-</strong></span> <span class='ocrx_word' id='word_1_203' title='bbox 1024 1460 1131 1528; x_wconf 78' lang='lat' dir='ltr'><strong>exiens,</strong></span> <span class='ocrx_word' id='word_1_204' title='bbox 1158 1459 1283 1530; x_wconf 83' lang='lat' dir='ltr'><strong>praebuil</strong></span> <span class='ocrx_word' id='word_1_205' title='bbox 1303 1459 1458 1514; x_wconf 88' lang='lat' dir='ltr'><strong>maximam</strong></span> <span class='ocrx_word' id='word_1_206' title='bbox 1490 1459 1684 1530; x_wconf 75' lang='lat' dir='ltr'><strong>quaerentibus</strong></span> <span class='ocrx_word' id='word_1_207' title='bbox 1708 1476 1737 1514; x_wconf 91' lang='lat' dir='ltr'><strong>se</strong></span> <span class='ocrx_word' id='word_1_208' title='bbox 1765 1459 1875 1515; x_wconf 89' lang='lat' dir='ltr'><strong>miseri-</strong></span> 
     </span>
     <span class='ocr_line' id='line_1_16' title="bbox 123 1545 1876 1620; baseline -0.002 -18"><span class='ocrx_word' id='word_1_209' title='bbox 123 1547 206 1602; x_wconf 91' lang='lat' dir='ltr'><strong>dictis</strong></span> <span class='ocrx_word' id='word_1_210' title='bbox 219 1546 313 1602; x_wconf 85' lang='lat' dir='ltr'><strong>verbis</strong></span> <span class='ocrx_word' id='word_1_211' title='bbox 326 1547 386 1602; x_wconf 90' lang='lat' dir='ltr'><strong>suis</strong></span> <span class='ocrx_word' id='word_1_212' title='bbox 400 1547 569 1604; x_wconf 90' lang='lat' dir='ltr'><strong>monitionis</strong></span> <span class='ocrx_word' id='word_1_213' title='bbox 582 1564 652 1604; x_wconf 83' lang='lat' dir='ltr'><strong>snoe.</strong></span> <span class='ocrx_word' id='word_1_214' title='bbox 1026 1551 1164 1617; x_wconf 89' lang='lat' dir='ltr'><strong>cordiam,</strong></span> <span class='ocrx_word' id='word_1_215' title='bbox 1180 1550 1255 1605; x_wconf 87' lang='lat' dir='ltr'><strong>sicui</strong></span> <span class='ocrx_word' id='word_1_216' title='bbox 1275 1547 1364 1604; x_wconf 83' lang='lat' dir='ltr'><strong>etiam</strong></span> <span class='ocrx_word' id='word_1_217' title='bbox 1388 1549 1451 1620; x_wconf 88' lang='lat' dir='ltr'><strong>ipsa</strong></span> <span class='ocrx_word' id='word_1_218' title='bbox 1473 1548 1562 1603; x_wconf 81' lang='lat' dir='ltr'><strong>virtus</strong></span> <span class='ocrx_word' id='word_1_219' title='bbox 1576 1547 1608 1602; x_wconf 91' lang='lat' dir='ltr'><strong>iu</strong></span> <span class='ocrx_word' id='word_1_220' title='bbox 1628 1545 1800 1618; x_wconf 84' lang='lat' dir='ltr'><strong>supradictis</strong></span> <span class='ocrx_word' id='word_1_221' title='bbox 1814 1562 1876 1600; x_wconf 87' lang='grc' dir='ltr'>ιιι·-</span> 
     </span>
    </p>

    <p class='ocr_par' dir='ltr' id='par_1_4' title="bbox 81 1605 1941 3837">
     <span class='ocr_line' id='line_1_17' title="bbox 158 1605 1485 1708; baseline 0.002 -19"><span class='ocrx_word' id='word_1_222' title='bbox 158 1634 266 1700; x_wconf 89' lang='lat' dir='ltr'><strong>Quarta</strong></span> <span class='ocrx_word' id='word_1_223' title='bbox 300 1640 398 1690; x_wconf 83' lang='lat' dir='ltr'><strong>autem</strong></span> <span class='ocrx_word' id='word_1_224' title='bbox 440 1634 582 1707; x_wconf 84' lang='lat' dir='ltr'><strong>significat</strong></span> <span class='ocrx_word' id='word_1_225' title='bbox 622 1635 863 1706; x_wconf 88' lang='lat' dir='ltr'><strong>misericordiam;</strong></span> <span class='ocrx_word' id='word_1_226' title='bbox 903 1637 971 1708; x_wconf 89' lang='lat' dir='ltr'><strong>quia</strong></span> <span class='ocrx_word' id='word_1_227' title='bbox 990 1605 1011 1658; x_wconf 74' lang='lat' dir='ltr'><strong>B</strong></span> <span class='ocrx_word' id='word_1_228' title='bbox 1027 1637 1072 1694; x_wconf 93' lang='lat' dir='ltr'><strong>bis</strong></span> <span class='ocrx_word' id='word_1_229' title='bbox 1091 1638 1150 1694; x_wconf 88' lang='lat' dir='ltr'><strong>suis</strong></span> <span class='ocrx_word' id='word_1_230' title='bbox 1165 1637 1239 1693; x_wconf 91' lang='lat' dir='ltr'><strong>iiiios</strong></span> <span class='ocrx_word' id='word_1_231' title='bbox 1253 1637 1303 1693; x_wconf 88' lang='lat' dir='ltr'><strong>Dei</strong></span> <span class='ocrx_word' id='word_1_232' title='bbox 1318 1635 1485 1708; x_wconf 87' lang='lat' dir='ltr'><strong>alloquitur.</strong></span> 
     </span>
     <span class='ocr_line' id='line_1_18' title="bbox 124 1723 1876 1798; baseline 0 -21"><span class='ocrx_word' id='word_1_233' title='bbox 124 1726 189 1794; x_wconf 85' lang='lat' dir='ltr'><strong>post</strong></span> <span class='ocrx_word' id='word_1_234' title='bbox 201 1723 405 1779; x_wconf 76' lang='lat' dir='ltr'><strong>verecundiam</strong></span> <span class='ocrx_word' id='word_1_235' title='bbox 430 1723 523 1779; x_wconf 86' lang='lat' dir='ltr'><strong>elevat</strong></span> <span class='ocrx_word' id='word_1_236' title='bbox 537 1739 568 1779; x_wconf 88' lang='lat' dir='ltr'><strong>se</strong></span> <span class='ocrx_word' id='word_1_237' title='bbox 588 1724 622 1780; x_wconf 87' lang='lat' dir='ltr'><strong>ad</strong></span> <span class='ocrx_word' id='word_1_238' title='bbox 636 1729 755 1796; x_wconf 90' lang='lat' dir='ltr'><strong>egentes</strong></span> <span class='ocrx_word' id='word_1_239' title='bbox 777 1726 868 1781; x_wconf 89' lang='lat' dir='ltr'><strong>virtus</strong></span> <span class='ocrx_word' id='word_1_240' title='bbox 890 1726 972 1780; x_wconf 85' lang='lat' dir='ltr'><strong>mise·</strong></span> <span class='ocrx_word' id='word_1_241' title='bbox 1061 1726 1167 1792; x_wconf 83' lang='lat' dir='ltr'><strong>Quinta</strong></span> <span class='ocrx_word' id='word_1_242' title='bbox 1181 1725 1353 1797; x_wconf 89' lang='lat' dir='ltr'><strong>veroimago</strong></span> <span class='ocrx_word' id='word_1_243' title='bbox 1367 1725 1535 1798; x_wconf 81' lang='lat' dir='ltr'><strong>praefigurat</strong></span> <span class='ocrx_word' id='word_1_244' title='bbox 1549 1723 1695 1780; x_wconf 88' lang='lat' dir='ltr'><strong>victoriam</strong></span> <span class='ocrx_word' id='word_1_245' title='bbox 1711 1744 1717 1780; x_wconf 94' lang='lat'><strong>:</strong></span> <span class='ocrx_word' id='word_1_246' title='bbox 1735 1723 1876 1797; x_wconf 91' lang='lat' dir='ltr'><strong>quoniam</strong></span> 
     </span>
     <span class='ocr_line' id='line_1_19' title="bbox 124 1811 1876 1887; baseline -0.001 -20"><span class='ocrx_word' id='word_1_247' title='bbox 124 1811 265 1879; x_wconf 76' lang='lat' dir='ltr'><strong>ricordio,</strong></span> <span class='ocrx_word' id='word_1_248' title='bbox 285 1812 354 1885; x_wconf 84' lang='lat' dir='ltr'><strong>quia</strong></span> <span class='ocrx_word' id='word_1_249' title='bbox 374 1812 462 1867; x_wconf 83' lang='lat' dir='ltr'><strong>etism</strong></span> <span class='ocrx_word' id='word_1_250' title='bbox 477 1812 507 1868; x_wconf 91' lang='lat' dir='ltr'><strong>in</strong></span> <span class='ocrx_word' id='word_1_251' title='bbox 522 1813 608 1868; x_wconf 87' lang='lat' dir='ltr'><strong>corde</strong></span> <span class='ocrx_word' id='word_1_252' title='bbox 622 1812 723 1869; x_wconf 76' lang='lat' dir='ltr'><strong>aterni</strong></span> <span class='ocrx_word' id='word_1_253' title='bbox 737 1814 826 1870; x_wconf 85' lang='lat' dir='ltr'><strong>Patris</strong></span> <span class='ocrx_word' id='word_1_254' title='bbox 849 1819 893 1870; x_wconf 87' lang='lat' dir='ltr'><strong>est</strong></span> <span class='ocrx_word' id='word_1_255' title='bbox 905 1829 972 1869; x_wconf 90' lang='lat' dir='ltr'><strong>vera</strong></span> <span class='ocrx_word' id='word_1_256' title='bbox 1028 1820 1092 1887; x_wconf 85' lang='lat' dir='ltr'><strong>post</strong></span> <span class='ocrx_word' id='word_1_257' title='bbox 1113 1814 1339 1870; x_wconf 89' lang='lat' dir='ltr'><strong>miscricordiam</strong></span> <span class='ocrx_word' id='word_1_258' title='bbox 1366 1830 1454 1887; x_wconf 88' lang='lat' dir='ltr'><strong>quam</strong></span> <span class='ocrx_word' id='word_1_259' title='bbox 1476 1813 1588 1869; x_wconf 85' lang='lat' dir='ltr'><strong>ostendi</strong></span> <span class='ocrx_word' id='word_1_260' title='bbox 1609 1813 1639 1868; x_wconf 94' lang='lat' dir='ltr'><strong>iu</strong></span> <span class='ocrx_word' id='word_1_261' title='bbox 1658 1811 1876 1868; x_wconf 87' lang='lat' dir='ltr'><strong>circumcisione</strong></span> 
     </span>
     <span class='ocr_line' id='line_1_20' title="bbox 81 1900 1877 1977; baseline -0.001 -20"><span class='ocrx_word' id='word_1_262' title='bbox 81 1969 85 1977; x_wconf 29' lang='grc' dir='ltr'><strong><em>Ι</em></strong></span> <span class='ocrx_word' id='word_1_263' title='bbox 124 1900 515 1974; x_wconf 82' lang='lat' dir='ltr'><strong>misericordiagratiroejus</strong></span> <span class='ocrx_word' id='word_1_264' title='bbox 533 1902 670 1975; x_wconf 89' lang='lat' dir='ltr'><strong>quoniam</strong></span> <span class='ocrx_word' id='word_1_265' title='bbox 685 1903 814 1976; x_wconf 85' lang='lat' dir='ltr'><strong>ipseper</strong></span> <span class='ocrx_word' id='word_1_266' title='bbox 834 1919 897 1959; x_wconf 86' lang='lat' dir='ltr'><strong>eam</strong></span> <span class='ocrx_word' id='word_1_267' title='bbox 918 1904 973 1960; x_wconf 89' lang='lat' dir='ltr'><strong>boc</strong></span> <span class='ocrx_word' id='word_1_268' title='bbox 1029 1903 1132 1960; x_wconf 81' lang='lat' dir='ltr'><strong>Filium</strong></span> <span class='ocrx_word' id='word_1_269' title='bbox 1147 1903 1488 1960; x_wconf 87' lang='lat' dir='ltr'><strong>meumvolsnsmitiaro</strong></span> <span class='ocrx_word' id='word_1_270' title='bbox 1512 1902 1712 1970; x_wconf 90' lang='lat' dir='ltr'><strong>inmundum,</strong></span> <span class='ocrx_word' id='word_1_271' title='bbox 1738 1901 1877 1957; x_wconf 84' lang='lat' dir='ltr'><strong>erexitse</strong></span> 
     </span>
     <span class='ocr_line' id='line_1_21' title="bbox 126 1987 1876 2064; baseline 0 -22"><span class='ocrx_word' id='word_1_272' title='bbox 126 1987 266 2044; x_wconf 87' lang='lat' dir='ltr'><strong>ordinavit</strong></span> <span class='ocrx_word' id='word_1_273' title='bbox 306 1988 336 2044; x_wconf 90' lang='lat' dir='ltr'><strong>in</strong></span> <span class='ocrx_word' id='word_1_274' title='bbox 373 1989 492 2060; x_wconf 86' lang='lat' dir='ltr'><strong>antiqno</strong></span> <span class='ocrx_word' id='word_1_275' title='bbox 520 1989 639 2046; x_wconf 92' lang='lat' dir='ltr'><strong>consilio</strong></span> <span class='ocrx_word' id='word_1_276' title='bbox 663 2007 714 2046; x_wconf 91' lang='lat' dir='ltr'><strong>suo</strong></span> <span class='ocrx_word' id='word_1_277' title='bbox 741 1991 819 2063; x_wconf 91' lang='lat' dir='ltr'><strong>quod</strong></span> <span class='ocrx_word' id='word_1_278' title='bbox 845 1991 972 2064; x_wconf 90' lang='lat' dir='ltr'><strong>primum</strong></span> <span class='ocrx_word' id='word_1_279' title='bbox 1027 1991 1144 2048; x_wconf 88' lang='lat' dir='ltr'><strong>victoria</strong></span> <span class='ocrx_word' id='word_1_280' title='bbox 1179 1993 1210 2047; x_wconf 90' lang='lat' dir='ltr'><strong>iu</strong></span> <span class='ocrx_word' id='word_1_281' title='bbox 1247 1991 1346 2048; x_wconf 85' lang='lat' dir='ltr'><strong>eadam</strong></span> <span class='ocrx_word' id='word_1_282' title='bbox 1383 1990 1609 2057; x_wconf 82' lang='lat' dir='ltr'><strong>circumcisione,</strong></span> <span class='ocrx_word' id='word_1_283' title='bbox 1647 1990 1688 2045; x_wconf 85' lang='lat' dir='ltr'><strong>ita</strong></span> <span class='ocrx_word' id='word_1_284' title='bbox 1715 1989 1876 2062; x_wconf 86' lang='lat' dir='ltr'><strong>procedens</strong></span> 
     </span>
     <span class='ocr_line' id='line_1_22' title="bbox 126 2076 1876 2153; baseline 0 -21"><span class='ocrx_word' id='word_1_285' title='bbox 126 2077 252 2134; x_wconf 89' lang='lat' dir='ltr'><strong>ostendit</strong></span> <span class='ocrx_word' id='word_1_286' title='bbox 274 2076 499 2134; x_wconf 88' lang='lat' dir='ltr'><strong>misericorditer</strong></span> <span class='ocrx_word' id='word_1_287' title='bbox 522 2078 667 2135; x_wconf 79' lang='lat' dir='ltr'><strong>Abrabam</strong></span> <span class='ocrx_word' id='word_1_288' title='bbox 691 2079 721 2135; x_wconf 91' lang='lat' dir='ltr'><strong>in</strong></span> <span class='ocrx_word' id='word_1_289' title='bbox 744 2080 970 2149; x_wconf 84' lang='lat' dir='ltr'><strong>circumcisione,</strong></span> <span class='ocrx_word' id='word_1_290' title='bbox 1028 2096 1093 2136; x_wconf 88' lang='lat' dir='ltr'><strong>cnm</strong></span> <span class='ocrx_word' id='word_1_291' title='bbox 1109 2081 1218 2152; x_wconf 83' lang='lat' dir='ltr'><strong>majore</strong></span> <span class='ocrx_word' id='word_1_292' title='bbox 1239 2081 1455 2153; x_wconf 76' lang='lat' dir='ltr'><strong>virtutemque</strong></span> <span class='ocrx_word' id='word_1_293' title='bbox 1479 2081 1515 2136; x_wconf 88' lang='lat' dir='ltr'><strong>ad</strong></span> <span class='ocrx_word' id='word_1_294' title='bbox 1534 2080 1637 2136; x_wconf 82' lang='lat' dir='ltr'><strong>Filium</strong></span> <span class='ocrx_word' id='word_1_295' title='bbox 1664 2083 1876 2150; x_wconf 73' lang='lat' dir='ltr'><strong>marmorque</strong></span> 
     </span>
     <span class='ocr_line' id='line_1_23' title="bbox 126 2165 1874 2242; baseline 0.001 -22"><span class='ocrx_word' id='word_1_296' title='bbox 126 2165 250 2222; x_wconf 87' lang='lat' dir='ltr'><strong>educans</strong></span> <span class='ocrx_word' id='word_1_297' title='bbox 265 2181 332 2222; x_wconf 91' lang='lat' dir='ltr'><strong>eum</strong></span> <span class='ocrx_word' id='word_1_298' title='bbox 348 2166 384 2222; x_wconf 88' lang='lat' dir='ltr'><strong>de</strong></span> <span class='ocrx_word' id='word_1_299' title='bbox 410 2171 487 2223; x_wconf 85' lang='lat' dir='ltr'><strong>terra</strong></span> <span class='ocrx_word' id='word_1_300' title='bbox 506 2167 569 2238; x_wconf 87' lang='lat' dir='ltr'><strong>ejus</strong></span> <span class='ocrx_word' id='word_1_301' title='bbox 583 2174 612 2224; x_wconf 93' lang='lat' dir='ltr'><strong>et</strong></span> <span class='ocrx_word' id='word_1_302' title='bbox 626 2168 794 2241; x_wconf 75' lang='lat' dir='ltr'><strong>precipiens</strong></span> <span class='ocrx_word' id='word_1_303' title='bbox 815 2169 841 2224; x_wconf 87' lang='lat' dir='ltr'><strong>oi</strong></span> <span class='ocrx_word' id='word_1_304' title='bbox 862 2173 896 2224; x_wconf 90' lang='lat' dir='ltr'><strong>ut</strong></span> <span class='ocrx_word' id='word_1_305' title='bbox 917 2170 972 2224; x_wconf 90' lang='lat' dir='ltr'><strong>cir·</strong></span> <span class='ocrx_word' id='word_1_306' title='bbox 1027 2184 1094 2225; x_wconf 89' lang='lat' dir='ltr'><strong>cum</strong></span> <span class='ocrx_word' id='word_1_307' title='bbox 1118 2169 1225 2242; x_wconf 86' lang='lat' dir='ltr'><strong>ipsein</strong></span> <span class='ocrx_word' id='word_1_308' title='bbox 1240 2170 1429 2226; x_wconf 87' lang='lat' dir='ltr'><strong>novissimum</strong></span> <span class='ocrx_word' id='word_1_309' title='bbox 1452 2168 1539 2224; x_wconf 86' lang='lat' dir='ltr'><strong>diem.</strong></span> <span class='ocrx_word' id='word_1_310' title='bbox 1556 2170 1630 2225; x_wconf 89' lang='lat' dir='ltr'><strong>Num</strong></span> <span class='ocrx_word' id='word_1_311' title='bbox 1656 2168 1685 2223; x_wconf 92' lang='lat' dir='ltr'><strong>in</strong></span> <span class='ocrx_word' id='word_1_312' title='bbox 1709 2167 1780 2223; x_wconf 81' lang='lat' dir='ltr'><strong>i&#39;ilio</strong></span> <span class='ocrx_word' id='word_1_313' title='bbox 1805 2183 1874 2222; x_wconf 88' lang='lat' dir='ltr'><strong>meo</strong></span> 
     </span>
     <span class='ocr_line' id='line_1_24' title="bbox 127 2254 1876 2330; baseline 0.002 -21"><span class='ocrx_word' id='word_1_314' title='bbox 127 2254 341 2310; x_wconf 87' lang='lat' dir='ltr'><strong>cumcidcrctur</strong></span> <span class='ocrx_word' id='word_1_315' title='bbox 364 2255 425 2327; x_wconf 88' lang='lat' dir='ltr'><strong>ipse</strong></span> <span class='ocrx_word' id='word_1_316' title='bbox 448 2259 583 2328; x_wconf 88' lang='lat' dir='ltr'><strong>etgenus</strong></span> <span class='ocrx_word' id='word_1_317' title='bbox 607 2256 833 2329; x_wconf 89' lang='lat' dir='ltr'><strong>suum,quando</strong></span> <span class='ocrx_word' id='word_1_318' title='bbox 857 2256 900 2312; x_wconf 94' lang='lat' dir='ltr'><strong>illi</strong></span> <span class='ocrx_word' id='word_1_319' title='bbox 923 2258 971 2314; x_wconf 88' lang='lat' dir='ltr'><strong>dc·</strong></span> <span class='ocrx_word' id='word_1_320' title='bbox 1028 2257 1160 2329; x_wconf 88' lang='lat' dir='ltr'><strong>superavi</strong></span> <span class='ocrx_word' id='word_1_321' title='bbox 1192 2258 1344 2330; x_wconf 83' lang='lat' dir='ltr'><strong>antiquum</strong></span> <span class='ocrx_word' id='word_1_322' title='bbox 1373 2264 1553 2330; x_wconf 81' lang='lat' dir='ltr'><strong>serpentem3</strong></span> <span class='ocrx_word' id='word_1_323' title='bbox 1584 2257 1633 2330; x_wconf 83' lang='lat' dir='ltr'><strong>qui</strong></span> <span class='ocrx_word' id='word_1_324' title='bbox 1666 2273 1752 2329; x_wconf 89' lang='lat' dir='ltr'><strong>super</strong></span> <span class='ocrx_word' id='word_1_325' title='bbox 1786 2262 1876 2328; x_wconf 86' lang='lat' dir='ltr'><strong>caput</strong></span> 
     </span>
     <span class='ocr_line' id='line_1_25' title="bbox 127 2345 1877 2418; baseline -0.001 -18"><span class='ocrx_word' id='word_1_326' title='bbox 127 2345 297 2400; x_wconf 82' lang='lat' dir='ltr'><strong>monstrarit</strong></span> <span class='ocrx_word' id='word_1_327' title='bbox 316 2361 423 2417; x_wconf 84' lang='lat' dir='ltr'><strong>magne</strong></span> <span class='ocrx_word' id='word_1_328' title='bbox 446 2346 589 2402; x_wconf 86' lang='lat' dir='ltr'><strong>mirabilia</strong></span> <span class='ocrx_word' id='word_1_329' title='bbox 610 2346 640 2402; x_wconf 91' lang='lat' dir='ltr'><strong>iu</strong></span> <span class='ocrx_word' id='word_1_330' title='bbox 661 2361 728 2402; x_wconf 86' lang='lat' dir='ltr'><strong>vera</strong></span> <span class='ocrx_word' id='word_1_331' title='bbox 747 2347 895 2416; x_wconf 83' lang='lat' dir='ltr'><strong>Trinitate,</strong></span> <span class='ocrx_word' id='word_1_332' title='bbox 921 2364 973 2418; x_wconf 86' lang='lat' dir='ltr'><strong>per</strong></span> <span class='ocrx_word' id='word_1_333' title='bbox 1028 2362 1112 2402; x_wconf 89' lang='lat' dir='ltr'><strong>suum</strong></span> <span class='ocrx_word' id='word_1_334' title='bbox 1129 2347 1232 2403; x_wconf 80' lang='lat' dir='ltr'><strong>extulit</strong></span> <span class='ocrx_word' id='word_1_335' title='bbox 1248 2362 1287 2414; x_wconf 86' lang='lat' dir='ltr'><strong>se,</strong></span> <span class='ocrx_word' id='word_1_336' title='bbox 1304 2347 1464 2401; x_wconf 89' lang='lat' dir='ltr'><strong>homanum</strong></span> <span class='ocrx_word' id='word_1_337' title='bbox 1488 2361 1580 2418; x_wconf 89' lang='lat' dir='ltr'><strong>genos</strong></span> <span class='ocrx_word' id='word_1_338' title='bbox 1594 2345 1709 2417; x_wconf 86' lang='lat' dir='ltr'><strong>rapiens</strong></span> <span class='ocrx_word' id='word_1_339' title='bbox 1724 2361 1778 2416; x_wconf 89' lang='lat' dir='ltr'><strong>per</strong></span> <span class='ocrx_word' id='word_1_340' title='bbox 1795 2345 1877 2400; x_wconf 83' lang='lat' dir='ltr'><strong>mille</strong></span> 
     </span>
     <span class='ocr_line' id='line_1_26' title="bbox 128 2433 1879 2510; baseline 0 -22"><span class='ocrx_word' id='word_1_341' title='bbox 128 2449 192 2504; x_wconf 80' lang='lat' dir='ltr'><strong>quae</strong></span> <span class='ocrx_word' id='word_1_342' title='bbox 207 2438 236 2490; x_wconf 90' lang='grc' dir='ltr'><strong>ιι</strong></span> <span class='ocrx_word' id='word_1_343' title='bbox 255 2434 361 2490; x_wconf 82' lang='lat' dir='ltr'><strong>Filium</strong></span> <span class='ocrx_word' id='word_1_344' title='bbox 375 2450 460 2490; x_wconf 92' lang='lat' dir='ltr'><strong>snum</strong></span> <span class='ocrx_word' id='word_1_345' title='bbox 474 2435 716 2506; x_wconf 72' lang='lat' dir='ltr'><strong>prenuntiaverat</strong></span> <span class='ocrx_word' id='word_1_346' title='bbox 734 2436 765 2492; x_wconf 90' lang='lat' dir='ltr'><strong>in</strong></span> <span class='ocrx_word' id='word_1_347' title='bbox 778 2437 882 2508; x_wconf 85' lang='lat' dir='ltr'><strong>ligera,</strong></span> <span class='ocrx_word' id='word_1_348' title='bbox 896 2439 972 2510; x_wconf 88' lang='lat' dir='ltr'><strong>quod</strong></span> <span class='ocrx_word' id='word_1_349' title='bbox 1029 2435 1171 2507; x_wconf 88' lang='lat' dir='ltr'><strong>nequitias</strong></span> <span class='ocrx_word' id='word_1_350' title='bbox 1184 2435 1288 2507; x_wconf 87' lang='lat' dir='ltr'><strong>quibos</strong></span> <span class='ocrx_word' id='word_1_351' title='bbox 1305 2435 1378 2491; x_wconf 90' lang='lat' dir='ltr'><strong>illud</strong></span> <span class='ocrx_word' id='word_1_352' title='bbox 1397 2434 1614 2507; x_wconf 87' lang='lat' dir='ltr'><strong>comprehendit</strong></span> <span class='ocrx_word' id='word_1_353' title='bbox 1627 2433 1710 2506; x_wconf 84' lang='lat' dir='ltr'><strong>quasi</strong></span> <span class='ocrx_word' id='word_1_354' title='bbox 1730 2433 1761 2488; x_wconf 95' lang='lat' dir='ltr'><strong>in</strong></span> <span class='ocrx_word' id='word_1_355' title='bbox 1775 2437 1879 2488; x_wconf 85' lang='lat' dir='ltr'><strong>catena</strong></span> 
     </span>
     <span class='ocr_line' id='line_1_27' title="bbox 127 2521 1879 2597; baseline -0.001 -19"><span class='ocrx_word' id='word_1_356' title='bbox 127 2527 221 2578; x_wconf 88' lang='lat' dir='ltr'><strong>totum</strong></span> <span class='ocrx_word' id='word_1_357' title='bbox 248 2528 292 2578; x_wconf 87' lang='lat' dir='ltr'><strong>est</strong></span> <span class='ocrx_word' id='word_1_358' title='bbox 316 2523 365 2578; x_wconf 88' lang='lat' dir='ltr'><strong>ilia</strong></span> <span class='ocrx_word' id='word_1_359' title='bbox 397 2523 593 2580; x_wconf 86' lang='lat' dir='ltr'><strong>misericordia</strong></span> <span class='ocrx_word' id='word_1_360' title='bbox 621 2540 708 2597; x_wconf 86' lang='lat' dir='ltr'><strong>quam</strong></span> <span class='ocrx_word' id='word_1_361' title='bbox 729 2525 807 2581; x_wconf 87' lang='lat' dir='ltr'><strong>idern</strong></span> <span class='ocrx_word' id='word_1_362' title='bbox 828 2525 971 2582; x_wconf 81' lang='lat' dir='ltr'><strong>Abrabme</strong></span> <span class='ocrx_word' id='word_1_363' title='bbox 1029 2539 1090 2592; x_wconf 86' lang='lat' dir='ltr'><strong>sua,</strong></span> <span class='ocrx_word' id='word_1_364' title='bbox 1119 2523 1187 2596; x_wconf 90' lang='lat' dir='ltr'><strong>quia</strong></span> <span class='ocrx_word' id='word_1_365' title='bbox 1215 2524 1277 2580; x_wconf 88' lang='lat' dir='ltr'><strong>illas</strong></span> <span class='ocrx_word' id='word_1_366' title='bbox 1302 2521 1446 2596; x_wconf 88' lang='lat' dir='ltr'><strong>nequitias</strong></span> <span class='ocrx_word' id='word_1_367' title='bbox 1473 2521 1641 2594; x_wconf 86' lang='lat' dir='ltr'><strong>Unigenitus</strong></span> <span class='ocrx_word' id='word_1_368' title='bbox 1667 2537 1748 2577; x_wconf 88' lang='lat' dir='ltr'><strong>meos</strong></span> <span class='ocrx_word' id='word_1_369' title='bbox 1772 2521 1879 2577; x_wconf 87' lang='lat' dir='ltr'><strong>devicit</strong></span> 
     </span>
     <span class='ocr_line' id='line_1_28' title="bbox 129 2609 1878 2687; baseline 0.001 -24"><span class='ocrx_word' id='word_1_370' title='bbox 129 2611 314 2683; x_wconf 73' lang='lat' dir='ltr'><strong>presignavit</strong></span> <span class='ocrx_word' id='word_1_371' title='bbox 338 2611 461 2668; x_wconf 79' lang='lat' dir='ltr'><strong>offerens</strong></span> <span class='ocrx_word' id='word_1_372' title='bbox 482 2613 567 2669; x_wconf 88' lang='lat' dir='ltr'><strong>isaac.</strong></span> <span class='ocrx_word' id='word_1_373' title='bbox 591 2614 624 2669; x_wconf 84' lang='lat' dir='ltr'><strong>Et</strong></span> <span class='ocrx_word' id='word_1_374' title='bbox 647 2619 690 2669; x_wconf 89' lang='grc' dir='ltr'><strong>ιιι</strong></span> <span class='ocrx_word' id='word_1_375' title='bbox 710 2615 802 2670; x_wconf 86' lang='grc' dir='ltr'>ιιιιιο</span> <span class='ocrx_word' id='word_1_376' title='bbox 822 2615 915 2687; x_wconf 85' lang='lat' dir='ltr'><strong>capite</strong></span> <span class='ocrx_word' id='word_1_377' title='bbox 940 2631 972 2670; x_wconf 83' lang='lat' dir='ltr'><strong>ex</strong></span> <span class='ocrx_word' id='word_1_378' title='bbox 1029 2627 1081 2684; x_wconf 90' lang='lat' dir='ltr'><strong>per</strong></span> <span class='ocrx_word' id='word_1_379' title='bbox 1100 2613 1198 2668; x_wconf 86' lang='lat' dir='ltr'><strong>omnia</strong></span> <span class='ocrx_word' id='word_1_380' title='bbox 1212 2612 1348 2668; x_wconf 86' lang='lat' dir='ltr'><strong>bellicosa</strong></span> <span class='ocrx_word' id='word_1_381' title='bbox 1362 2627 1443 2666; x_wconf 91' lang='lat' dir='ltr'><strong>arma</strong></span> <span class='ocrx_word' id='word_1_382' title='bbox 1457 2627 1522 2684; x_wconf 86' lang='lat' dir='ltr'><strong>qum</strong></span> <span class='ocrx_word' id='word_1_383' title='bbox 1542 2615 1727 2666; x_wconf 84' lang='lat' dir='ltr'><strong>surrexerunt</strong></span> <span class='ocrx_word' id='word_1_384' title='bbox 1740 2610 1771 2666; x_wconf 93' lang='lat' dir='ltr'><strong>in</strong></span> <span class='ocrx_word' id='word_1_385' title='bbox 1786 2609 1878 2665; x_wconf 87' lang='lat' dir='ltr'><strong>incar·</strong></span> 
     </span>
     <span class='ocr_line' id='line_1_29' title="bbox 129 2697 1876 2776; baseline -0.001 -24"><span class='ocrx_word' id='word_1_386' title='bbox 129 2700 195 2755; x_wconf 83' lang='lat' dir='ltr'><strong>albo</strong></span> <span class='ocrx_word' id='word_1_387' title='bbox 209 2700 353 2756; x_wconf 88' lang='lat' dir='ltr'><strong>velamine</strong></span> <span class='ocrx_word' id='word_1_388' title='bbox 367 2701 469 2772; x_wconf 76' lang='lat' dir='ltr'><strong>cepitis</strong></span> <span class='ocrx_word' id='word_1_389' title='bbox 485 2716 566 2757; x_wconf 85' lang='lat' dir='ltr'><strong>more</strong></span> <span class='ocrx_word' id='word_1_390' title='bbox 582 2701 732 2771; x_wconf 78' lang='lat' dir='ltr'><strong>meliciiri3</strong></span> <span class='ocrx_word' id='word_1_391' title='bbox 752 2704 829 2776; x_wconf 87' lang='lat' dir='ltr'><strong>quod</strong></span> <span class='ocrx_word' id='word_1_392' title='bbox 851 2707 894 2759; x_wconf 88' lang='lat' dir='ltr'><strong>est</strong></span> <span class='ocrx_word' id='word_1_393' title='bbox 915 2708 974 2775; x_wconf 87' lang='lat' dir='ltr'><strong>teg·</strong></span> <span class='ocrx_word' id='word_1_394' title='bbox 1029 2699 1144 2756; x_wconf 88' lang='lat' dir='ltr'><strong>natione</strong></span> <span class='ocrx_word' id='word_1_395' title='bbox 1171 2701 1233 2771; x_wconf 86' lang='lat' dir='ltr'><strong>ejus</strong></span> <span class='ocrx_word' id='word_1_396' title='bbox 1256 2699 1307 2772; x_wconf 88' lang='lat' dir='ltr'><strong>qui</strong></span> <span class='ocrx_word' id='word_1_397' title='bbox 1329 2705 1372 2755; x_wconf 90' lang='lat' dir='ltr'><strong>est</strong></span> <span class='ocrx_word' id='word_1_398' title='bbox 1398 2700 1450 2755; x_wconf 84' lang='lat' dir='ltr'><strong>llos</strong></span> <span class='ocrx_word' id='word_1_399' title='bbox 1473 2698 1603 2754; x_wconf 87' lang='lat' dir='ltr'><strong>omnium</strong></span> <span class='ocrx_word' id='word_1_400' title='bbox 1628 2698 1776 2753; x_wconf 88' lang='lat' dir='ltr'><strong>virtutum.</strong></span> <span class='ocrx_word' id='word_1_401' title='bbox 1800 2697 1876 2763; x_wconf 91' lang='lat' dir='ltr'><strong>Quid</strong></span> 
     </span>
     <span class='ocr_line' id='line_1_30' title="bbox 128 2787 1870 2862; baseline -0.002 -20"><span class='ocrx_word' id='word_1_402' title='bbox 128 2804 194 2844; x_wconf 88' lang='lat' dir='ltr'><strong>uren</strong></span> <span class='ocrx_word' id='word_1_403' title='bbox 209 2793 239 2845; x_wconf 90' lang='grc' dir='ltr'><strong>ιι</strong></span> <span class='ocrx_word' id='word_1_404' title='bbox 261 2788 376 2845; x_wconf 86' lang='lat' dir='ltr'><strong>initium</strong></span> <span class='ocrx_word' id='word_1_405' title='bbox 403 2790 580 2858; x_wconf 84' lang='lat' dir='ltr'><strong>salvationis,</strong></span> <span class='ocrx_word' id='word_1_406' title='bbox 599 2791 682 2862; x_wconf 88' lang='lat' dir='ltr'><strong>qnasi</strong></span> <span class='ocrx_word' id='word_1_407' title='bbox 705 2798 792 2862; x_wconf 87' lang='lat' dir='ltr'><strong>capot</strong></span> <span class='ocrx_word' id='word_1_408' title='bbox 813 2792 974 2848; x_wconf 83' lang='lat' dir='ltr'><strong>miserantis</strong></span> <span class='ocrx_word' id='word_1_409' title='bbox 1029 2788 1102 2844; x_wconf 81' lang='lat' dir='ltr'><strong>boc?</strong></span> <span class='ocrx_word' id='word_1_410' title='bbox 1127 2791 1193 2844; x_wconf 84' lang='lat' dir='ltr'><strong>Post</strong></span> <span class='ocrx_word' id='word_1_411' title='bbox 1213 2789 1437 2845; x_wconf 86' lang='lat' dir='ltr'><strong>misericordiam</strong></span> <span class='ocrx_word' id='word_1_412' title='bbox 1462 2788 1555 2859; x_wconf 80' lang='lat' dir='ltr'><strong>surgit</strong></span> <span class='ocrx_word' id='word_1_413' title='bbox 1577 2788 1696 2842; x_wconf 84' lang='lat' dir='ltr'><strong>victorio</strong></span> <span class='ocrx_word' id='word_1_414' title='bbox 1716 2803 1781 2842; x_wconf 89' lang='lat' dir='ltr'><strong>cum</strong></span> <span class='ocrx_word' id='word_1_415' title='bbox 1799 2787 1870 2857; x_wconf 89' lang='lat' dir='ltr'><strong>scip-</strong></span> 
     </span>
     <span class='ocr_line' id='line_1_31' title="bbox 127 2873 1878 2958; baseline -0.002 -26"><span class='ocrx_word' id='word_1_416' title='bbox 127 2876 254 2948; x_wconf 85' lang='lat' dir='ltr'><strong>perdilas</strong></span> <span class='ocrx_word' id='word_1_417' title='bbox 277 2876 389 2934; x_wconf 85' lang='lat' dir='ltr'><strong>animas</strong></span> <span class='ocrx_word' id='word_1_418' title='bbox 411 2879 447 2934; x_wconf 90' lang='lat' dir='ltr'><strong>de</strong></span> <span class='ocrx_word' id='word_1_419' title='bbox 475 2880 575 2934; x_wconf 86' lang='lat' dir='ltr'><strong>exsilio</strong></span> <span class='ocrx_word' id='word_1_420' title='bbox 602 2880 704 2935; x_wconf 90' lang='lat' dir='ltr'><strong>mortis</strong></span> <span class='ocrx_word' id='word_1_421' title='bbox 730 2881 892 2936; x_wconf 88' lang='lat' dir='ltr'><strong>reducentis</strong></span> <span class='ocrx_word' id='word_1_422' title='bbox 920 2882 973 2936; x_wconf 88' lang='lat' dir='ltr'><strong>sub</strong></span> <span class='ocrx_word' id='word_1_423' title='bbox 993 2893 1092 2958; x_wconf 63' lang='lat' dir='ltr'><strong>Caram</strong></span> <span class='ocrx_word' id='word_1_424' title='bbox 1120 2878 1208 2932; x_wconf 92' lang='lat' dir='ltr'><strong>ivomo</strong></span> <span class='ocrx_word' id='word_1_425' title='bbox 1236 2877 1341 2934; x_wconf 85' lang='lat' dir='ltr'><strong>devicit</strong></span> <span class='ocrx_word' id='word_1_426' title='bbox 1366 2883 1395 2932; x_wconf 88' lang='grc' dir='ltr'><strong>ιι</strong></span> <span class='ocrx_word' id='word_1_427' title='bbox 1422 2877 1516 2931; x_wconf 85' lang='lat' dir='ltr'><strong>aliena</strong></span> <span class='ocrx_word' id='word_1_428' title='bbox 1541 2875 1619 2930; x_wconf 85' lang='lat' dir='ltr'><strong>vilia.</strong></span> <span class='ocrx_word' id='word_1_429' title='bbox 1641 2873 1813 2942; x_wconf 75' lang='lat' dir='ltr'><strong>Quomodo?</strong></span> <span class='ocrx_word' id='word_1_430' title='bbox 1842 2874 1878 2928; x_wconf 91' lang='lat' dir='ltr'><strong>in</strong></span> 
     </span>
     <span class='ocr_line' id='line_1_32' title="bbox 128 2963 1878 3040; baseline -0.002 -20"><span class='ocrx_word' id='word_1_431' title='bbox 128 2966 253 3022; x_wconf 84' lang='lat' dir='ltr'><strong>candore</strong></span> <span class='ocrx_word' id='word_1_432' title='bbox 266 2966 308 3037; x_wconf 92' lang='lat' dir='ltr'><strong>pii</strong></span> <span class='ocrx_word' id='word_1_433' title='bbox 330 2967 497 3034; x_wconf 81' lang='lat' dir='ltr'><strong>velaminis3</strong></span> <span class='ocrx_word' id='word_1_434' title='bbox 521 2967 660 3040; x_wconf 86' lang='lat' dir='ltr'><strong>quouiam</strong></span> <span class='ocrx_word' id='word_1_435' title='bbox 681 2969 760 3023; x_wconf 88' lang='lat' dir='ltr'><strong>albas</strong></span> <span class='ocrx_word' id='word_1_436' title='bbox 783 2969 852 3025; x_wconf 85' lang='lat' dir='ltr'><strong>lacit</strong></span> <span class='ocrx_word' id='word_1_437' title='bbox 865 2969 976 3025; x_wconf 84' lang='lat' dir='ltr'><strong>animas</strong></span> <span class='ocrx_word' id='word_1_438' title='bbox 1031 2967 1172 3039; x_wconf 77' lang='lat' dir='ltr'><strong>praedictis</strong></span> <span class='ocrx_word' id='word_1_439' title='bbox 1186 2966 1261 3022; x_wconf 89' lang='lat' dir='ltr'><strong>viliis</strong></span> <span class='ocrx_word' id='word_1_440' title='bbox 1277 2967 1406 3040; x_wconf 85' lang='lat' dir='ltr'><strong>quinque</strong></span> <span class='ocrx_word' id='word_1_441' title='bbox 1421 2965 1575 3022; x_wconf 85' lang='lat' dir='ltr'><strong>virtutibus</strong></span> <span class='ocrx_word' id='word_1_442' title='bbox 1592 2982 1598 3019; x_wconf 95' lang='lat'><strong>:</strong></span> <span class='ocrx_word' id='word_1_443' title='bbox 1613 2963 1724 3036; x_wconf 90' lang='lat' dir='ltr'><strong>primus</strong></span> <span class='ocrx_word' id='word_1_444' title='bbox 1738 2967 1780 3018; x_wconf 91' lang='grc' dir='ltr'><strong>ιιι</strong></span> <span class='ocrx_word' id='word_1_445' title='bbox 1793 2977 1878 3017; x_wconf 91' lang='lat' dir='ltr'><strong>amor</strong></span> 
     </span>
     <span class='ocr_line' id='line_1_33' title="bbox 128 3051 1879 3128; baseline -0.002 -20"><span class='ocrx_word' id='word_1_446' title='bbox 128 3059 158 3110; x_wconf 89' lang='lat' dir='ltr'><strong>ct</strong></span> <span class='ocrx_word' id='word_1_447' title='bbox 170 3054 318 3110; x_wconf 88' lang='lat' dir='ltr'><strong>bominem</strong></span> <span class='ocrx_word' id='word_1_448' title='bbox 335 3055 513 3126; x_wconf 65' lang='lat' dir='ltr'><strong>fulgentem</strong></span> <span class='ocrx_word' id='word_1_449' title='bbox 535 3056 606 3112; x_wconf 92' lang='lat' dir='ltr'><strong>dum</strong></span> <span class='ocrx_word' id='word_1_450' title='bbox 625 3062 778 3128; x_wconf 89' lang='lat' dir='ltr'><strong>coopertus</strong></span> <span class='ocrx_word' id='word_1_451' title='bbox 800 3057 889 3115; x_wconf 78' lang='lat' dir='ltr'><strong>larerit</strong></span> <span class='ocrx_word' id='word_1_452' title='bbox 910 3075 975 3113; x_wconf 88' lang='lat' dir='ltr'><strong>cunr</strong></span> <span class='ocrx_word' id='word_1_453' title='bbox 1030 3057 1160 3126; x_wconf 86' lang='lat' dir='ltr'><strong>ooelestis,</strong></span> <span class='ocrx_word' id='word_1_454' title='bbox 1177 3058 1285 3113; x_wconf 86' lang='lat' dir='ltr'><strong>scilicet</strong></span> <span class='ocrx_word' id='word_1_455' title='bbox 1300 3058 1329 3112; x_wconf 92' lang='lat' dir='ltr'><strong>in</strong></span> <span class='ocrx_word' id='word_1_456' title='bbox 1355 3057 1409 3112; x_wconf 86' lang='lat' dir='ltr'><strong>hoc</strong></span> <span class='ocrx_word' id='word_1_457' title='bbox 1429 3056 1506 3128; x_wconf 91' lang='lat' dir='ltr'><strong>quod</strong></span> <span class='ocrx_word' id='word_1_458' title='bbox 1521 3056 1612 3118; x_wconf 80' lang='lat' dir='ltr'><strong>borno¹</strong></span> <span class='ocrx_word' id='word_1_459' title='bbox 1628 3054 1681 3109; x_wconf 88' lang='lat' dir='ltr'><strong>seit</strong></span> <span class='ocrx_word' id='word_1_460' title='bbox 1698 3057 1728 3109; x_wconf 89' lang='grc' dir='ltr'><strong>ιι</strong></span> <span class='ocrx_word' id='word_1_461' title='bbox 1747 3051 1879 3124; x_wconf 85' lang='lat' dir='ltr'><strong>agnoscit</strong></span> 
     </span>
     <span class='ocr_line' id='line_1_34' title="bbox 129 3139 1878 3218; baseline -0.002 -21"><span class='ocrx_word' id='word_1_462' title='bbox 129 3142 356 3199; x_wconf 82' lang='lat' dir='ltr'><strong>misericordiae</strong></span> <span class='ocrx_word' id='word_1_463' title='bbox 379 3145 448 3211; x_wconf 76' lang='lat' dir='ltr'><strong>oro,</strong></span> <span class='ocrx_word' id='word_1_464' title='bbox 472 3143 542 3216; x_wconf 80' lang='lat' dir='ltr'><strong>quia</strong></span> <span class='ocrx_word' id='word_1_465' title='bbox 555 3144 614 3200; x_wconf 89' lang='lat' dir='ltr'><strong>illis</strong></span> <span class='ocrx_word' id='word_1_466' title='bbox 632 3144 800 3201; x_wconf 88' lang='lat' dir='ltr'><strong>hominibus</strong></span> <span class='ocrx_word' id='word_1_467' title='bbox 813 3148 864 3218; x_wconf 83' lang='lat' dir='ltr'><strong>qui</strong></span> <span class='ocrx_word' id='word_1_468' title='bbox 886 3149 975 3203; x_wconf 88' lang='lat' dir='ltr'><strong>ileum</strong></span> <span class='ocrx_word' id='word_1_469' title='bbox 1031 3147 1132 3213; x_wconf 88' lang='lat' dir='ltr'><strong>Deum,</strong></span> <span class='ocrx_word' id='word_1_470' title='bbox 1148 3147 1271 3216; x_wconf 88' lang='lat' dir='ltr'><strong>diligens</strong></span> <span class='ocrx_word' id='word_1_471' title='bbox 1286 3161 1353 3201; x_wconf 85' lang='lat' dir='ltr'><strong>eum</strong></span> <span class='ocrx_word' id='word_1_472' title='bbox 1376 3160 1463 3218; x_wconf 90' lang='lat' dir='ltr'><strong>super</strong></span> <span class='ocrx_word' id='word_1_473' title='bbox 1477 3144 1584 3199; x_wconf 87' lang='lat' dir='ltr'><strong>omnia.</strong></span> <span class='ocrx_word' id='word_1_474' title='bbox 1607 3142 1714 3198; x_wconf 84' lang='lat' dir='ltr'><strong>lieinda</strong></span> <span class='ocrx_word' id='word_1_475' title='bbox 1735 3157 1820 3196; x_wconf 89' lang='lat' dir='ltr'><strong>causa</strong></span> <span class='ocrx_word' id='word_1_476' title='bbox 1843 3139 1878 3195; x_wconf 94' lang='lat' dir='ltr'><strong>ii-</strong></span> 
     </span>
     <span class='ocr_line' id='line_1_35' title="bbox 128 3227 1878 3306; baseline -0.001 -21"><span class='ocrx_word' id='word_1_477' title='bbox 128 3231 160 3285; x_wconf 92' lang='lat' dir='ltr'><strong>in</strong></span> <span class='ocrx_word' id='word_1_478' title='bbox 172 3230 370 3302; x_wconf 86' lang='lat' dir='ltr'><strong>indignatione</strong></span> <span class='ocrx_word' id='word_1_479' title='bbox 384 3230 500 3299; x_wconf 84' lang='lat' dir='ltr'><strong>habent,</strong></span> <span class='ocrx_word' id='word_1_480' title='bbox 523 3231 594 3287; x_wconf 90' lang='lat' dir='ltr'><strong>dum</strong></span> <span class='ocrx_word' id='word_1_481' title='bbox 609 3234 703 3288; x_wconf 86' lang='lat' dir='ltr'><strong>adbuc</strong></span> <span class='ocrx_word' id='word_1_482' title='bbox 717 3233 747 3288; x_wconf 89' lang='lat' dir='ltr'><strong>in</strong></span> <span class='ocrx_word' id='word_1_483' title='bbox 763 3235 885 3305; x_wconf 84' lang='lat' dir='ltr'><strong>peccatis</strong></span> <span class='ocrx_word' id='word_1_484' title='bbox 899 3241 975 3303; x_wconf 88' lang='lat' dir='ltr'><strong>sont,</strong></span> <span class='ocrx_word' id='word_1_485' title='bbox 1029 3235 1085 3292; x_wconf 89' lang='lat' dir='ltr'><strong>lius</strong></span> <span class='ocrx_word' id='word_1_486' title='bbox 1099 3235 1166 3290; x_wconf 87' lang='lat' dir='ltr'><strong>iidei</strong></span> <span class='ocrx_word' id='word_1_487' title='bbox 1183 3235 1290 3306; x_wconf 84' lang='lat' dir='ltr'><strong>ligatur</strong></span> <span class='ocrx_word' id='word_1_488' title='bbox 1303 3234 1380 3290; x_wconf 90' lang='lat' dir='ltr'><strong>idem</strong></span> <span class='ocrx_word' id='word_1_489' title='bbox 1395 3234 1480 3289; x_wconf 88' lang='lat' dir='ltr'><strong>bomo</strong></span> <span class='ocrx_word' id='word_1_490' title='bbox 1498 3232 1528 3287; x_wconf 94' lang='lat' dir='ltr'><strong>in</strong></span> <span class='ocrx_word' id='word_1_491' title='bbox 1543 3233 1636 3302; x_wconf 88' lang='lat' dir='ltr'><strong>legem</strong></span> <span class='ocrx_word' id='word_1_492' title='bbox 1650 3228 1820 3301; x_wconf 74' lang='lat' dir='ltr'><strong>disciplinam</strong></span> <span class='ocrx_word' id='word_1_493' title='bbox 1840 3227 1878 3284; x_wconf 90' lang='lat' dir='ltr'><strong>de</strong></span> 
     </span>
     <span class='ocr_line' id='line_1_36' title="bbox 130 3318 1879 3396; baseline -0.001 -22"><span class='ocrx_word' id='word_1_494' title='bbox 130 3318 174 3374; x_wconf 90' lang='lat' dir='ltr'><strong>lvis</strong></span> <span class='ocrx_word' id='word_1_495' title='bbox 200 3318 292 3390; x_wconf 81' lang='lat' dir='ltr'><strong>fuiget</strong></span> <span class='ocrx_word' id='word_1_496' title='bbox 316 3323 382 3391; x_wconf 91' lang='lat' dir='ltr'><strong>post</strong></span> <span class='ocrx_word' id='word_1_497' title='bbox 407 3319 516 3374; x_wconf 86' lang='lat' dir='ltr'><strong>illatam</strong></span> <span class='ocrx_word' id='word_1_498' title='bbox 544 3320 587 3374; x_wconf 90' lang='lat' dir='ltr'><strong>eis</strong></span> <span class='ocrx_word' id='word_1_499' title='bbox 604 3320 716 3376; x_wconf 81' lang='lat' dir='ltr'><strong>coelitus</strong></span> <span class='ocrx_word' id='word_1_500' title='bbox 739 3322 974 3393; x_wconf 85' lang='lat' dir='ltr'><strong>misericordiam,</strong></span> <span class='ocrx_word' id='word_1_501' title='bbox 1030 3339 1087 3396; x_wconf 85' lang='lat' dir='ltr'><strong>qua</strong></span> <span class='ocrx_word' id='word_1_502' title='bbox 1108 3323 1169 3394; x_wconf 87' lang='lat' dir='ltr'><strong>ipse</strong></span> <span class='ocrx_word' id='word_1_503' title='bbox 1183 3323 1337 3395; x_wconf 86' lang='lat' dir='ltr'><strong>compescit</strong></span> <span class='ocrx_word' id='word_1_504' title='bbox 1351 3321 1473 3378; x_wconf 84' lang='lat' dir='ltr'><strong>crimina</strong></span> <span class='ocrx_word' id='word_1_505' title='bbox 1495 3320 1631 3393; x_wconf 89' lang='lat' dir='ltr'><strong>peccandi</strong></span> <span class='ocrx_word' id='word_1_506' title='bbox 1652 3320 1827 3392; x_wconf 86' lang='lat' dir='ltr'><strong>perbonam</strong></span> <span class='ocrx_word' id='word_1_507' title='bbox 1848 3321 1879 3372; x_wconf 88' lang='lat' dir='ltr'><strong>et</strong></span> 
     </span>
     <span class='ocr_line' id='line_1_37' title="bbox 129 3405 1878 3483; baseline -0.002 -21"><span class='ocrx_word' id='word_1_508' title='bbox 129 3411 162 3462; x_wconf 88' lang='grc' dir='ltr'><strong>ιι</strong></span> <span class='ocrx_word' id='word_1_509' title='bbox 176 3407 273 3462; x_wconf 89' lang='lat' dir='ltr'><strong>rudius</strong></span> <span class='ocrx_word' id='word_1_510' title='bbox 288 3407 356 3462; x_wconf 88' lang='lat' dir='ltr'><strong>solis</strong></span> <span class='ocrx_word' id='word_1_511' title='bbox 375 3407 406 3463; x_wconf 89' lang='lat' dir='ltr'><strong>in</strong></span> <span class='ocrx_word' id='word_1_512' title='bbox 430 3407 537 3465; x_wconf 84' lang='lat' dir='ltr'><strong>blanda</strong></span> <span class='ocrx_word' id='word_1_513' title='bbox 557 3409 708 3477; x_wconf 84' lang='lat' dir='ltr'><strong>suavitate,</strong></span> <span class='ocrx_word' id='word_1_514' title='bbox 724 3410 875 3483; x_wconf 88' lang='lat' dir='ltr'><strong>quoniam&#39;</strong></span> <span class='ocrx_word' id='word_1_515' title='bbox 890 3411 975 3468; x_wconf 88' lang='lat' dir='ltr'><strong>mise·</strong></span> <span class='ocrx_word' id='word_1_516' title='bbox 1030 3416 1137 3467; x_wconf 84' lang='lat' dir='ltr'><strong>rectam</strong></span> <span class='ocrx_word' id='word_1_517' title='bbox 1166 3411 1378 3467; x_wconf 86' lang='lat' dir='ltr'><strong>verecundiam.</strong></span> <span class='ocrx_word' id='word_1_518' title='bbox 1410 3413 1442 3464; x_wconf 92' lang='lat' dir='ltr'><strong>in</strong></span> <span class='ocrx_word' id='word_1_519' title='bbox 1470 3409 1515 3466; x_wconf 91' lang='lat' dir='ltr'><strong>his</strong></span> <span class='ocrx_word' id='word_1_520' title='bbox 1542 3425 1611 3481; x_wconf 89' lang='lat' dir='ltr'><strong>ergo</strong></span> <span class='ocrx_word' id='word_1_521' title='bbox 1648 3408 1739 3463; x_wconf 89' lang='lat' dir='ltr'><strong>tribus</strong></span> <span class='ocrx_word' id='word_1_522' title='bbox 1768 3405 1878 3462; x_wconf 88' lang='lat' dir='ltr'><strong>viribus</strong></span> 
     </span>
     <span class='ocr_line' id='line_1_38' title="bbox 129 3495 1878 3572; baseline -0.001 -23"><span class='ocrx_word' id='word_1_523' title='bbox 129 3495 296 3552; x_wconf 88' lang='lat' dir='ltr'><strong>ricordiain</strong></span> <span class='ocrx_word' id='word_1_524' title='bbox 314 3495 450 3554; x_wconf 85' lang='lat' dir='ltr'><strong>muliebri</strong></span> <span class='ocrx_word' id='word_1_525' title='bbox 464 3513 588 3569; x_wconf 90' lang='lat' dir='ltr'><strong>persona</strong></span> <span class='ocrx_word' id='word_1_526' title='bbox 602 3498 806 3555; x_wconf 70' lang='lat' dir='ltr'><strong>fecundissima</strong></span> <span class='ocrx_word' id='word_1_527' title='bbox 820 3505 912 3556; x_wconf 86' lang='lat' dir='ltr'><strong>mater</strong></span> <span class='ocrx_word' id='word_1_528' title='bbox 934 3507 977 3556; x_wconf 89' lang='grc' dir='ltr'><strong>ιιι</strong></span> <span class='ocrx_word' id='word_1_529' title='bbox 1026 3499 1231 3572; x_wconf 83' lang='lat' dir='ltr'><strong>justificabitur</strong></span> <span class='ocrx_word' id='word_1_530' title='bbox 1253 3501 1340 3556; x_wconf 90' lang='lat' dir='ltr'><strong>bomo</strong></span> <span class='ocrx_word' id='word_1_531' title='bbox 1362 3501 1392 3554; x_wconf 92' lang='lat' dir='ltr'><strong>in</strong></span> <span class='ocrx_word' id='word_1_532' title='bbox 1412 3499 1497 3555; x_wconf 90' lang='lat' dir='ltr'><strong>corde</strong></span> <span class='ocrx_word' id='word_1_533' title='bbox 1526 3515 1577 3554; x_wconf 87' lang='lat' dir='ltr'><strong>suo</strong></span> <span class='ocrx_word' id='word_1_534' title='bbox 1605 3514 1611 3553; x_wconf 95' lang='lat'><strong>:</strong></span> <span class='ocrx_word' id='word_1_535' title='bbox 1645 3497 1686 3552; x_wconf 93' lang='lat' dir='ltr'><strong>sic</strong></span> <span class='ocrx_word' id='word_1_536' title='bbox 1723 3495 1878 3567; x_wconf 82' lang='lat' dir='ltr'><strong>inspiciens</strong></span> 
     </span>
     <span class='ocr_line' id='line_1_39' title="bbox 130 3585 1877 3661; baseline -0.001 -22"><span class='ocrx_word' id='word_1_537' title='bbox 130 3585 292 3641; x_wconf 82' lang='lat' dir='ltr'><strong>animorum</strong></span> <span class='ocrx_word' id='word_1_538' title='bbox 320 3585 356 3641; x_wconf 89' lang='lat' dir='ltr'><strong>de</strong></span> <span class='ocrx_word' id='word_1_539' title='bbox 388 3586 562 3658; x_wconf 89' lang='lat' dir='ltr'><strong>perditione.</strong></span> <span class='ocrx_word' id='word_1_540' title='bbox 594 3588 664 3642; x_wconf 78' lang='lat' dir='ltr'><strong>Nam</strong></span> <span class='ocrx_word' id='word_1_541' title='bbox 692 3592 724 3644; x_wconf 91' lang='lat' dir='ltr'><strong>ut</strong></span> <span class='ocrx_word' id='word_1_542' title='bbox 752 3588 857 3644; x_wconf 90' lang='lat' dir='ltr'><strong>molier</strong></span> <span class='ocrx_word' id='word_1_543' title='bbox 884 3589 978 3661; x_wconf 89' lang='lat' dir='ltr'><strong>operit</strong></span> <span class='ocrx_word' id='word_1_544' title='bbox 1030 3589 1117 3645; x_wconf 84' lang='lat' dir='ltr'><strong>aliam</strong></span> <span class='ocrx_word' id='word_1_545' title='bbox 1141 3605 1202 3644; x_wconf 87' lang='lat' dir='ltr'><strong>rom</strong></span> <span class='ocrx_word' id='word_1_546' title='bbox 1227 3605 1291 3660; x_wconf 80' lang='lat' dir='ltr'><strong>qum</strong></span> <span class='ocrx_word' id='word_1_547' title='bbox 1321 3593 1365 3643; x_wconf 89' lang='lat' dir='ltr'><strong>est</strong></span> <span class='ocrx_word' id='word_1_548' title='bbox 1397 3589 1530 3659; x_wconf 84' lang='lat' dir='ltr'><strong>augustia</strong></span> <span class='ocrx_word' id='word_1_549' title='bbox 1568 3585 1692 3658; x_wconf 82' lang='lat' dir='ltr'><strong>proximi</strong></span> <span class='ocrx_word' id='word_1_550' title='bbox 1718 3585 1762 3640; x_wconf 90' lang='lat' dir='ltr'><strong>sui</strong></span> <span class='ocrx_word' id='word_1_551' title='bbox 1790 3601 1877 3657; x_wconf 86' lang='lat' dir='ltr'><strong>quem</strong></span> 
     </span>
     <span class='ocr_line' id='line_1_40' title="bbox 129 3674 1877 3748; baseline -0.001 -20"><span class='ocrx_word' id='word_1_552' title='bbox 129 3677 216 3746; x_wconf 84' lang='lat' dir='ltr'><strong>caput</strong></span> <span class='ocrx_word' id='word_1_553' title='bbox 244 3689 340 3742; x_wconf 88' lang='lat' dir='ltr'><strong>suom,</strong></span> <span class='ocrx_word' id='word_1_554' title='bbox 380 3674 421 3730; x_wconf 87' lang='lat' dir='ltr'><strong>ita</strong></span> <span class='ocrx_word' id='word_1_555' title='bbox 447 3675 583 3747; x_wconf 89' lang='lat' dir='ltr'><strong>deprimit</strong></span> <span class='ocrx_word' id='word_1_556' title='bbox 619 3676 817 3733; x_wconf 85' lang='lat' dir='ltr'><strong>misericordia</strong></span> <span class='ocrx_word' id='word_1_557' title='bbox 854 3683 975 3734; x_wconf 88' lang='lat' dir='ltr'><strong>mortem</strong></span> <span class='ocrx_word' id='word_1_558' title='bbox 1030 3678 1194 3748; x_wconf 86' lang='lat' dir='ltr'><strong>procurabit</strong></span> <span class='ocrx_word' id='word_1_559' title='bbox 1227 3678 1258 3733; x_wconf 92' lang='lat' dir='ltr'><strong>iu</strong></span> <span class='ocrx_word' id='word_1_560' title='bbox 1281 3677 1417 3733; x_wconf 91' lang='lat' dir='ltr'><strong>omuibus</strong></span> <span class='ocrx_word' id='word_1_561' title='bbox 1448 3675 1664 3731; x_wconf 86' lang='lat' dir='ltr'><strong>necessitatibus</strong></span> <span class='ocrx_word' id='word_1_562' title='bbox 1687 3675 1749 3744; x_wconf 89' lang='lat' dir='ltr'><strong>ejus</strong></span> <span class='ocrx_word' id='word_1_563' title='bbox 1777 3677 1809 3728; x_wconf 88' lang='lat' dir='ltr'><strong>ut</strong></span> <span class='ocrx_word' id='word_1_564' title='bbox 1835 3689 1877 3726; x_wconf 89' lang='grc' dir='ltr'><strong>ιι.</strong></span> 
     </span>
     <span class='ocr_line' id='line_1_41' title="bbox 129 3762 1941 3837; baseline -0.001 -19"><span class='ocrx_word' id='word_1_565' title='bbox 129 3762 305 3830; x_wconf 84' lang='lat' dir='ltr'><strong>animarum,</strong></span> <span class='ocrx_word' id='word_1_566' title='bbox 334 3768 363 3820; x_wconf 93' lang='lat' dir='ltr'><strong>et</strong></span> <span class='ocrx_word' id='word_1_567' title='bbox 389 3763 463 3820; x_wconf 87' lang='lat' dir='ltr'><strong>sicut</strong></span> <span class='ocrx_word' id='word_1_568' title='bbox 487 3765 593 3820; x_wconf 92' lang='lat' dir='ltr'><strong>mulier</strong></span> <span class='ocrx_word' id='word_1_569' title='bbox 624 3766 739 3821; x_wconf 85' lang='lat' dir='ltr'><strong>suavior</strong></span> <span class='ocrx_word' id='word_1_570' title='bbox 768 3769 811 3822; x_wconf 88' lang='lat' dir='ltr'><strong>est</strong></span> <span class='ocrx_word' id='word_1_571' title='bbox 835 3769 907 3835; x_wconf 82' lang='lat' dir='ltr'><strong>viro,</strong></span> <span class='ocrx_word' id='word_1_572' title='bbox 936 3768 977 3822; x_wconf 92' lang='lat' dir='ltr'><strong>sic</strong></span> <span class='ocrx_word' id='word_1_573' title='bbox 1031 3767 1111 3822; x_wconf 89' lang='lat' dir='ltr'><strong>Unde</strong></span> <span class='ocrx_word' id='word_1_574' title='bbox 1133 3771 1162 3822; x_wconf 90' lang='grc' dir='ltr'><strong>ιι</strong></span> <span class='ocrx_word' id='word_1_575' title='bbox 1190 3781 1256 3821; x_wconf 85' lang='lat' dir='ltr'><strong>mox</strong></span> <span class='ocrx_word' id='word_1_576' title='bbox 1283 3767 1374 3837; x_wconf 85' lang='lat' dir='ltr'><strong>surgit</strong></span> <span class='ocrx_word' id='word_1_577' title='bbox 1400 3764 1487 3820; x_wconf 79' lang='lat' dir='ltr'><strong>honio</strong></span> <span class='ocrx_word' id='word_1_578' title='bbox 1510 3764 1683 3820; x_wconf 83' lang='lat' dir='ltr'><strong>lectissimus</strong></span> <span class='ocrx_word' id='word_1_579' title='bbox 1706 3763 1789 3818; x_wconf 91' lang='lat' dir='ltr'><strong>miles</strong></span> <span class='ocrx_word' id='word_1_580' title='bbox 1811 3777 1878 3817; x_wconf 90' lang='lat' dir='ltr'><strong>cum</strong></span> <span class='ocrx_word' id='word_1_581' title='bbox 1936 3825 1941 3830; x_wconf 30' lang='lat'><strong>¹</strong></span> 
     </span>
    </p>
   </div>
   <div class='ocr_carea' id='block_1_3' title="bbox 15 3851 1879 3927">
    <p class='ocr_par' dir='ltr' id='par_1_5' title="bbox 15 3851 1879 3927">
     <span class='ocr_line' id='line_1_42' title="bbox 15 3851 1879 3927; baseline -0.002 -19"><span class='ocrx_word' id='word_1_582' title='bbox 15 3922 17 3926; x_wconf 23' lang='grc' dir='ltr'>Ι</span> <span class='ocrx_word' id='word_1_583' title='bbox 129 3858 158 3908; x_wconf 90' lang='grc' dir='ltr'><strong>ιι</strong></span> <span class='ocrx_word' id='word_1_584' title='bbox 181 3851 377 3909; x_wconf 88' lang='lat' dir='ltr'><strong>misericordia</strong></span> <span class='ocrx_word' id='word_1_585' title='bbox 403 3853 518 3908; x_wconf 90' lang='lat' dir='ltr'><strong>suavior</strong></span> <span class='ocrx_word' id='word_1_586' title='bbox 552 3869 656 3908; x_wconf 84' lang='lat' dir='ltr'><strong>vesana</strong></span> <span class='ocrx_word' id='word_1_587' title='bbox 681 3854 796 3910; x_wconf 84' lang='lat' dir='ltr'><strong>insania</strong></span> <span class='ocrx_word' id='word_1_588' title='bbox 823 3855 976 3911; x_wconf 77' lang='lat' dir='ltr'><strong>cuminum</strong></span> <span class='ocrx_word' id='word_1_589' title='bbox 1030 3855 1074 3910; x_wconf 91' lang='lat' dir='ltr'><strong>bis</strong></span> <span class='ocrx_word' id='word_1_590' title='bbox 1099 3855 1190 3910; x_wconf 86' lang='lat' dir='ltr'><strong>tribus</strong></span> <span class='ocrx_word' id='word_1_591' title='bbox 1210 3855 1319 3910; x_wconf 89' lang='lat' dir='ltr'><strong>viribus</strong></span> <span class='ocrx_word' id='word_1_592' title='bbox 1333 3855 1364 3910; x_wconf 91' lang='lat' dir='ltr'><strong>in</strong></span> <span class='ocrx_word' id='word_1_593' title='bbox 1380 3853 1483 3927; x_wconf 84' lang='lat' dir='ltr'><strong>quibus</strong></span> <span class='ocrx_word' id='word_1_594' title='bbox 1498 3855 1641 3924; x_wconf 84' lang='lat' dir='ltr'><strong>perlectus</strong></span> <span class='ocrx_word' id='word_1_595' title='bbox 1661 3856 1704 3907; x_wconf 90' lang='lat' dir='ltr'><strong>est</strong></span> <span class='ocrx_word' id='word_1_596' title='bbox 1728 3851 1757 3906; x_wconf 90' lang='lat' dir='ltr'><strong>in</strong></span> <span class='ocrx_word' id='word_1_597' title='bbox 1782 3855 1879 3906; x_wconf 88' lang='lat' dir='ltr'><strong>mente</strong></span> 
     </span>
    </p>
   </div>
   <div class='ocr_carea' id='block_1_4' title="bbox 91 3940 1879 5523">
    <p class='ocr_par' dir='ltr' id='par_1_6' title="bbox 91 3940 1879 4281">
     <span class='ocr_line' id='line_1_43' title="bbox 91 3940 1878 4019; baseline -0.002 -23"><span class='ocrx_word' id='word_1_598' title='bbox 91 4013 95 4019; x_wconf 21' lang='grc'>1</span> <span class='ocrx_word' id='word_1_599' title='bbox 130 3942 161 3996; x_wconf 91' lang='lat' dir='ltr'><strong>in</strong></span> <span class='ocrx_word' id='word_1_600' title='bbox 174 3940 287 3997; x_wconf 86' lang='lat' dir='ltr'><strong>insania</strong></span> <span class='ocrx_word' id='word_1_601' title='bbox 308 3941 465 4014; x_wconf 84' lang='lat' dir='ltr'><strong>peccatoris</strong></span> <span class='ocrx_word' id='word_1_602' title='bbox 479 3941 648 4013; x_wconf 83' lang='lat' dir='ltr'><strong>priusquam</strong></span> <span class='ocrx_word' id='word_1_603' title='bbox 663 3959 713 3999; x_wconf 90' lang='lat' dir='ltr'><strong>cor</strong></span> <span class='ocrx_word' id='word_1_604' title='bbox 734 3944 796 4016; x_wconf 73' lang='lat' dir='ltr'><strong>eius</strong></span> <span class='ocrx_word' id='word_1_605' title='bbox 813 3944 977 4001; x_wconf 78' lang='lat' dir='ltr'><strong>visitetura</strong></span> <span class='ocrx_word' id='word_1_606' title='bbox 1031 3960 1081 3999; x_wconf 85' lang='lat' dir='ltr'><strong>sua</strong></span> <span class='ocrx_word' id='word_1_607' title='bbox 1109 3942 1250 3999; x_wconf 88' lang='lat' dir='ltr'><strong>imitando</strong></span> <span class='ocrx_word' id='word_1_608' title='bbox 1276 3944 1309 3998; x_wconf 90' lang='lat' dir='ltr'><strong>in</strong></span> <span class='ocrx_word' id='word_1_609' title='bbox 1332 3943 1512 3999; x_wconf 86' lang='lat' dir='ltr'><strong>misericodia</strong></span> <span class='ocrx_word' id='word_1_610' title='bbox 1536 3941 1640 3998; x_wconf 76' lang='lat' dir='ltr'><strong>i&#39;ilinm</strong></span> <span class='ocrx_word' id='word_1_611' title='bbox 1656 3956 1752 3996; x_wconf 89' lang='lat' dir='ltr'><strong>meum</strong></span> <span class='ocrx_word' id='word_1_612' title='bbox 1778 3955 1878 3994; x_wconf 88' lang='lat' dir='ltr'><strong>verum</strong></span> 
     </span>
     <span class='ocr_line' id='line_1_44' title="bbox 131 4028 1879 4104; baseline -0.002 -18"><span class='ocrx_word' id='word_1_613' title='bbox 131 4032 188 4086; x_wconf 85' lang='lat' dir='ltr'><strong>ileo</strong></span> <span class='ocrx_word' id='word_1_614' title='bbox 204 4046 211 4085; x_wconf 94' lang='lat'><strong>:</strong></span> <span class='ocrx_word' id='word_1_615' title='bbox 229 4030 300 4085; x_wconf 86' lang='lat' dir='ltr'><strong>sicut</strong></span> <span class='ocrx_word' id='word_1_616' title='bbox 314 4034 343 4085; x_wconf 90' lang='grc' dir='ltr'><strong>ιι</strong></span> <span class='ocrx_word' id='word_1_617' title='bbox 363 4029 462 4085; x_wconf 87' lang='lat' dir='ltr'><strong>eadem</strong></span> <span class='ocrx_word' id='word_1_618' title='bbox 490 4030 580 4085; x_wconf 90' lang='lat' dir='ltr'><strong>virtus</strong></span> <span class='ocrx_word' id='word_1_619' title='bbox 603 4031 633 4085; x_wconf 91' lang='lat' dir='ltr'><strong>in</strong></span> <span class='ocrx_word' id='word_1_620' title='bbox 659 4031 795 4088; x_wconf 79' lang='lat' dir='ltr'><strong>muliebri</strong></span> <span class='ocrx_word' id='word_1_621' title='bbox 809 4033 903 4088; x_wconf 82' lang='lat' dir='ltr'><strong>forma</strong></span> <span class='ocrx_word' id='word_1_622' title='bbox 928 4049 976 4104; x_wconf 87' lang='lat' dir='ltr'><strong>ap·</strong></span> <span class='ocrx_word' id='word_1_623' title='bbox 1030 4031 1241 4088; x_wconf 81' lang='lat' dir='ltr'><strong>samaritanum</strong></span> <span class='ocrx_word' id='word_1_624' title='bbox 1262 4032 1302 4087; x_wconf 90' lang='lat' dir='ltr'><strong>sic</strong></span> <span class='ocrx_word' id='word_1_625' title='bbox 1321 4032 1353 4087; x_wconf 89' lang='lat' dir='ltr'><strong>in</strong></span> <span class='ocrx_word' id='word_1_626' title='bbox 1379 4031 1496 4087; x_wconf 86' lang='lat' dir='ltr'><strong>victoria</strong></span> <span class='ocrx_word' id='word_1_627' title='bbox 1512 4031 1706 4103; x_wconf 86' lang='lat' dir='ltr'><strong>pertransiens</strong></span> <span class='ocrx_word' id='word_1_628' title='bbox 1726 4031 1799 4084; x_wconf 87' lang='lat' dir='ltr'><strong>viros</strong></span> <span class='ocrx_word' id='word_1_629' title='bbox 1820 4028 1879 4084; x_wconf 86' lang='lat' dir='ltr'><strong>dia-</strong></span> 
     </span>
     <span class='ocr_line' id='line_1_45' title="bbox 130 4117 1876 4194; baseline -0.001 -20"><span class='ocrx_word' id='word_1_630' title='bbox 130 4121 220 4190; x_wconf 86' lang='lat' dir='ltr'><strong>paret,</strong></span> <span class='ocrx_word' id='word_1_631' title='bbox 240 4117 379 4191; x_wconf 82' lang='lat' dir='ltr'><strong>quoniam</strong></span> <span class='ocrx_word' id='word_1_632' title='bbox 395 4117 426 4172; x_wconf 92' lang='lat' dir='ltr'><strong>in</strong></span> <span class='ocrx_word' id='word_1_633' title='bbox 440 4117 706 4176; x_wconf 80' lang='lat' dir='ltr'><strong>lemineacastitate</strong></span> <span class='ocrx_word' id='word_1_634' title='bbox 729 4121 826 4177; x_wconf 86' lang='lat' dir='ltr'><strong>clausa</strong></span> <span class='ocrx_word' id='word_1_635' title='bbox 849 4122 977 4194; x_wconf 72' lang='lat' dir='ltr'><strong>virginea</strong></span> <span class='ocrx_word' id='word_1_636' title='bbox 1030 4120 1089 4176; x_wconf 87' lang='lat' dir='ltr'><strong>boli</strong></span> <span class='ocrx_word' id='word_1_637' title='bbox 1116 4137 1181 4176; x_wconf 92' lang='lat' dir='ltr'><strong>cum</strong></span> <span class='ocrx_word' id='word_1_638' title='bbox 1207 4121 1294 4176; x_wconf 90' lang='lat' dir='ltr'><strong>armis</strong></span> <span class='ocrx_word' id='word_1_639' title='bbox 1315 4121 1611 4177; x_wconf 86' lang='lat' dir='ltr'><strong>victoriosissimarum</strong></span> <span class='ocrx_word' id='word_1_640' title='bbox 1635 4121 1782 4186; x_wconf 87' lang='lat' dir='ltr'><strong>virtulum,</strong></span> <span class='ocrx_word' id='word_1_641' title='bbox 1811 4135 1876 4174; x_wconf 92' lang='lat' dir='ltr'><strong>cum</strong></span> 
     </span>
     <span class='ocr_line' id='line_1_46' title="bbox 129 4203 1877 4281; baseline -0.001 -19"><span class='ocrx_word' id='word_1_642' title='bbox 129 4207 250 4262; x_wconf 83' lang='lat' dir='ltr'><strong>materia</strong></span> <span class='ocrx_word' id='word_1_643' title='bbox 263 4205 388 4261; x_wconf 83' lang='lat' dir='ltr'><strong>surrexit</strong></span> <span class='ocrx_word' id='word_1_644' title='bbox 409 4206 441 4261; x_wconf 92' lang='lat' dir='ltr'><strong>in</strong></span> <span class='ocrx_word' id='word_1_645' title='bbox 461 4212 561 4263; x_wconf 88' lang='lat' dir='ltr'><strong>ventre</strong></span> <span class='ocrx_word' id='word_1_646' title='bbox 582 4209 678 4264; x_wconf 82' lang='lat' dir='ltr'><strong>ldariae</strong></span> <span class='ocrx_word' id='word_1_647' title='bbox 701 4209 869 4266; x_wconf 83' lang='lat' dir='ltr'><strong>suavissima</strong></span> <span class='ocrx_word' id='word_1_648' title='bbox 892 4210 975 4266; x_wconf 88' lang='lat' dir='ltr'><strong>mise·</strong></span> <span class='ocrx_word' id='word_1_649' title='bbox 993 4203 1015 4256; x_wconf 79' lang='grc' dir='ltr'>ὓ</span> <span class='ocrx_word' id='word_1_650' title='bbox 1031 4210 1156 4281; x_wconf 84' lang='lat' dir='ltr'><strong>seipsum</strong></span> <span class='ocrx_word' id='word_1_651' title='bbox 1183 4210 1272 4265; x_wconf 86' lang='lat' dir='ltr'><strong>vincit</strong></span> <span class='ocrx_word' id='word_1_652' title='bbox 1294 4215 1322 4264; x_wconf 90' lang='lat' dir='ltr'><strong>el</strong></span> <span class='ocrx_word' id='word_1_653' title='bbox 1345 4211 1508 4281; x_wconf 86' lang='lat' dir='ltr'><strong>proximum</strong></span> <span class='ocrx_word' id='word_1_654' title='bbox 1534 4226 1617 4265; x_wconf 90' lang='lat' dir='ltr'><strong>snum</strong></span> <span class='ocrx_word' id='word_1_655' title='bbox 1647 4209 1731 4280; x_wconf 82' lang='lat' dir='ltr'><strong>regii,</strong></span> <span class='ocrx_word' id='word_1_656' title='bbox 1746 4209 1777 4263; x_wconf 86' lang='lat' dir='ltr'><strong>in</strong></span> <span class='ocrx_word' id='word_1_657' title='bbox 1806 4209 1877 4279; x_wconf 91' lang='lat' dir='ltr'><strong>ipsis</strong></span> 
     </span>
    </p>

    <p class='ocr_par' dir='ltr' id='par_1_7' title="bbox 103 4293 1878 5523">
     <span class='ocr_line' id='line_1_47' title="bbox 103 4293 1876 4368; baseline 0.001 -18"><span class='ocrx_word' id='word_1_658' title='bbox 103 4293 262 4363; x_wconf 81' lang='lat' dir='ltr'><strong>ricerdis,</strong></span> <span class='ocrx_word' id='word_1_659' title='bbox 290 4310 356 4367; x_wconf 77' lang='lat' dir='ltr'><strong>quae</strong></span> <span class='ocrx_word' id='word_1_660' title='bbox 383 4311 496 4367; x_wconf 85' lang='lat' dir='ltr'><strong>semper</strong></span> <span class='ocrx_word' id='word_1_661' title='bbox 527 4301 589 4352; x_wconf 88' lang='lat' dir='ltr'><strong>eret</strong></span> <span class='ocrx_word' id='word_1_662' title='bbox 615 4297 791 4354; x_wconf 84' lang='lat' dir='ltr'><strong>obumbrata</strong></span> <span class='ocrx_word' id='word_1_663' title='bbox 817 4298 848 4352; x_wconf 89' lang='lat' dir='ltr'><strong>in</strong></span> <span class='ocrx_word' id='word_1_664' title='bbox 881 4301 974 4366; x_wconf 86' lang='lat' dir='ltr'><strong>Patre,</strong></span> <span class='ocrx_word' id='word_1_665' title='bbox 1031 4299 1186 4356; x_wconf 85' lang='lat' dir='ltr'><strong>virtutibus</strong></span> <span class='ocrx_word' id='word_1_666' title='bbox 1211 4299 1342 4355; x_wconf 91' lang='lat' dir='ltr'><strong>occidens</strong></span> <span class='ocrx_word' id='word_1_667' title='bbox 1364 4314 1451 4354; x_wconf 90' lang='lat' dir='ltr'><strong>omne</strong></span> <span class='ocrx_word' id='word_1_668' title='bbox 1470 4298 1590 4364; x_wconf 84' lang='lat' dir='ltr'><strong>malum,</strong></span> <span class='ocrx_word' id='word_1_669' title='bbox 1614 4297 1774 4368; x_wconf 86' lang='lat' dir='ltr'><strong>abjiciendo</strong></span> <span class='ocrx_word' id='word_1_670' title='bbox 1795 4297 1876 4351; x_wconf 88' lang='lat' dir='ltr'><strong>vide·</strong></span> 
     </span>
     <span class='ocr_line' id='line_1_48' title="bbox 130 4383 1877 4460; baseline 0.001 -21"><span class='ocrx_word' id='word_1_671' title='bbox 130 4383 221 4440; x_wconf 88' lang='lat' dir='ltr'><strong>donec</strong></span> <span class='ocrx_word' id='word_1_672' title='bbox 243 4385 327 4439; x_wconf 84' lang='lat' dir='ltr'><strong>Pater</strong></span> <span class='ocrx_word' id='word_1_673' title='bbox 353 4399 417 4440; x_wconf 84' lang='lat' dir='ltr'><strong>eam</strong></span> <span class='ocrx_word' id='word_1_674' title='bbox 445 4383 586 4440; x_wconf 87' lang='lat' dir='ltr'><strong>visibilem</strong></span> <span class='ocrx_word' id='word_1_675' title='bbox 609 4387 734 4442; x_wconf 88' lang='lat' dir='ltr'><strong>ostendit</strong></span> <span class='ocrx_word' id='word_1_676' title='bbox 760 4402 813 4457; x_wconf 80' lang='lat' dir='ltr'><strong>per</strong></span> <span class='ocrx_word' id='word_1_677' title='bbox 838 4387 974 4460; x_wconf 85' lang='lat' dir='ltr'><strong>Spiritum</strong></span> <span class='ocrx_word' id='word_1_678' title='bbox 1031 4389 1097 4444; x_wconf 87' lang='lat' dir='ltr'><strong>licet</strong></span> <span class='ocrx_word' id='word_1_679' title='bbox 1123 4387 1285 4460; x_wconf 84' lang='lat' dir='ltr'><strong>superbiam</strong></span> <span class='ocrx_word' id='word_1_680' title='bbox 1303 4403 1369 4460; x_wconf 78' lang='lat' dir='ltr'><strong>qum</strong></span> <span class='ocrx_word' id='word_1_681' title='bbox 1382 4387 1472 4444; x_wconf 74' lang='lat' dir='ltr'><strong>Aliam</strong></span> <span class='ocrx_word' id='word_1_682' title='bbox 1496 4386 1605 4458; x_wconf 87' lang='lat' dir='ltr'><strong>expulit</strong></span> <span class='ocrx_word' id='word_1_683' title='bbox 1625 4385 1660 4441; x_wconf 89' lang='lat' dir='ltr'><strong>de</strong></span> <span class='ocrx_word' id='word_1_684' title='bbox 1684 4384 1827 4456; x_wconf 87' lang='lat' dir='ltr'><strong>paradiso.</strong></span> <span class='ocrx_word' id='word_1_685' title='bbox 1846 4387 1877 4440; x_wconf 82' lang='lat' dir='ltr'><strong>Ei</strong></span> 
     </span>
     <span class='ocr_line' id='line_1_49' title="bbox 128 4471 1875 4548; baseline 0 -20"><span class='ocrx_word' id='word_1_686' title='bbox 128 4476 257 4528; x_wconf 84' lang='grc' dir='ltr'>ιιιιιιιι</span> <span class='ocrx_word' id='word_1_687' title='bbox 277 4471 309 4526; x_wconf 91' lang='lat' dir='ltr'><strong>in</strong></span> <span class='ocrx_word' id='word_1_688' title='bbox 330 4478 411 4528; x_wconf 88' lang='lat' dir='ltr'><strong>nloro</strong></span> <span class='ocrx_word' id='word_1_689' title='bbox 427 4472 560 4546; x_wconf 84' lang='lat' dir='ltr'><strong>Virginis.</strong></span> <span class='ocrx_word' id='word_1_690' title='bbox 576 4475 609 4530; x_wconf 80' lang='lat' dir='ltr'><strong>lit</strong></span> <span class='ocrx_word' id='word_1_691' title='bbox 621 4474 833 4531; x_wconf 87' lang='lat' dir='ltr'><strong>circumamicta</strong></span> <span class='ocrx_word' id='word_1_692' title='bbox 852 4481 895 4531; x_wconf 92' lang='grc' dir='ltr'><strong>ιιι</strong></span> <span class='ocrx_word' id='word_1_693' title='bbox 914 4479 977 4548; x_wconf 82' lang='lat' dir='ltr'><strong>pcl-</strong></span> <span class='ocrx_word' id='word_1_694' title='bbox 1031 4476 1131 4532; x_wconf 88' lang='lat' dir='ltr'><strong>eadem</strong></span> <span class='ocrx_word' id='word_1_695' title='bbox 1146 4477 1235 4532; x_wconf 88' lang='lat' dir='ltr'><strong>virtus</strong></span> <span class='ocrx_word' id='word_1_696' title='bbox 1253 4481 1364 4531; x_wconf 85' lang='lat' dir='ltr'><strong>armata</strong></span> <span class='ocrx_word' id='word_1_697' title='bbox 1377 4479 1421 4530; x_wconf 87' lang='grc' dir='ltr'><strong>ιιι</strong></span> <span class='ocrx_word' id='word_1_698' title='bbox 1433 4475 1514 4548; x_wconf 82' lang='lat' dir='ltr'><strong>galea</strong></span> <span class='ocrx_word' id='word_1_699' title='bbox 1538 4475 1685 4546; x_wconf 88' lang='lat' dir='ltr'><strong>supposita</strong></span> <span class='ocrx_word' id='word_1_700' title='bbox 1699 4473 1785 4544; x_wconf 88' lang='lat' dir='ltr'><strong>capiti</strong></span> <span class='ocrx_word' id='word_1_701' title='bbox 1808 4489 1875 4541; x_wconf 87' lang='lat' dir='ltr'><strong>suo;</strong></span> 
     </span>
     <span class='ocr_line' id='line_1_50' title="bbox 128 4561 1878 4638; baseline -0.001 -22"><span class='ocrx_word' id='word_1_702' title='bbox 128 4561 168 4617; x_wconf 92' lang='lat' dir='ltr'><strong>lio</strong></span> <span class='ocrx_word' id='word_1_703' title='bbox 192 4562 284 4618; x_wconf 90' lang='lat' dir='ltr'><strong>crocei</strong></span> <span class='ocrx_word' id='word_1_704' title='bbox 312 4561 429 4631; x_wconf 90' lang='lat' dir='ltr'><strong>coloris;</strong></span> <span class='ocrx_word' id='word_1_705' title='bbox 457 4562 525 4635; x_wconf 84' lang='lat' dir='ltr'><strong>quia</strong></span> <span class='ocrx_word' id='word_1_706' title='bbox 547 4563 724 4620; x_wconf 86' lang='lat' dir='ltr'><strong>circumdata</strong></span> <span class='ocrx_word' id='word_1_707' title='bbox 743 4569 785 4619; x_wconf 87' lang='grc' dir='ltr'><strong>ιιι</strong></span> <span class='ocrx_word' id='word_1_708' title='bbox 807 4564 974 4636; x_wconf 79' lang='lat' dir='ltr'><strong>splendidis</strong></span> <span class='ocrx_word' id='word_1_709' title='bbox 1031 4567 1098 4638; x_wconf 84' lang='lat' dir='ltr'><strong>quia</strong></span> <span class='ocrx_word' id='word_1_710' title='bbox 1114 4565 1200 4620; x_wconf 87' lang='lat' dir='ltr'><strong>lvomo</strong></span> <span class='ocrx_word' id='word_1_711' title='bbox 1226 4565 1311 4636; x_wconf 89' lang='lat' dir='ltr'><strong>pleno</strong></span> <span class='ocrx_word' id='word_1_712' title='bbox 1329 4565 1436 4620; x_wconf 75' lang='lat' dir='ltr'><strong>celesti</strong></span> <span class='ocrx_word' id='word_1_713' title='bbox 1451 4563 1593 4620; x_wconf 88' lang='lat' dir='ltr'><strong>desiderio</strong></span> <span class='ocrx_word' id='word_1_714' title='bbox 1613 4563 1646 4618; x_wconf 90' lang='lat' dir='ltr'><strong>ad</strong></span> <span class='ocrx_word' id='word_1_715' title='bbox 1666 4563 1754 4617; x_wconf 82' lang='lat' dir='ltr'><strong>ileum</strong></span> <span class='ocrx_word' id='word_1_716' title='bbox 1768 4561 1819 4634; x_wconf 89' lang='lat' dir='ltr'><strong>qui</strong></span> <span class='ocrx_word' id='word_1_717' title='bbox 1835 4566 1878 4616; x_wconf 85' lang='lat' dir='ltr'><strong>ost</strong></span> 
     </span>
     <span class='ocr_line' id='line_1_51' title="bbox 129 4650 1875 4726; baseline -0.002 -20"><span class='ocrx_word' id='word_1_718' title='bbox 129 4650 204 4708; x_wconf 90' lang='lat' dir='ltr'><strong>simo</strong></span> <span class='ocrx_word' id='word_1_719' title='bbox 226 4652 288 4706; x_wconf 89' lang='lat' dir='ltr'><strong>sole</strong></span> <span class='ocrx_word' id='word_1_720' title='bbox 308 4650 387 4723; x_wconf 87' lang='lat' dir='ltr'><strong>quod</strong></span> <span class='ocrx_word' id='word_1_721' title='bbox 406 4656 450 4707; x_wconf 89' lang='lat' dir='ltr'><strong>est</strong></span> <span class='ocrx_word' id='word_1_722' title='bbox 477 4651 593 4724; x_wconf 91' lang='lat' dir='ltr'><strong>signum</strong></span> <span class='ocrx_word' id='word_1_723' title='bbox 608 4652 673 4709; x_wconf 83' lang='lat' dir='ltr'><strong>Filii</strong></span> <span class='ocrx_word' id='word_1_724' title='bbox 698 4653 756 4708; x_wconf 88' lang='lat' dir='ltr'><strong>mei</strong></span> <span class='ocrx_word' id='word_1_725' title='bbox 775 4653 914 4726; x_wconf 82' lang='lat' dir='ltr'><strong>fulgentis</strong></span> <span class='ocrx_word' id='word_1_726' title='bbox 940 4655 976 4710; x_wconf 88' lang='lat' dir='ltr'><strong>de</strong></span> <span class='ocrx_word' id='word_1_727' title='bbox 1031 4657 1118 4721; x_wconf 89' lang='lat' dir='ltr'><strong>capul</strong></span> <span class='ocrx_word' id='word_1_728' title='bbox 1134 4652 1264 4707; x_wconf 87' lang='lat' dir='ltr'><strong>omnium</strong></span> <span class='ocrx_word' id='word_1_729' title='bbox 1285 4651 1427 4722; x_wconf 86' lang='lat' dir='ltr'><strong>suspirare</strong></span> <span class='ocrx_word' id='word_1_730' title='bbox 1455 4650 1540 4706; x_wconf 88' lang='lat' dir='ltr'><strong>debet</strong></span> <span class='ocrx_word' id='word_1_731' title='bbox 1566 4655 1599 4705; x_wconf 88' lang='lat' dir='ltr'><strong>ul</strong></span> <span class='ocrx_word' id='word_1_732' title='bbox 1629 4651 1750 4704; x_wconf 89' lang='lat' dir='ltr'><strong>salutem</strong></span> <span class='ocrx_word' id='word_1_733' title='bbox 1777 4663 1875 4702; x_wconf 88' lang='lat' dir='ltr'><strong>conse·</strong></span> 
     </span>
     <span class='ocr_line' id='line_1_52' title="bbox 128 4733 1877 4813; baseline -0.003 -19"><span class='ocrx_word' id='word_1_734' title='bbox 128 4739 200 4795; x_wconf 81' lang='lat' dir='ltr'><strong>coelo</strong></span> <span class='ocrx_word' id='word_1_735' title='bbox 229 4740 260 4794; x_wconf 90' lang='lat' dir='ltr'><strong>in</strong></span> <span class='ocrx_word' id='word_1_736' title='bbox 287 4739 439 4809; x_wconf 88' lang='lat' dir='ltr'><strong>mundum,</strong></span> <span class='ocrx_word' id='word_1_737' title='bbox 462 4741 536 4796; x_wconf 89' lang='lat' dir='ltr'><strong>sicut</strong></span> <span class='ocrx_word' id='word_1_738' title='bbox 556 4740 627 4796; x_wconf 91' lang='lat' dir='ltr'><strong>solis</strong></span> <span class='ocrx_word' id='word_1_739' title='bbox 648 4740 784 4813; x_wconf 86' lang='lat' dir='ltr'><strong>splendor</strong></span> <span class='ocrx_word' id='word_1_740' title='bbox 801 4742 832 4796; x_wconf 90' lang='lat' dir='ltr'><strong>in</strong></span> <span class='ocrx_word' id='word_1_741' title='bbox 857 4746 974 4799; x_wconf 84' lang='lat' dir='ltr'><strong>terram.</strong></span> <span class='ocrx_word' id='word_1_742' title='bbox 1031 4745 1137 4810; x_wconf 87' lang='lat' dir='ltr'><strong>quatur</strong></span> <span class='ocrx_word' id='word_1_743' title='bbox 1151 4745 1299 4794; x_wconf 70' lang='lat' dir='ltr'><strong>arternum.</strong></span> <span class='ocrx_word' id='word_1_744' title='bbox 1323 4737 1426 4792; x_wconf 85' lang='lat' dir='ltr'><strong>indole</strong></span> <span class='ocrx_word' id='word_1_745' title='bbox 1445 4743 1488 4792; x_wconf 88' lang='lat' dir='ltr'><strong>est</strong></span> <span class='ocrx_word' id='word_1_746' title='bbox 1510 4751 1625 4809; x_wconf 87' lang='lat' dir='ltr'><strong>quoque</strong></span> <span class='ocrx_word' id='word_1_747' title='bbox 1648 4735 1746 4804; x_wconf 90' lang='lat' dir='ltr'><strong>lorica,</strong></span> <span class='ocrx_word' id='word_1_748' title='bbox 1769 4737 1801 4789; x_wconf 90' lang='lat' dir='ltr'><strong>ui</strong></span> <span class='ocrx_word' id='word_1_749' title='bbox 1821 4733 1877 4788; x_wconf 91' lang='lat' dir='ltr'><strong>ivo-</strong></span> 
     </span>
     <span class='ocr_line' id='line_1_53' title="bbox 128 4823 1876 4896; baseline -0.003 -14"><span class='ocrx_word' id='word_1_750' title='bbox 128 4827 268 4893; x_wconf 87' lang='lat' dir='ltr'><strong>Quoniam</strong></span> <span class='ocrx_word' id='word_1_751' title='bbox 286 4827 362 4884; x_wconf 90' lang='lat' dir='ltr'><strong>idem</strong></span> <span class='ocrx_word' id='word_1_752' title='bbox 381 4828 468 4884; x_wconf 81' lang='lat' dir='ltr'><strong>Filius</strong></span> <span class='ocrx_word' id='word_1_753' title='bbox 484 4845 565 4884; x_wconf 89' lang='lat' dir='ltr'><strong>meus</strong></span> <span class='ocrx_word' id='word_1_754' title='bbox 584 4845 668 4884; x_wconf 91' lang='lat' dir='ltr'><strong>veros</strong></span> <span class='ocrx_word' id='word_1_755' title='bbox 690 4830 788 4886; x_wconf 80' lang='lat' dir='ltr'><strong>estaol</strong></span> <span class='ocrx_word' id='word_1_756' title='bbox 810 4829 977 4886; x_wconf 83' lang='lat' dir='ltr'><strong>illuminans</strong></span> <span class='ocrx_word' id='word_1_757' title='bbox 1032 4845 1079 4884; x_wconf 94' lang='lat' dir='ltr'><strong>mo</strong></span> <span class='ocrx_word' id='word_1_758' title='bbox 1108 4827 1221 4884; x_wconf 86' lang='lat' dir='ltr'><strong>resistat</strong></span> <span class='ocrx_word' id='word_1_759' title='bbox 1248 4827 1361 4884; x_wconf 84' lang='lat' dir='ltr'><strong>diabolo</strong></span> <span class='ocrx_word' id='word_1_760' title='bbox 1384 4824 1583 4896; x_wconf 86' lang='lat' dir='ltr'><strong>constringens</strong></span> <span class='ocrx_word' id='word_1_761' title='bbox 1606 4824 1742 4896; x_wconf 86' lang='lat' dir='ltr'><strong>injustam</strong></span> <span class='ocrx_word' id='word_1_762' title='bbox 1773 4823 1876 4878; x_wconf 89' lang='lat' dir='ltr'><strong>voluu-</strong></span> 
     </span>
     <span class='ocr_line' id='line_1_54' title="bbox 129 4913 1878 4984; baseline -0.003 -12"><span class='ocrx_word' id='word_1_763' title='bbox 129 4916 269 4973; x_wconf 90' lang='lat' dir='ltr'><strong>muudom</strong></span> <span class='ocrx_word' id='word_1_764' title='bbox 294 4933 361 4972; x_wconf 89' lang='lat' dir='ltr'><strong>cum</strong></span> <span class='ocrx_word' id='word_1_765' title='bbox 385 4917 608 4974; x_wconf 80' lang='lat' dir='ltr'><strong>sanctificatione</strong></span> <span class='ocrx_word' id='word_1_766' title='bbox 638 4917 777 4974; x_wconf 76' lang='lat' dir='ltr'><strong>Ecclesia.</strong></span> <span class='ocrx_word' id='word_1_767' title='bbox 806 4917 887 4984; x_wconf 86' lang='lat' dir='ltr'><strong>Quod</strong></span> <span class='ocrx_word' id='word_1_768' title='bbox 908 4933 975 4974; x_wconf 82' lang='lat' dir='ltr'><strong>vero</strong></span> <span class='ocrx_word' id='word_1_769' title='bbox 1031 4924 1118 4974; x_wconf 86' lang='lat' dir='ltr'><strong>tatem</strong></span> <span class='ocrx_word' id='word_1_770' title='bbox 1147 4917 1304 4972; x_wconf 87' lang='lat' dir='ltr'><strong>carnalium</strong></span> <span class='ocrx_word' id='word_1_771' title='bbox 1327 4914 1534 4972; x_wconf 87' lang='lat' dir='ltr'><strong>desideriorum</strong></span> <span class='ocrx_word' id='word_1_772' title='bbox 1553 4929 1681 4980; x_wconf 90' lang='lat' dir='ltr'><strong>suornm,</strong></span> <span class='ocrx_word' id='word_1_773' title='bbox 1701 4913 1731 4968; x_wconf 89' lang='lat' dir='ltr'><strong>iu</strong></span> <span class='ocrx_word' id='word_1_774' title='bbox 1755 4927 1822 4966; x_wconf 90' lang='lat' dir='ltr'><strong>vero</strong></span> <span class='ocrx_word' id='word_1_775' title='bbox 1844 4913 1878 4967; x_wconf 90' lang='lat' dir='ltr'><strong>ti·</strong></span> 
     </span>
     <span class='ocr_line' id='line_1_55' title="bbox 127 4999 1878 5079; baseline -0.004 -17"><span class='ocrx_word' id='word_1_776' title='bbox 127 5006 159 5062; x_wconf 90' lang='lat' dir='ltr'><strong>in</strong></span> <span class='ocrx_word' id='word_1_777' title='bbox 173 5012 288 5078; x_wconf 88' lang='lat' dir='ltr'><strong>pectore</strong></span> <span class='ocrx_word' id='word_1_778' title='bbox 304 5022 356 5061; x_wconf 92' lang='lat' dir='ltr'><strong>suo</strong></span> <span class='ocrx_word' id='word_1_779' title='bbox 369 5006 457 5063; x_wconf 83' lang='lat' dir='ltr'><strong>babet</strong></span> <span class='ocrx_word' id='word_1_780' title='bbox 469 5006 628 5078; x_wconf 85' lang='lat' dir='ltr'><strong>imaginem</strong></span> <span class='ocrx_word' id='word_1_781' title='bbox 639 5006 732 5078; x_wconf 91' lang='lat' dir='ltr'><strong>ipsius</strong></span> <span class='ocrx_word' id='word_1_782' title='bbox 746 5006 890 5079; x_wconf 87' lang='lat' dir='ltr'><strong>Unigeniti</strong></span> <span class='ocrx_word' id='word_1_783' title='bbox 898 5008 973 5063; x_wconf 88' lang='lat' dir='ltr'><strong>mai:</strong></span> <span class='ocrx_word' id='word_1_784' title='bbox 1031 5023 1111 5063; x_wconf 92' lang='lat' dir='ltr'><strong>mora</strong></span> <span class='ocrx_word' id='word_1_785' title='bbox 1126 5011 1155 5061; x_wconf 90' lang='grc' dir='ltr'><strong>ιι</strong></span> <span class='ocrx_word' id='word_1_786' title='bbox 1168 5021 1234 5060; x_wconf 90' lang='lat' dir='ltr'><strong>cum</strong></span> <span class='ocrx_word' id='word_1_787' title='bbox 1246 5005 1325 5074; x_wconf 87' lang='lat' dir='ltr'><strong>justo</strong></span> <span class='ocrx_word' id='word_1_788' title='bbox 1348 5007 1474 5060; x_wconf 87' lang='lat' dir='ltr'><strong>tremore</strong></span> <span class='ocrx_word' id='word_1_789' title='bbox 1494 5001 1638 5073; x_wconf 83' lang='lat' dir='ltr'><strong>subjectus</strong></span> <span class='ocrx_word' id='word_1_790' title='bbox 1656 5002 1725 5068; x_wconf 83' lang='lat' dir='ltr'><strong>lieo,</strong></span> <span class='ocrx_word' id='word_1_791' title='bbox 1751 4999 1878 5055; x_wconf 84' lang='lat' dir='ltr'><strong>fideliter</strong></span> 
     </span>
     <span class='ocr_line' id='line_1_56' title="bbox 128 5091 1877 5167; baseline -0.005 -17"><span class='ocrx_word' id='word_1_792' title='bbox 128 5095 184 5150; x_wconf 88' lang='lat' dir='ltr'><strong>boc</strong></span> <span class='ocrx_word' id='word_1_793' title='bbox 210 5101 254 5150; x_wconf 85' lang='lat' dir='ltr'><strong>est</strong></span> <span class='ocrx_word' id='word_1_794' title='bbox 289 5096 366 5167; x_wconf 87' lang='lat' dir='ltr'><strong>quod</strong></span> <span class='ocrx_word' id='word_1_795' title='bbox 397 5095 428 5152; x_wconf 93' lang='lat' dir='ltr'><strong>in</strong></span> <span class='ocrx_word' id='word_1_796' title='bbox 461 5099 563 5166; x_wconf 89' lang='lat' dir='ltr'><strong>pectus</strong></span> <span class='ocrx_word' id='word_1_797' title='bbox 600 5094 803 5152; x_wconf 76' lang='lat' dir='ltr'><strong>misericordie</strong></span> <span class='ocrx_word' id='word_1_798' title='bbox 840 5094 975 5152; x_wconf 89' lang='lat' dir='ltr'><strong>inclinavi</strong></span> <span class='ocrx_word' id='word_1_799' title='bbox 1031 5099 1161 5150; x_wconf 86' lang='lat' dir='ltr'><strong>meluens</strong></span> <span class='ocrx_word' id='word_1_800' title='bbox 1187 5093 1347 5150; x_wconf 84' lang='lat' dir='ltr'><strong>districtum</strong></span> <span class='ocrx_word' id='word_1_801' title='bbox 1358 5091 1499 5165; x_wconf 86' lang='lat' dir='ltr'><strong>judicium</strong></span> <span class='ocrx_word' id='word_1_802' title='bbox 1526 5092 1588 5162; x_wconf 79' lang='lat' dir='ltr'><strong>ejus</strong></span> <span class='ocrx_word' id='word_1_803' title='bbox 1603 5095 1635 5146; x_wconf 92' lang='lat' dir='ltr'><strong>ut</strong></span> <span class='ocrx_word' id='word_1_804' title='bbox 1648 5105 1700 5161; x_wconf 89' lang='lat' dir='ltr'><strong>per</strong></span> <span class='ocrx_word' id='word_1_805' title='bbox 1724 5103 1769 5143; x_wconf 87' lang='lat' dir='ltr'><strong>me</strong></span> <span class='ocrx_word' id='word_1_806' title='bbox 1796 5103 1877 5143; x_wconf 58' lang='lat' dir='ltr'><strong>comm</strong></span> 
     </span>
     <span class='ocr_line' id='line_1_57' title="bbox 128 5177 1876 5252; baseline -0.005 -12"><span class='ocrx_word' id='word_1_807' title='bbox 128 5185 261 5240; x_wconf 82' lang='lat' dir='ltr'><strong>eumdem</strong></span> <span class='ocrx_word' id='word_1_808' title='bbox 279 5184 382 5241; x_wconf 81' lang='lat' dir='ltr'><strong>Filium</strong></span> <span class='ocrx_word' id='word_1_809' title='bbox 407 5200 515 5252; x_wconf 88' lang='lat' dir='ltr'><strong>meum,</strong></span> <span class='ocrx_word' id='word_1_810' title='bbox 539 5184 609 5242; x_wconf 91' lang='lat' dir='ltr'><strong>dom</strong></span> <span class='ocrx_word' id='word_1_811' title='bbox 631 5201 698 5242; x_wconf 84' lang='lat' dir='ltr'><strong>eom</strong></span> <span class='ocrx_word' id='word_1_812' title='bbox 720 5184 786 5242; x_wconf 88' lang='lat' dir='ltr'><strong>misi</strong></span> <span class='ocrx_word' id='word_1_813' title='bbox 807 5185 838 5241; x_wconf 92' lang='lat' dir='ltr'><strong>in</strong></span> <span class='ocrx_word' id='word_1_814' title='bbox 861 5190 976 5242; x_wconf 88' lang='lat' dir='ltr'><strong>uterum</strong></span> <span class='ocrx_word' id='word_1_815' title='bbox 1030 5181 1156 5240; x_wconf 88' lang='lat' dir='ltr'><strong>monitus</strong></span> <span class='ocrx_word' id='word_1_816' title='bbox 1181 5181 1250 5239; x_wconf 91' lang='lat' dir='ltr'><strong>dicit</strong></span> <span class='ocrx_word' id='word_1_817' title='bbox 1271 5181 1382 5238; x_wconf 82' lang='lat' dir='ltr'><strong>David:</strong></span> <span class='ocrx_word' id='word_1_818' title='bbox 1409 5181 1574 5238; x_wconf 76' lang='lat' dir='ltr'><strong>reimerum</strong></span> <span class='ocrx_word' id='word_1_819' title='bbox 1589 5177 1800 5236; x_wconf 66' lang='lat' dir='ltr'><strong>corruscationes</strong></span> <span class='ocrx_word' id='word_1_820' title='bbox 1820 5181 1876 5232; x_wconf 74' lang='lat' dir='ltr'><strong>lue</strong></span> 
     </span>
     <span class='ocr_line' id='line_1_58' title="bbox 128 5266 1873 5347; baseline -0.005 -18"><span class='ocrx_word' id='word_1_821' title='bbox 128 5273 220 5329; x_wconf 71' lang='lat' dir='ltr'><strong>Maria</strong></span> <span class='ocrx_word' id='word_1_822' title='bbox 242 5273 372 5345; x_wconf 85' lang='lat' dir='ltr'><strong>virginis.</strong></span> <span class='ocrx_word' id='word_1_823' title='bbox 399 5273 479 5329; x_wconf 90' lang='lat' dir='ltr'><strong>Unda</strong></span> <span class='ocrx_word' id='word_1_824' title='bbox 502 5277 531 5331; x_wconf 90' lang='lat' dir='ltr'><strong>et</strong></span> <span class='ocrx_word' id='word_1_825' title='bbox 553 5274 628 5330; x_wconf 83' lang='lat' dir='ltr'><strong>circa</strong></span> <span class='ocrx_word' id='word_1_826' title='bbox 654 5289 717 5330; x_wconf 87' lang='lat' dir='ltr'><strong>eam</strong></span> <span class='ocrx_word' id='word_1_827' title='bbox 743 5275 774 5330; x_wconf 89' lang='lat' dir='ltr'><strong>in</strong></span> <span class='ocrx_word' id='word_1_828' title='bbox 788 5278 904 5347; x_wconf 87' lang='lat' dir='ltr'><strong>pectore</strong></span> <span class='ocrx_word' id='word_1_829' title='bbox 921 5275 975 5331; x_wconf 88' lang='lat' dir='ltr'><strong>vir·</strong></span> <span class='ocrx_word' id='word_1_830' title='bbox 1029 5271 1091 5329; x_wconf 82' lang='lat' dir='ltr'><strong>orbi</strong></span> <span class='ocrx_word' id='word_1_831' title='bbox 1104 5275 1208 5327; x_wconf 76' lang='lat' dir='ltr'><strong>terre:</strong></span> <span class='ocrx_word' id='word_1_832' title='bbox 1231 5275 1374 5326; x_wconf 85' lang='lat' dir='ltr'><strong>commota</strong></span> <span class='ocrx_word' id='word_1_833' title='bbox 1392 5274 1434 5326; x_wconf 84' lang='grc' dir='ltr'><strong>ιιι</strong></span> <span class='ocrx_word' id='word_1_834' title='bbox 1452 5273 1481 5325; x_wconf 87' lang='grc' dir='ltr'><strong>ιι</strong></span> <span class='ocrx_word' id='word_1_835' title='bbox 1501 5267 1673 5325; x_wconf 83' lang='lat' dir='ltr'><strong>corrlremuit</strong></span> <span class='ocrx_word' id='word_1_836' title='bbox 1688 5273 1766 5325; x_wconf 77' lang='grc' dir='ltr'>ιιινι</span> <span class='ocrx_word' id='word_1_837' title='bbox 1781 5266 1873 5335; x_wconf 75' lang='lat' dir='ltr'><strong>(Paul.</strong></span> 
     </span>
     <span class='ocr_line' id='line_1_59' title="bbox 127 5356 1874 5433; baseline -0.005 -17"><span class='ocrx_word' id='word_1_838' title='bbox 127 5361 197 5417; x_wconf 85' lang='lat' dir='ltr'><strong>tutis</strong></span> <span class='ocrx_word' id='word_1_839' title='bbox 222 5362 286 5432; x_wconf 88' lang='lat' dir='ltr'><strong>ejus</strong></span> <span class='ocrx_word' id='word_1_840' title='bbox 306 5361 445 5433; x_wconf 90' lang='lat' dir='ltr'><strong>scriptum</strong></span> <span class='ocrx_word' id='word_1_841' title='bbox 469 5367 513 5418; x_wconf 89' lang='grc' dir='ltr'><strong>ιιι</strong></span> <span class='ocrx_word' id='word_1_842' title='bbox 533 5380 540 5418; x_wconf 90' lang='lat'><strong>:</strong></span> <span class='ocrx_word' id='word_1_843' title='bbox 566 5363 623 5418; x_wconf 85' lang='lat' dir='ltr'><strong>Per</strong></span> <span class='ocrx_word' id='word_1_844' title='bbox 639 5361 751 5419; x_wconf 81' lang='lat' dir='ltr'><strong>viscere</strong></span> <span class='ocrx_word' id='word_1_845' title='bbox 774 5363 975 5421; x_wconf 75' lang='lat' dir='ltr'><strong>misericordior</strong></span> <span class='ocrx_word' id='word_1_846' title='bbox 1030 5361 1128 5433; x_wconf 83' lang='lat' dir='ltr'><strong>nxxrv).</strong></span> <span class='ocrx_word' id='word_1_847' title='bbox 1147 5363 1204 5416; x_wconf 91' lang='lat' dir='ltr'><strong>lloc</strong></span> <span class='ocrx_word' id='word_1_848' title='bbox 1218 5360 1274 5414; x_wconf 89' lang='lat' dir='ltr'><strong>lala</strong></span> <span class='ocrx_word' id='word_1_849' title='bbox 1284 5363 1327 5415; x_wconf 88' lang='grc' dir='ltr'><strong>ιιι</strong></span> <span class='ocrx_word' id='word_1_850' title='bbox 1348 5376 1355 5414; x_wconf 75' lang='grc' dir='ltr'><strong>ι</strong></span> <span class='ocrx_word' id='word_1_851' title='bbox 1379 5359 1554 5414; x_wconf 84' lang='lat' dir='ltr'><strong>Ell&#39;ulseruul</strong></span> <span class='ocrx_word' id='word_1_852' title='bbox 1570 5356 1710 5413; x_wconf 84' lang='lat' dir='ltr'><strong>mirabilia</strong></span> <span class='ocrx_word' id='word_1_853' title='bbox 1727 5361 1755 5410; x_wconf 89' lang='grc' dir='ltr'><strong>ιι</strong></span> <span class='ocrx_word' id='word_1_854' title='bbox 1765 5359 1874 5410; x_wconf 85' lang='grc' dir='ltr'>ιιιιιιι</span> 
     </span>
     <span class='ocr_line' id='line_1_60' title="bbox 131 5447 1871 5523; baseline -0.005 -17"><span class='ocrx_word' id='word_1_855' title='bbox 131 5448 303 5520; x_wconf 14' lang='lat' dir='ltr'><strong>neruosus,</strong></span> <span class='ocrx_word' id='word_1_856' title='bbox 325 5450 356 5504; x_wconf 84' lang='lat' dir='ltr'><strong>iu</strong></span> <span class='ocrx_word' id='word_1_857' title='bbox 381 5449 483 5523; x_wconf 76' lang='lat' dir='ltr'><strong>quibua</strong></span> <span class='ocrx_word' id='word_1_858' title='bbox 506 5450 634 5508; x_wconf 76' lang='grc' dir='ltr'>ιὲιιιαιὲι</span> <span class='ocrx_word' id='word_1_859' title='bbox 655 5469 709 5508; x_wconf 83' lang='grc' dir='ltr'><strong>ιιι</strong></span> <span class='ocrx_word' id='word_1_860' title='bbox 735 5452 837 5510; x_wconf 81' lang='lat' dir='ltr'><strong>Oriens</strong></span> <span class='ocrx_word' id='word_1_861' title='bbox 858 5470 893 5508; x_wconf 77' lang='lat' dir='ltr'><strong>ex</strong></span> <span class='ocrx_word' id='word_1_862' title='bbox 914 5452 976 5508; x_wconf 85' lang='lat' dir='ltr'><strong>ullo</strong></span> <span class='ocrx_word' id='word_1_863' title='bbox 1029 5455 1088 5516; x_wconf 85' lang='lat' dir='ltr'><strong>lua,</strong></span> <span class='ocrx_word' id='word_1_864' title='bbox 1111 5469 1128 5504; x_wconf 93' lang='lat' dir='ltr'><strong>o</strong></span> <span class='ocrx_word' id='word_1_865' title='bbox 1144 5449 1263 5506; x_wconf 76' lang='grc' dir='ltr'>Ιιιιιιιιιι</span> <span class='ocrx_word' id='word_1_866' title='bbox 1281 5451 1466 5514; x_wconf 68' lang='lat' dir='ltr'><strong>cunctorum</strong></span> <span class='ocrx_word' id='word_1_867' title='bbox 1489 5453 1518 5504; x_wconf 88' lang='grc' dir='ltr'><strong>ιι</strong></span> <span class='ocrx_word' id='word_1_868' title='bbox 1531 5447 1871 5518; x_wconf 82' lang='lat' dir='ltr'><strong>mirilico-apparuerunt.</strong></span> 
     </span>
    </p>
   </div>
   <div class='ocr_carea' id='block_1_5' title="bbox 0 0 2006 6034">
    <p class='ocr_par' dir='ltr' id='par_1_8' title="bbox 0 0 2006 6034">
     <span class='ocr_line' id='line_1_61' title="bbox 0 0 2006 6034; baseline 0 0"><span class='ocrx_word' id='word_1_869' title='bbox 0 0 2006 6034; x_wconf 95' lang='lat' dir='ltr'><strong> </strong></span> 
     </span>
    </p>
   </div>
  </div>
 </body>
</html>
