3984 6034
25 2397 27 2400 ·
106 2369 200 2424 nimis
224 2367 341 2424 anxium
362 2383 424 2422 esse
446 2365 589 2430 abbatem,
607 2363 692 2435 eique
712 2363 809 2434 potius
829 2362 961 2434 cogiten-

97 278 135 330 3'1
937 270 1042 328 ACTA.
1373 272 1378 280 ¹
1827 275 1863 331 38

96 431 172 473 mee
187 419 321 472 meteret
334 411 463 480 domine,
478 416 623 467 memento
639 409 697 465 mei
716 409 746 466 in
765 409 822 464 tuis
837 409 958 466 sanctis-
977 415 1078 468 hrum
1093 426 1195 483 regere
1207 410 1318 468 animes
1345 413 1485 484 cogimur,
1507 429 1572 487 qaas
1587 414 1672 471 nobis
1692 432 1753 472 non
1780 413 1860 471 sum·

98 507 191 563 simis
212 505 402 572 orationibus,
427 502 515 574 dilige
535 501 699 558 humillime
720 505 748 556 te
770 500 958 572 diligentem:
1013 501 1115 570 cimus,
1141 505 1195 556 elc.
1217 501 1384 572 ·chosuit
1404 502 1506 558 Sancta
1529 504 1680 575 epistolem
1709 504 1777 559 satis
1791 519 1859 576 pro-

98 610 284 667 recognosee
317 594 349 649 in
378 591 489 650 Christo
520 596 549 647 te
577 596 766 661 reverentem,
794 597 823 646 et
852 589 960 646 litteras
1015 591 1112 660 luam,
1129 591 1230 664 inqua
1248 591 1388 649 variadat
1403 592 1514 648 monita
1531 592 1566 648 ad
1594 599 1671 649 recte
1687 593 1860 665 regendum,

98 684 183 740 mihi
207 683 332 739 rescribe
360 681 475 752 inum
498 684 605 751 rogata.
629 699 644 730 n
670 678 773 735 Sancte
794 679 958 749 respondet,
1013 685 1042 734 et
1056 679 1257 751 prefecturam
1285 696 1345 736 non
1371 681 1582 752 deponendem,
1610 682 1678 738 satis
1699 684 1774 738 clare
1789 681 1860 739 inei·

98 773 188 828 varie
201 772 369 844 predicens.
388 771 454 842 Ejus
470 768 555 824 verbe
578 768 614 824 de
638 768 752 823 turbiue
769 767 804 823 ad
830 767 959 823 luturum
1012 773 1093 824 nnat.

99 865 225 933 tempus
240 859 523 916 referendaomnino
542 855 683 925 existimo,
700 856 766 912 licet
785 857 960 912 'l'ritbemins
1047 885 1093 938 74·
1126 885 1268 940 Haemus
1303 884 1361 940 huc
1389 889 1549 956 ,pomum
1579 884 1673 940 mlvi
1715 884 1858 957 epistolas!

100 953 138 1007 5¹¹
161 948 302 1009 omnim
326 945 592 1046 fflmfflrfd
609 948 819 1046 ⁸⁰⁰⁰m‚¹¹⁶¹¹
836 945 959 1001 mmm
1013 971 1140 1029 Coloniae
1155 974 1282 1045 primum
1306 973 1407 1043 editas,
1433 979 1462 1029 et
1483 974 1514 1029 in
1542 972 1719 1030 Bibliotheca
1739 975 1861 1029 Petram

101 1040 185 1096 ΜΝ
217 1037 378 1112 ⁰Pi⁸¹⁰¹³¹¹¹s
411 1035 564 1092 ⁰⁹⁶d¹d⁰s¹t
595 1049 660 1090 Μ
692 1035 781 1090 5⁰¹⁸⁸⁰
812 1035 957 1106 ’ΨΜ
1012 1077 1137 1117 recuses.
1167 1062 1248 1118 llisce
1271 1063 1411 1134 plurimes
1429 1061 1535 1134 adjecit
1562 1060 1718 1118 llartenius
1747 1067 1817 1119 tom.
1834 1063 1860 1118 ll

103 1127 227 1202 qnando
247 1133 310 1182 orta
324 1132 386 1182 eret
406 1123 545 1226 dissensio
569 1123 646 1180 inter
659 1123 833 1224 monachos,
854 1123 904 1195 qui
926 1139 960 1178 ea
1013 1149 1200 1206 Commi,
1217 1150 1414 1224 mum-m,
1425 1168 1459 1207 ΒΧ
1474 1151 1579 1224 quibu,
1591 1152 1689 1224 nuqua
1703 1151 1738 1206 ,d
1752 1166 1862 1223 propo,

103 1218 143 1272 d⁰
159 1231 249 1272 Μ’*
271 1215 307 1271 “d
330 1214 360 1272 S·
386 1213 587 1286 fflldm‘dem
612 1217 798 1284 ³⁰”P30mnt‘
821 1217 850 1267 ⁰¹
872 1212 959 1267 εὗδ’·
1013 1239 1100 1294 situm
1139 1244 1270 1295 nostrum
1297 1240 1430 1296 similiter
1461 1240 1624 1312 decerpam.
1655 1240 1760 1295 Verum
1793 1255 1860 1295 cum

102 1313 168 1360 ¹⁹³¹
184 1305 263 1360 hm
277 1303 488 1374 mmmm·
503 1300 639 1373 A3¹¹⁰³⁰it
653 1300 768 1373 qnidm
784 1299 960 1356 T‘Hhemim
1013 1328 1105 1383 multe
1117 1327 1157 1383 ibi
1171 1329 1302 1384 locorum
1327 1329 1446 1384 nomine
1471 1329 1624 1384 rideantur
1642 1328 1748 1395 lunata,
1764 1329 1861 1401 aliqua

103 1393 211 1448 mm
236 1391 444 1464 nimussimss
467 1388 593 1446 ⁰oe¹¹⁰bii
616 1388 755 1444 ⁸⁵⁸⁰⁰²⁸
776 1387 863 1444 ΜΝ
882 1404 959 1460 p'ae’
1013 1416 1139 1472 conabor
1151 1417 1304 1472 restituere
1333 1433 1366 1473 er
1390 1416 1546 1473 trithemio
1571 1417 1600 1472 in
1616 1417 1760 1473 &bonico
1787 1417 1861 1473 Hir·

103 1482 210 1550 dictes,
227 1481 276 1536 sed
292 1479 385 1534 verbis
399 1495 506 1546 coram,
524 1493 581 1532 non
601 1477 851 1577 scriptisulitteris.
867 1480 957 1548 egam
1012 1504 1166 1578 sam,
1187 1506 1221 1561 ad
1236 1522 1345 1561 ,mmm
1364 1506 1507 1572 ,15θύὴί
1522 1512 1674 1561 enumerat
1688 1522 1736 1561 eos
1760 1506 1810 1578 qui
1826 1507 1862 1563 nd

104 1571 143 1627 de
159 1575 269 1626 ΝΜ
284 1572 298 1639 5
313 1569 456 1640 ⁵⁸q¹¹⁰¹¹ti’
475 1567 571 1638 ibim
589 1566 662 1622 ἀπο
684 1567 836 1638 ⁰9¹⁸t⁰¹⁸m
858 1581 959 1621 ΕΜ
1012 1598 1041 1649 S.
1059 1596 1263 1667 llildegardem
1288 1594 1474 1667 scripserunt.
1503 1594 1636 1650 elbertus
1668 1595 1756 1650 ebbae
1781 1596 1861 1651 Elae-

105 1661 232 1715 ⁰h⁰r¹¹m
243 1673 308 1713 ⁰⁰⁰¹
321 1657 431 1714 8⁸¹¹&ae
446 1671 594 1727 ”⁸³9⁰nw'
862 1740 868 1754 ,
979 1711 1001 1766 Β
1015 1685 1108 1740 censis
1121 1685 1152 1740 in
1180 1685 1282 1741 Saena
1300 1688 1388 1753 (nunc
1403 1674 1594 1755 praepositura
1617 1682 1658 1738 ibi
1673 1691 1715 1738 est
1739 1685 1862 1742 Cenom-

145 1750 193 1803 69·
222 1747 316 1803 mm
346 1747 374 1802 3·
402 1745 507 1844 ⁸⁸3¹&
536 1741 755 1843 Tffflfemiffs'
787 1741 890 1841 mm?
921 1741 961 1798 “d
1014 1773 1127 1845 corum)
1152 1775 1188 1830 ad
1211 1774 1239 1830 S.
1264 1773 1465 1846 ilildegardem
1493 1772 1621 1827 scribens
1642 1772 1699 1844 (ep.
1725 1773 1770 1844 62)
1800 1777 1864 1829 oret

106 1838 257 1908 mrlim
271 1833 352 1908 “pud
374 1834 526 1902 Tmmm’
551 1831 677 1886 ³¹¹¹¹¹¹⁰¹¹¹
702 1834 959 1902 ¹⁰tef¹⁸⁰3⁸t¹⁰¹¹²m
1015 1863 1192 1919 ntdivinum
1219 1863 1254 1918 de
1276 1863 1334 1918 sais
1363 1862 1488 1919 inimicis
1516 1861 1648 1916 consulet
1667 1862 1815 1917 oraculum
1834 1864 1864 1916 et

105 1925 266 2024 pr⁰p⁰⁵⁰if
294 1923 459 2023 ΗΜΘΝ
488 1924 544 2020 ‘⁰¹'ss
570 1921 627 1990 ³7)'
651 1919 784 2020 ’ἱᾲθϋῗθῐ
809 1925 905 2017 ΜΨ
930 1919 960 2018 if¹
1014 1953 1152 2008 rescribat
1177 1952 1247 2024 quid
1274 1951 1329 2008 sibi
1357 1951 1392 2006 de
1420 1950 1471 2005 Ilei
1487 1949 1863 2021 misericordiaerspectan·

106 2007 808 2114 hocolhcrohonorrsetoneris,'praelatron1set
830 2007 959 2079 periculi,
1014 2042 1083 2097 dum
1102 2041 1150 2097 sit·
1176 2040 1289 2110 sunm,
1316 2041 1351 2096 ud
1371 2040 1433 2096 hm
1459 2038 1649 2111 respondens,
1673 2038 1781 2109 pamm
1796 2037 1862 2094 hor·

106 2104 197 2158 allum
219 2097 762 2169 enrmaesalutemmererrproviderit,
782 2096 882 2151 veleb
906 2097 961 2151 boc
1014 2134 1092 2186 mur
1117 2129 1153 2185 nd
1180 2130 1319 2201 majorem
1347 2127 1548 2196 commum,
1589 2127 1696 2198 partim
1723 2127 1863 2182 afflictum

106 2191 234 2291 &mltis
249 2191 320 2290 ¹¹⁰¹?
344 2189 370 2245 ‘i
393 2188 454 2244 sm
476 2185 665 2287 ΡῨΝΡΕῙΘΨ·
688 2204 706 2286 ,¹⁹
730 2185 792 2284 Μ
812 2185 962 2284 ῗθεΡοηῶι
1014 2219 1188 2285 consoletur,
1204 2234 1237 2273 ac
1250 2217 1392 2290 predicit,
1409 2221 1523 2288 tempus
1542 2215 1662 2271 ultionis
1675 2215 1781 2271 divinas
1795 2231 1864 2271 nec·

106 2281 136 2336 S.
155 2279 336 2350 lisldegardrs
351 2279 385 2334 ed
411 2282 531 2350 quaesita
549 2290 647 2330 omnia
663 2291 670 2329 :
687 2278 842 2329 insinuarit
864 2279 960 2328 temen
1015 2306 1084 2362 dum
1100 2306 1223 2362 mim·

1050 2419 1094 2473 75.
1126 2417 1298 2473 bertholdus
1332 2415 1420 2472 abbas
1450 2414 1661 2472 Zsrinieldensis
1694 2414 1863 2486 (trithemio

1015 2505 1219 2572 zwifaltensi:
1237 2506 1267 2561 in
1282 2505 1396 2572 Suesia)
1410 2505 1597 2577 conqueritur
1623 2529 1638 2556 (ι
1651 2506 1687 2562 de
1700 2505 1815 2577 injuriis
1835 2509 1865 2561 et

1014 2595 1262 2662 tribulationibus,
1282 2610 1354 2666 quas
1376 2594 1506 2649 crudeles
1530 2600 1727 2666 persecutores
1748 2593 1803 2664 ipsi
1814 2593 1864 2647 in-

1015 2681 1155 2749 ierebent,
1182 2703 1197 2732 »
1223 2682 1297 2754 petit
1322 2686 1356 2736 ut
1382 2704 1393 2732 ι
1418 2684 1595 2737 voluntatem
1631 2682 1680 2738 llei
1702 2683 1863 2753 inquirens,

1016 2770 1132 2841 aliquod
1150 2771 1284 2826 solatium
1310 2786 1364 2842 per
1384 2771 1493 2825 litteras
1520 2770 1658 2838 remittat,
1675 2790 1689 2822 s
1705 2771 1792 2842 idque
1806 2771 1863 2825 cla·

1016 2861 1101 2913 ritate
1115 2858 1233 2930 ingenio
1254 2873 1307 2913 sue
1329 2859 1578 2914 accommodatum
1604 2861 1661 2930 (ep.
1680 2860 1736 2928 65).
1763 2858 1865 2914 Sancte

1016 2944 1142 3001 breviter
1167 2945 1206 3001 sic
1227 2946 1376 3001 rescribit:
1406 2947 1493 3001 auru
1519 2947 1616 3000 virens
1640 2947 1731 3001 dicit:
1759 2947 1865 3012 Quem·

979 3011 1001 3069 c
1019 3035 1084 3090 dam
1094 3035 1243 3091 hominem
1258 3034 1327 3097 ridi,
1343 3051 1431 3107 quem
1452 3035 1534 3107 quasi
1547 3035 1669 3090 debilem
1683 3051 1715 3089 ec
1729 3035 1865 3090 ciendum

1017 3123 1047 3178 in
1069 3122 1263 3195 praecellentia
1288 3123 1448 3195 magisterii
1474 3122 1583 3179 dimisi.
1611 3124 1786 3189 Quomodo?
1810 3123 1866 3188 (lui

1017 3210 1049 3266 in
1065 3211 1260 3285 imbecillitate
1280 3213 1375 3266 cernis
1389 3227 1460 3273 sure,
1474 3212 1552 3265 velut
1572 3211 1644 3266 nudi
1659 3212 1801 3283 naufragi,
1817 3227 1865 3266 re·

1017 3300 1107 3355 belles
1122 3305 1213 3369 erant,
1228 3300 1279 3356 hos
1294 3300 1355 3372 ipse
1382 3300 1456 3371 legit
1481 3306 1602 3372 propter
1627 3300 1760 3355 timorem
1786 3301 1863 3357 belli.

1017 3389 1073 3445 Sed
1092 3405 1169 3444 nunc
1181 3389 1264 3444 illum
1280 3388 1374 3456 video,
1399 3389 1474 3444 sicet
1491 3389 1643 3457 humilem,
1659 3389 1796 3456 flebilem,
1812 3405 1867 3460 pe-

1018 3478 1178 3550 regrinum.
1195 3477 1276 3534 Unde
1291 3477 1373 3533 illurn
1389 3477 1522 3549 inspicio,
1533 3479 1613 3533 velut
1625 3478 1718 3532 lilium
1738 3477 1866 3534 beredi-

1018 3567 1094 3632 tetis,
1109 3564 1189 3636 virga
1210 3566 1391 3621 verberatum
1417 3571 1536 3639 propter
1556 3564 1789 3637 inquietudinem
1803 3581 1866 3621 mo-

1018 3672 1084 3710 rum
1098 3655 1203 3711 mentis
1217 3670 1287 3724 sue,
1303 3660 1355 3710 etc.
1369 3676 1385 3706 a

107 2457 182 2512 dam
205 2472 265 2511 esse
293 2457 328 2510 de
350 2472 380 2510 se
400 2459 429 2510 et
455 2453 577 2509 subditis
603 2451 792 2524 corrigendis,
814 2467 902 2522 qnam
925 2450 961 2506 de

108 2545 208 2600 officio
236 2545 417 2610 dimittendo,
449 2543 488 2597 ite
516 2541 690 2597 concludens
727 2557 734 2596 :
770 2561 784 2591 e
823 2541 876 2596 Sed
906 2554 960 2611 ego

108 2634 187 2687 hanc
204 2648 329 2694 cerream,
367 2646 453 2703 qoam
486 2630 620 2701 requiris,
653 2629 786 2686 inutilem
816 2629 869 2684 tibi
900 2645 961 2684 esse

109 2722 182 2776 vidi.
205 2720 284 2776 Unde
303 2719 428 2789 teipsum
448 2735 514 2774 eum
534 2718 629 2774 olllcio
653 2722 702 2772 tuo
727 2733 835 2784 coerce,
855 2732 962 2789 appre-

108 2810 204 2865 henso
220 2813 324 2862 aratro.
342 2799 418 2862 Deus
433 2812 530 2861 antem
549 2811 695 2861 succurret
711 2806 762 2861 tibi
778 2805 811 2876 vin
827 2805 962 2860 omnibus

110 2897 333 2954 necessitatibus
370 2896 437 2964 tuis,
476 2901 504 2950 et
544 2911 605 2951 non
644 2895 720 2950 sinat
755 2898 783 2949 te
821 2893 963 2948 inutiliter

110 2987 292 3042 laborare.»

149 3075 194 3129 70.
211 3074 307 3130 Abbes
330 3071 565 3144 campidonensis
586 3071 617 3126 iu
639 3069 741 3127 Snerie
760 3069 794 3125 ed
817 3069 847 3125 S.
861 3069 963 3124 Hilde-

112 3162 235 3232 gardem
259 3161 392 3218 similiter
416 3161 547 3228 recurrit,
571 3175 676 3216 arcane
701 3158 864 3230 intelligere
886 3157 962 3213 desi·

112 3253 218 3306 derans
233 3249 290 3323 (ep.
305 3251 361 3322 ld).
383 3251 412 3307 S.
429 3249 608 3320 hildegardis
630 3263 801 3319 responsum
817 3248 897 3302 dedit
917 3262 963 3304 se-

112 3340 149 3394 tis
164 3340 319 3411 prolixum,
336 3341 454 3395 hortans
475 3339 509 3393 ad
530 3337 687 3393 excidenda
709 3337 865 3407 diligenter
887 3337 964 3391 mala

113 3443 230 3499 semper
254 3428 472 3499 pullulantium
494 3427 551 3481 line
576 3425 723 3496 egregiam
754 3423 834 3479 addit
857 3437 962 3478 conso-

113 3518 264 3583 lationem,
281 3516 331 3572 ubi
352 3517 545 3571 observarat«
561 3529 614 3584 per
630 3513 830 3585 poenitentiam
845 3516 874 3566 et
893 3527 962 3565 con·

111 3604 299 3660 laesionem»
322 3605 412 3660 deleri
433 3608 559 3677 peccate,
576 3601 636 3657 haec
661 3601 807 3656 scribens:
832 3623 842 3650 ι
860 3599 904 3656 Sic
918 3603 961 3667 tu,

113 3696 198 3751 ebera
211 3695 253 3750 lili
270 3695 330 3763 Dei,
352 3692 406 3761 iac,
423 3694 489 3766 qnia
511 3693 542 3746 in
565 3696 706 3746 eternum
731 3690 819 3758 vives,
844 3693 873 3743 et
891 3703 963 3760 quo·

113 3783 194 3840 niam
218 3783 289 3854 lepis
314 3783 345 3838 in
368 3781 475 3837 caelesti
501 3779 659 3836 Jerusalem
690 3778 762 3846 eris;
787 3777 852 3833 idco
876 3776 963 3831 eliam
1053 3779 1099 3831 76.
1126 3775 1221 3832 Abbas
1255 3775 1511 3844 lteltinhasilensis,
1552 3793 1617 3832 cum
1646 3778 1732 3832 etiarn
1759 3777 1867 3833 electas

113 3873 220 3928 acriter
234 3870 336 3927 luctari
350 3870 446 3927 debes.
464 3892 479 3920 »
1019 3870 1095 3920 esset
1121 3863 1208 3918 abbas
1234 3862 1405 3919 belemensis
1433 3864 1464 3919 in
1486 3864 1599 3932 Suavis,
1624 3865 1733 3920 ordinis
1761 3866 1866 3921 Cister-

149 3963 241 4016 Ὴ-Ἱῖ.
272 3961 374 4032 blegne
404 3957 596 4014 sollicitudine
627 3956 663 4012 ed
692 3955 719 4012 S.
751 3953 962 4026 hildegardem,
1019 3953 1131 4023 ciensis,
1149 3953 1282 4009 dubitans
1304 3953 1374 4026 quid
1398 3953 1490 4009 iecore
1516 3953 1643 4020 deberet,
1670 3970 1736 4009 cnm
1759 3954 1786 4011 S.
1807 3954 1866 4010 llil·

114 4055 255 4122 tanquam
283 4048 319 4104 ad
351 4048 540 4118 interpretem
570 4045 630 4113 llei,
664 4043 786 4099 recurrit
819 4042 906 4097 abbas
933 4041 961 4096 S.
1019 4042 1143 4115 degardo
1165 4057 1227 4098 rem
1256 4041 1481 4098 communicavit
1509 4044 1566 4113 (ep.
1590 4042 1647 4114 66),
1671 4061 1686 4094 a
1714 4042 1867 4098 sicutcum

116 4137 230 4195 Hartini
265 4135 441 4191 ebroniensis
475 4134 556 4206 cujus
591 4147 696 4188 nomeu
729 4131 754 4188 A
786 4145 961 4203 expressum,
1019 4147 1125 4202 sponsa
1162 4136 1192 4186 et
1220 4131 1329 4187 lamule
1364 4130 1468 4187 Christi
1495 4137 1525 4187 et
1552 4131 1667 4186 conscie
1691 4136 1868 4187 secretorum

116 4225 239 4282 Alendus
264 4229 317 4291 est,
344 4229 380 4278 ut
402 4223 547 4292 existimo,
580 4223 647 4295 quia
671 4221 731 4294 ipse
761 4221 873 4278 Sancte
899 4236 965 4276 con·
1021 4220 1081 4290 liei,
1100 4221 1279 4293 »petiitque
1298 4225 1330 4275 et
1353 4220 1473 4276 «sancti
1493 4220 1617 4292 Spiritus
1645 4222 1865 4285 voluntatem...,

116 4321 322 4390 temporaneus
355 4316 419 4384 luit,
448 4321 477 4371 et
506 4315 657 4372 defunctus
686 4319 730 4369 est
759 4318 826 4370 ants
856 4326 964 4368 annum
983 4293 1238 4380 ”simpliciterne
1263 4308 1316 4363 hec
1340 4324 1373 4364 re
1397 4308 1567 4364 insinuaret.
1583 4329 1598 4359 a
1615 4309 1772 4380 Respondit
1795 4309 1867 4365 San-

119 4408 197 4462 noo.
223 4406 274 4461 llio
298 4405 451 4478 epistolam
475 4421 556 4460 suam
587 4403 627 4458 ita
651 4402 764 4458 orditur
800 4403 853 4472 (ep.
884 4400 930 4470 lt)
956 4416 963 4456 :
1020 4397 1129 4453 ctelroc
1156 4397 1263 4453 modo:
1282 4395 1478 4468 «Quicunque
1502 4412 1605 4468 agrum
1628 4399 1672 4453 rel
1700 4397 1774 4452 orile
1799 4412 1868 4468 pro·

119 4517 129 4546 ι
158 4496 291 4566 Domina,
319 4492 447 4561 domine,
475 4497 509 4549 ut
538 4508 604 4547 rere
629 4490 765 4560 creditur,
795 4507 813 4545 a
840 4491 897 4546 Deo
921 4488 964 4543 di·
1019 4487 1184 4559 ptertidem
1207 4486 1419 4558 procurationis
1445 4486 1613 4557 susceperit,
1637 4485 1700 4558 ipse
1723 4486 1868 4542 dimittere

116 4585 190 4640 lecte
216 4589 245 4640 et
272 4581 432 4650 benedicta,
463 4582 571 4649 omnia,
607 4596 672 4653 quae
707 4594 761 4652 per
793 4593 842 4632 vos
874 4577 965 4631 virtus
1019 4591 1078 4629 non
1092 4573 1187 4641 dehet,
1202 4573 1251 4629 sed
1264 4573 1337 4628 sicut
1350 4573 1556 4645 paterfamilias
1566 4588 1600 4626 ee
1612 4578 1703 4644 reget.
1719 4573 1774 4638 Oui
1788 4573 1868 4628 enim

117 4675 253 4746 operatur
279 4671 387 4741 divina,
418 4687 484 4727 vera
512 4669 640 4743 proiecto
667 4683 729 4724 esse
754 4666 821 4723 novi
849 4670 878 4721 et
903 4681 966 4721 san·
1020 4663 1094 4718 orilo
1108 4678 1193 4717 suurn
1213 4662 1358 4734 relinquit,
1382 4667 1412 4716 et
1432 4661 1511 4717 aliud
1530 4661 1643 4732 recipit,
1656 4666 1868 4734 preceptorum

116 4767 169 4818 cta.
198 4783 210 4812 s
243 4760 424 4817 Desideresse
446 4775 476 4814 se
500 4760 541 4814 ait
561 4759 597 4814 ed
619 4757 710 4831 ipsam
734 4755 841 4822 venire,
860 4753 883 4809 si
902 4753 966 4808 sseri
1022 4752 1072 4807 bei
1086 4749 1290 4822 prevaricator
1312 4751 1519 4806 nominatur.»
1541 4749 1628 4805 Addit
1653 4749 1700 4822 pie
1715 4749 1751 4805 ad
1766 4764 1868 4821 regen·

115 4850 267 4923 potuisset,
292 4855 323 4905 nt
356 4847 454 4904 omnia
478 4847 571 4903 verbis
596 4846 762 4918 explicaret.
786 4845 965 4915 Responsum
1021 4840 1091 4896 dum
1119 4839 1239 4895 monite.
1269 4839 1364 4894 Abbes
1385 4839 1583 4906 Zwetellensis,
1620 4838 1729 4892 ordinis
1766 4839 1868 4894 Cister

114 4941 142 4996 S.
162 4937 341 5010 hildegardis
356 4942 385 4991 et
409 4937 559 5009 pulchram
582 4935 812 4999 instructionem,
833 4936 862 4986 et
884 4944 964 5001 meg·
1019 4928 1123 4985 ciensis
1144 4928 1174 4982 in
1198 4928 1323 4990 austria,
1343 4943 1411 4984 cure
1439 4928 1536 5000 gregis
1561 4927 1685 4982 multum
1720 4931 1866 4997 gravatus,

115 5043 184 5084 nam
198 5043 265 5083 cum
283 5026 484 5082 adhortatione
506 5030 647 5098 perpetua
660 5021 884 5079 consolationem
900 5034 966 5075 con·
1020 5017 1143 5074 consulit
1156 5016 1299 5084 Sanctam,
1326 5033 1362 5074 an
1390 5015 1501 5072 abbatis
1524 5016 1666 5087 deponere
1693 5015 1866 5087 dignitatem

114 5117 197 5172 unet.
1020 5107 1133 5176 debeat,
1155 5107 1286 5178 petitque
1308 5106 1366 5178 (ep.
1391 5105 1446 5176 70),
1475 5109 1515 5173 ut,
1544 5125 1558 5155 a
1573 5103 1712 5175 quidquid
1727 5105 1869 5175 placuerit
1945 5091 1954 5108 ⁸

149 5208 195 5262 73.
222 5203 315 5260 Anxia
338 5203 474 5260 etiamst
496 5201 585 5258 dubia
607 5202 669 5257 eret
692 5197 835 5254 abbatissa
852 5196 880 5253 S.
898 5195 964 5252 Glo·
1020 5195 1142 5267 Spiritui
1157 5201 1264 5264 sancto,
1280 5217 1294 5245 »ι
1312 5192 1458 5250 rescribat.
1486 5196 1522 5248 At
1540 5191 1642 5247 Sancta
1669 5192 1774 5263 partim
1803 5193 1869 5248 hcr-

114 5294 243 5352 desindis
276 5293 421 5361 lietensis,
455 5307 521 5364 que
548 5291 583 5346 ad
613 5290 641 5346 S.
672 5287 876 5359 llildegardem
904 5285 966 5340 hec
1020 5288 1098 5340 tatur
1113 5285 1148 5340 ad
1163 5300 1261 5338 curam
1274 5282 1447 5354 pastoralem
1458 5287 1572 5336 strenue
1587 5286 1617 5335 et
1635 5287 1785 5337 mansuete
1799 5297 1867 5338 con-

114 5382 214 5440 scribit
237 5383 296 5453 lep.
318 5383 382 5449 tri:
409 5402 421 5432 ι
446 5381 518 5447 Quia
542 5379 576 5435 de
600 5377 693 5451 gretia
713 5381 806 5432 restra
827 5380 857 5430 et
875 5374 965 5429 bene·
1020 5374 1201 5442 tinuandam,
1243 5372 1377 5427 salutaria
1401 5371 1472 5424 dans
1496 5369 1523 5424 ei
1553 5369 1584 5424 in
1617 5370 1705 5426 finem
1745 5372 1866 5427 monite.

114 5472 242 5530 volentia
263 5472 387 5542 maltum
407 5469 622 5541 presumimus,
640 5467 775 5522 nolumus
789 5478 839 5519 vos
863 5464 963 5531 latere,
1021 5463 1180 5520 Consilium
1192 5477 1260 5517 vero
1269 5460 1347 5516 istud
1362 5459 1473 5515 abbatis
1496 5459 1533 5515 ab
1547 5459 1631 5515 initio
1647 5460 1804 5532 improbat,
1828 5460 1869 5515 sic

114 5562 190 5635 qnod
206 5561 237 5616 in
261 5559 390 5632 periculo
404 5573 511 5630 magno
527 5557 630 5630 positae
645 5571 757 5625 sumus,
772 5552 843 5609 dum
857 5551 964 5608 multo·
1020 5551 1153 5607 ordiens:
1167 5568 1182 5603 a
1198 5550 1231 5605 ln
1245 5553 1342 5606 mente
1360 5551 1412 5604 tue
1434 5548 1584 5620 cogitando
1600 5564 1766 5621 exaggeres,
1788 5550 1869 5622 quod
