3984 6034
164 230 215 287 sor
907 218 935 279 a.
956 216 1196 279 nitoacmors
1231 257 1235 263 .
1856 197 1914 268 sos

162 360 213 435 qui
228 362 318 417 Deum
336 356 418 413 timet
445 358 473 413 et
498 353 604 428 diligit,
628 353 721 411 verbis
735 353 797 410 istis
825 352 1007 411 devotionem
1026 352 1265 409 Antonianarum
1279 349 1514 421 bominum,ncu
1528 347 1646 421 quidem
1663 346 1699 403 ab
1717 342 1848 411 bomine,
1863 342 1914 398 sed

161 450 256 506 cordis
284 447 329 505 sui
349 445 468 519 aperiat,
500 460 591 517 caque
607 448 635 499 st
649 444 685 499 ad
705 445 825 499 salutem
853 458 1009 514 corporum
1064 458 1116 513 per
1125 458 1172 497 me
1185 440 1235 513 qui
1249 456 1313 497 sum
1323 440 1434 513 prolata
1447 438 1529 495 sciat.

855 649 985 725 VISIO
1016 648 1223 735 QUARTA.

167 910 299 968 Visiones
321 906 498 964 dinersaeaub
521 922 575 963 unc
589 906 717 979 capitulo
736 906 857 963 breviter
881 922 1009 990 compre
1060 908 1186 965 vacuitas
1204 908 1279 965 aeris
1301 908 1354 965 sub
1367 912 1443 965 terra
1461 908 1497 964 ad
1521 906 1658 963 inferiora
1679 905 1826 962 obstacula
1839 922 1914 961 coa·

197 983 299 1037 ΝΜ·
316 980 686 1063 ΡῩᾹΜΜΜΜΨΜΕ
702 977 924 1059 munimini
935 1048 939 1059 ,
952 978 1009 1060 ³¹⁸⁶?
1062 997 1146 1067 sistit,
1176 1003 1314 1069 tantaque
1342 1014 1441 1053 versus
1460 1002 1592 1053 austrum
1614 1010 1771 1067 versusque
1797 999 1916 1066 septen-

197 1050 407 1107 wwmmbm
424 1049 578 1103 demam
604 1052 653 1117 Μ’
667 1050 739 1105 “Me
763 1050 1009 1107 ”mmmmm
1061 1088 1188 1143 trionem
1210 1086 1287 1143 inter
1312 1091 1417 1143 terram
1438 1090 1465 1141 el
1483 1086 1591 1141 ibidem
1614 1085 1746 1157 opposita
1766 1084 1915 1139 obstacula

197 1123 272 1177 tibus
287 1121 452 1193 aliquorum
482 1118 664 1187 circatorum,
715 1120 855 1193 quomodo
882 1121 1009 1177 oliorum
1072 1176 1079 1191 ,
1230 1176 1235 1186 ,
1326 1175 1331 1185 ,
1442 1174 1448 1185 ,
1726 1172 1731 1184 .
1887 1174 1893 1183 .

196 1191 374 1267 oppofflgone
386 1190 577 1271 7090&ssle
589 1191 635 1246 „ep
659 1192 945 1262 temperentur‚egpe
965 1192 1008 1248 pa.
1062 1177 1237 1232 brmamentr
1251 1179 1376 1231 vacuitas
1390 1190 1465 1229 aeris
1485 1178 1538 1229 est.
1562 1174 1644 1239 Quod
1673 1172 1815 1243 designat,
1842 1189 1914 1245 quta

196 1269 260 1320 cleu
272 1278 346 1320 zona
359 1262 454 1317 instar
461 1278 548 1317 arcus
560 1261 704 1317 incurvati
717 1276 886 1335 apparente.
1061 1264 1183 1321 interior
1204 1263 1323 1337 spiritus
1344 1262 1470 1319 bominis
1482 1263 1557 1319 vires
1580 1278 1647 1319 suas
1660 1266 1719 1317 tam
1735 1261 1765 1317 in
1786 1262 1912 1317 coelesti-

131 1396 134 1402 '
196 1390 217 1445 l.
235 1390 268 1444 Et
286 1388 342 1443 vidi
367 1387 582 1442 firmamentum
608 1404 672 1443 cum
690 1388 823 1443 omnibus
838 1387 892 1443 sibi
916 1388 1010 1443 adbm-
1062 1354 1116 1408 Μ’
1138 1369 1225 1425 ΨΜ
1247 1353 1277 1407 in
1304 1353 1425 1408 “mnis
1451 1352 1493 1407 im
1514 1352 1687 1448 mafmfflm’
1701 1357 1790 1448 ΡΨ
1804 1367 1913 1447 mpuff

162 1478 289 1533 rentibus
316 1480 425 1531 tantam
449 1476 664 1547 spissitudinem
686 1492 832 1532 asumma
854 1493 943 1549 nsque
974 1477 1010 1533 ad
1063 1439 1378 1539 h⁰mi⁰ifff⁰rfif⁰ffif¹⁰
1405 1454 1457 1538 ὐἷι
1479 1439 1510 1493 in
1545 1438 1654 1493 endem
1683 1437 1776 1537 φὼς
1801 1452 1913 1537 dmin

161 1582 306 1622 summum
325 1582 412 1637 super
441 1568 547 1619 ,emm
573 1564 689 1633 habere,
729 1572 867 1637 quamam
889 1571 965 1622 tem
995 1582 1011 1619 a
1064 1528 1222 1583 contendit.
1240 1528 1292 1583 Ubi
1306 1544 1384 1583 eorm
1407 1542 1505 1583 aalma
1519 1532 1548 1581 et
1560 1542 1665 1599 corpus
1686 1542 1717 1582 ιιι
1738 1527 1914 1581 rectitudine

160 1670 274 1711 ,ummo
301 1670 394 1726 usque
421 1653 456 1708 ad
472 1669 618 1708 ,nmmum
643 1654 775 1708 habebat.
807 1652 869 1709 Vidi
892 1669 1009 1727 quoquo
1027 1644 1050 1701 B
1065 1618 1120 1673 sibi
1145 1616 1340 1685 consentiunt,
1365 1632 1492 1687 superna
1520 1614 1641 1688 premia
1660 1614 1691 1671 in
1721 1613 1827 1687 gaudio
1851 1631 1915 1669 uno

161 1743 240 1817 quod
254 1743 384 1815 superior
397 1740 472 1814 ignis
486 1742 661 1797 firmamenti
676 1742 821 1798 interdum
837 1748 1008 1809 commotus,
1063 1704 1272 1778 “dipimmuss
1772 1808 1778 1819 .
1898 1809 1904 1819 Ι

151 1832 299 1905 ‚quasdam
327 1846 463 1903 squamas
487 1830 566 1885 velut
588 1830 699 1885 favillas
724 1848 758 1885 ex
789 1846 819 1885 se
844 1832 873 1886 in
902 1835 1009 1887 terram
1062 1813 1138 1893 112²st
1156 1810 1192 1865 de
1209 1810 1392 1893 firmamento
1407 1826 1427 1865 a
1447 1809 1603 1891 conditore
1618 1808 1658 1892 ad
1679 1808 1915 1890 quaquaestum.

160 1920 317 1983 emittebat,
333 1935 397 1991 quse
411 1918 545 1990 stigmata
555 1922 583 1973 ct
598 1919 693 1973 ulcera
708 1918 875 1974 bominibus
886 1925 915 1975 et
942 1918 1008 1975 ani·
1097 1882 1537 2025 Ξᾯῒὲἇὲζῑῗίᾞῖξιαῖᾞιν
1544 1880 1915 2023 isffllssmvgnffmggnpffi

161 2008 285 2064 malibus
309 2011 337 2062 at
355 2007 493 2061 frtictibus
515 2010 599 2061 terrae
620 2007 792 2063 inferebant.
809 2008 892 2079 tvidi
922 2009 1008 2064 etiam
1096 2021 1718 2095 menori,grensiinmodumsavmmm
1739 2020 1913 2083 aegidem„

161 2098 238 2170 qarod
261 2096 296 2151 ds
312 2096 396 2167 nigro
411 2095 478 2166 igne
495 2094 629 2166 quadam
654 2094 760 2150 nebula
793 2095 946 2167 aliquando
973 2096 1009 2151 ad
1098 2099 1126 2149 et
1139 2100 1199 2149 tom
1214 2099 1323 2149 terram
1335 2109 1422 2164 quom
1436 2109 1498 2162 ejus
1512 2094 1621 2149 incolas·
1634 2092 1777 2161 indentes,
1800 2092 1915 2165 etquid

160 2183 448 2251 turrasdescendens,
465 2182 639 2238 viriditatum
665 2187 748 2238 terrm
772 2183 952 2253 arefaciebat,
979 2191 1010 2240 ct
1097 2182 1149 2237 W
1161 2166 1214 2221 1⁸⁰⁶
1225 2164 1730 2221 iiilffifflffllli⁰ni⁸d³m⁰mlrem

160 2272 366 2327 humiditatem
383 2285 517 2343 agrorum
533 2270 706 2339 exsiccabat;
734 2272 783 2327 sed
802 2288 893 2344 purus
918 2276 1010 2329 aetber
1099 2272 1148 2327 lll.
1164 2271 1249 2326 Vides
1263 2286 1380 2343 quoque
1395 2271 1472 2343 quod
1485 2270 1618 2342 superior
1632 2268 1707 2342 ignis
1722 2269 1913 2337 firmamenti,

160 2366 189 2416 et
203 2358 331 2432 squamis
354 2358 416 2414 istis
432 2362 461 2414 et
477 2358 590 2413 naboloe
603 2359 670 2414 baie
682 2361 842 2429 resistebat,
858 2377 894 2417 ne
922 2379 1009 2435 supra
1064 2359 1210 2416 interdum
1223 2366 1394 2430 commotus,
1413 2361 1550 2433 quasdam
1574 2376 1708 2432 squamas
1729 2360 1806 2414 velut
1828 2359 1913 2415 favil-

161 2448 279 2504 modum
294 2448 438 2520 praedictis
450 2447 587 2503 creaturis
601 2449 700 2521 plagas
714 2448 863 2506 inferrent.
879 2452 911 2507 Et
921 2452 1008 2508 etiam
1064 2451 1104 2504 las
1118 2466 1153 2504 ex
1163 2466 1193 2503 sa
1216 2449 1367 2504 interram
1391 2449 1507 2515 emittit,
1524 2464 1589 2521 qum
1608 2448 1743 2519 stigmata
1759 2451 1788 2503 et
1815 2449 1915 2503 ulcera

159 2535 309 2609 viliqucd
324 2534 436 2591 deferti
457 2543 486 2591 et
502 2536 567 2590 albo
589 2536 741 2611 lucidoque
757 2554 821 2593 aere
844 2539 900 2594 alia
929 2556 1008 2611 quaa·
1063 2536 1456 2593 bominibuset'animalibus
1470 2542 1497 2592 et
1513 2538 1654 2593 fructibus
1667 2541 1751 2592 terrae
1770 2537 1914 2603 inferunt,

162 2628 227 2681 dam
244 2624 549 2681 ucbulaadterrassc
574 2624 915 2696 interdumextendebat,
944 2645 1009 2683 ma·
1063 2626 1200 2698 quoniam
1220 2628 1295 2682 Deus
1308 2627 1524 2681 firmamentum
1538 2625 1606 2697 igue
1625 2626 1760 2692 firmavit,
1787 2642 1824 2680 no
1853 2626 1915 2682 dif-

161 2732 248 2786 guem
280 2712 475 2786 pestilentiam
504 2714 669 2770 bominibus
702 2718 731 2771 at
750 2715 900 2788 pecoribus
924 2714 1009 2769 incu-
1063 2712 1307 2780 ssueret,'aetbere
1332 2712 1484 2780 alleviavit,
1509 2711 1665 2768 utmoveri
1694 2717 1801 2784 posset,
1828 2714 1916 2785 aquis

162 2804 247 2874 tinus,
263 2804 302 2859 ita
315 2802 460 2860 uteaiade
477 2802 561 2857 multi
576 2802 693 2857 diversis
708 2802 926 2857 infirmitatibus
945 2801 1010 2856 sub·
1064 2800 1201 2872 perfudit,
1216 2817 1252 2856 ne
1272 2805 1422 2865 aresceret,
1455 2801 1544 2857 stellis
1564 2800 1747 2870 illuminavit,
1772 2805 1805 2855 ut
1825 2803 1917 2858 clare

158 2893 297 2964 jacerent,
315 2890 522 2964 quamplurimi
537 2906 654 2963 quoque
675 2894 797 2946 mortem
817 2890 1006 2956 incurrerent,
1028 2895 1163 2977 careret,
1190 2889 1284 2945 ventis
1312 2905 1428 2962 quoque
1460 2888 1591 2958 sustinet,
1621 2894 1763 2962 quatenus
1795 2904 1915 2944 cursum

159 2980 205 3035 cui
219 2984 316 3035 tamen
331 2980 445 3035 uebulae
465 2994 590 3051 aquosus
605 2994 653 3034 aer
673 2996 703 3034 ss
732 2978 907 3051 opponebat,
931 2994 1007 3033 eam·
1064 2993 1149 3033 suum
1165 2977 1279 3032 assidue
1294 2981 1422 3050 peragat.
1448 2978 1480 3033 ln
1502 2977 1716 3050 qtratuorenim
1735 2976 1838 3049 plagis,
1854 2979 1917 3032 sci-

161 3071 227 3126 dam
249 3068 386 3124 ncbnlam
414 3071 589 3140 temperans,
616 3083 652 3124 ne
679 3068 819 3123 creaturis
844 3067 917 3122 ultra
946 3083 1009 3122 mo·
1063 3064 1177 3121 licetin
1200 3064 1368 3133 oriente‚iu
1393 3070 1502 3135 ausbo,
1529 3066 1560 3122 in
1576 3064 1734 3134 occidente,
1757 3070 1785 3121 at
1811 3066 1842 3120 in
1870 3082 1916 3120 se-

159 3158 229 3213 dum
247 3157 395 3212 laesionem
411 3155 539 3211 inferret.
556 3155 619 3210 Vidi
630 3156 834 3229 quoquaquod
845 3154 926 3211 tenui
944 3172 1010 3211 aera
1064 3152 1228 3227 ptentrioue
1253 3154 1470 3210 firmamentum
1483 3155 1521 3210 ad
1542 3155 1830 3213 circumvolutionem
1860 3170 1915 3227 per

161 3246 266 3301 hirmos
280 3261 367 3316 super
382 3248 489 3300 terram
507 3243 660 3315 ebulliens,
678 3244 852 3300 viriditatem
866 3248 949 3300 terras
963 3260 1009 3299 su·
1064 3245 1164 3298 ventos
1176 3242 1346 3314 impellitur.
1373 3242 1430 3299 Sed
1451 3242 1564 3299 lucidus
1591 3243 1666 3315 ignis
1686 3244 1759 3315 ejas,
1778 3242 1849 3298 dum
1874 3244 1913 3299 ab

160 3333 290 3401 saltabat,
314 3318 470 3405 omnesque
493 3331 604 3389 tructus
638 3332 829 3405 germinando
852 3332 1009 3405 procedere
1063 3332 1187 3387 humore
1200 3330 1371 3387 subterioris
1385 3346 1467 3404 aquae
1496 3347 1549 3403 per
1572 3332 1791 3405 dispositionem
1807 3336 1836 3387 et
1861 3332 1911 3403 ju·

160 3419 291 3488 faciebat,
308 3424 336 3475 et
352 3420 403 3493 qui
419 3420 506 3476 etlam
536 3420 674 3493 quasdam
700 3421 940 3494 nubessuperins
964 3420 1010 3476 fe-
1064 3418 1172 3473 dicium
1188 3418 1238 3475 Dei
1260 3424 1424 3492 superatur,
1454 3419 1541 3476 itant
1568 3420 1773 3477 arectomodo
1797 3420 1913 3475 ardoris

160 3510 251 3577 rebat,
267 3526 333 3581 quae
348 3508 445 3565 omnia
459 3509 609 3581 superiora
624 3510 832 3580 sustentabant,
848 3515 876 3566 et
889 3510 925 3565 ab
945 3526 1008 3565 om·
1063 3507 1108 3561 sui
1134 3512 1234 3576 cesset,
1261 3525 1395 3582 squamas
1418 3509 1453 3565 dc
1482 3508 1584 3565 ardore
1611 3508 1744 3578 fervidas,
1771 3508 1807 3565 de
1836 3524 1915 3582 aqua

160 3598 245 3652 nibus
260 3598 457 3669 superioribus
484 3598 729 3654 confortabantur.
757 3600 790 3653 lu
808 3599 909 3655 eodem
937 3614 1008 3671 quo·
1062 3596 1196 3652 humidas
1206 3597 1241 3653 ad
1257 3598 1395 3653 altionem
1411 3598 1527 3667 emittit,
1548 3601 1580 3653 ut
1603 3613 1690 3672 supra
1716 3598 1825 3653 dictum
1855 3603 1912 3654 est.

160 3702 295 3759 queacre
311 3687 466 3759 quamdam
482 3686 589 3742 nubem
602 3686 717 3743 candidi
733 3686 837 3743 coloris
863 3687 1007 3758 videbam,
1065 3687 1119 3739 lloc
1134 3683 1270 3754 ostendit,
1298 3686 1377 3757 quod
1404 3686 1533 3758 potentia
1554 3685 1604 3741 Dei
1628 3684 1761 3757 spiritum
1783 3685 1915 3741 hominis

160 3774 269 3847 quoein
285 3780 501 3847 atraqueparto
530 3774 574 3830 sui
603 3774 654 3831 ubi
670 3774 758 3831 finem
779 3774 914 3841 babebat,
942 3776 1009 3831 hinc
1063 3772 1094 3827 iu
1114 3778 1255 3845 potestate
1282 3790 1333 3829 sua
1362 3774 1480 3845 babens,
1503 3774 1581 3847 justo
1600 3774 1711 3845 judicio
1744 3780 1912 3846 provocata,

160 3868 188 3919 et
208 3863 275 3919 binc
297 3863 362 3918 aliis
385 3862 511 3919 nubibus
529 3862 705 3919 firmamenti
720 3864 798 3920 velut
817 3864 905 3919 inlixa
934 3870 1007 3933 erat,
1063 3860 1203 3917 ultionem
1219 3878 1300 3918 suam
1310 3864 1453 3935 perversis
1467 3864 1578 3919 actibus
1596 3864 1749 3919 homiuum
1766 3862 1912 3934 immittit,

159 3958 188 4008 et
204 3952 285 4023 cnjus
302 3950 440 4007 medietas
451 3955 484 4006 ut
498 3967 580 4007 arcus
590 3951 740 4008 incurvata
752 3968 874 4007 manens
888 3952 918 4008 in
934 3968 1008 4025 prae-
1062 3950 1104 4005 ita
1129 3954 1163 4005 ut
1186 3950 1230 4005 illi
1247 3951 1469 4016 confundantur,
1496 3956 1526 4007 et
1547 3952 1731 4024 dejiciantur,
1758 3953 1829 4024 quia
1846 3953 1914 4024 {non

160 4041 269 4096 dictum
292 4055 387 4095 acrem
417 4039 634 4098 extendebatur.
656 4041 822 4114 iterumque
843 4040 939 4097 audiri
961 4056 1010 4097 vc·
1061 4038 1216 4108 humanos,
1238 4037 1289 4093 sed
1312 4039 1445 4111 pecuales
1469 4056 1564 4096 mores
1579 4040 1692 4096 nullum
1706 4038 1833 4095 fructum
1862 4040 1914 4096 bo·

159 4144 220 4184 cem
232 4128 267 4184 de
277 4129 348 4184 caelo
365 4126 506 4185 dicentem
518 4128 589 4185 mibi
604 4146 611 4185 :
1063 4141 1167 4181 norum
1183 4142 1304 4198 operum
1317 4127 1455 4183 babentes
1464 4128 1495 4183 in
1510 4144 1541 4184 se
1555 4128 1720 4184 ostendunt.

160 4268 238 4338 Quod
255 4270 332 4325 Deus
345 4267 473 4325 nennium
483 4272 604 4327 Creator
615 4288 712 4328 rerum
724 4288 778 4345 per
790 4269 942 4345 superiora
964 4271 1009 4328 in·

186 4342 303 4467 md
312 4340 931 4494 mei‘'elegoid'cffdmffifffiffid
949 4360 1009 4471 ii..
1097 4372 1915 4520 iiiir'fflicmfflffli‘fflffl‘m

194 4482 818 4557 dipueaequolisiemaecnbominedesipnet.
1098 4515 1162 4588 fiat,
1175 4515 1282 4589 ΛΜ
1295 4516 1519 4591 ism-mm.
1627 4542 1631 4552 Ι

195 4604 399 4676 11.neus,qai
423 4606 521 4662 omnia
546 4608 663 4676 creavit,
679 4607 828 4679 superiora
839 4608 878 4665 ita
905 4610 1010 4667 consti·
1099 4621 1143 4676 lv.
1157 4621 1192 4677 Et
1209 4620 1244 4677 da
1267 4620 1352 4692 nigro
1369 4623 1436 4694 igne
1463 4622 1596 4694 quaedam
1619 4620 1728 4677 nebula
1755 4620 1914 4693 aliquando

161 4693 216 4749 ¹¹¹st
230 4698 263 4749 ¹¹²
276 4708 329 4764 per
342 4692 391 4747 5¹¹⁸
409 4694 496 4749 iiim
518 4694 679 4752 ⁵1¹biefi⁰i³
702 4696 856 4753 0⁰11fl¹¹1¹⁰¹
868 4700 897 4753 θῑ
925 4714 1009 4755 mun·
1063 4709 1101 4766 ud
1119 4714 1211 4765 terras
1234 4708 1420 4779 descendens,
1447 4710 1620 4770 viriditatem
1639 4714 1727 4766 terrm
1741 4708 1860 4765 arefacit
1886 4715 1915 4765 et

161 4783 220 4851 det,
238 4786 268 4837 ct
281 4780 310 4837 in
334 4780 428 4839 iorma
442 4782 569 4839 bominis
589 4784 639 4839 illa
666 4785 810 4857 assignata
824 4786 859 4841 ad
886 4786 1009 4843 salutem
1063 4795 1266 4852 humiditatem
1278 4810 1416 4868 agrorum
1429 4796 1560 4866 exsiccat,
1584 4796 1654 4869 quin
1671 4811 1739 4851 cum
1762 4795 1794 4850 in
1809 4796 1913 4851 eodem

161 4885 278 4943 qumque
311 4870 414 4925 animoa
440 4871 612 4927 introducat.
642 4874 713 4929 Nam
738 4874 817 4929 vides
845 4874 1010 4933 firmamau·
1063 4883 1132 4955 igne
1143 4882 1229 4939 ardor
1238 4888 1268 4938 at
1275 4883 1369 4956 frigus
1382 4900 1435 4955 per
1451 4883 1629 4940 voluntalem
1642 4884 1695 4939 Μ
1718 4882 1913 4955 scomma.

161 4966 305 5017 tumeam
329 4958 531 5015 omnibussibi
565 4962 779 5017 adhaerentibus
808 4968 919 5019 tantam
940 4965 1010 5037 spis·
1064 4975 1122 5038 tur,
1138 4968 1255 5035 nebula,
1274 4972 1691 5043 quemadmodnmproeiatum
1709 4973 1764 5039 eat,
1797 4969 1915 5025 deseca·

162 5047 319 5103 altudinem
333 5062 351 5100 a
364 5062 478 5103 summo
500 5065 590 5121 usque
612 5051 648 5106 ad
669 5066 814 5107 stammam
841 5068 928 5124 supra
953 5058 1011 5109 ter·
1064 5055 1116 5124 dit,
1133 5070 1199 5129 qum
1214 5056 1250 5111 de
1266 5057 1426 5128 periculoso
1446 5060 1549 5115 ardore
1566 5060 1688 5121 famosa.
1707 5063 1737 5113 at
1751 5058 1787 5113 de
1812 5056 1915 5113 nocivo

162 5150 226 5191 ram
260 5135 376 5203 babere,
414 5142 552 5209 quantam
577 5143 653 5194 terra
677 5154 694 5193 a
726 5154 840 5194 summo
857 5154 950 5211 usqae
973 5140 1010 5197 ad
1064 5144 1163 5214 algore
1185 5144 1315 5213 humida,
1341 5147 1379 5202 ad
1403 5146 1560 5205 vindictam
1586 5148 1768 5221 peccantiam
1803 5146 1910 5203 existit

163 5238 310 5280 alimmum
325 5224 430 5292 bebet;
446 5226 526 5298 quia,
540 5226 665 5295 obomo,
684 5226 930 5300 quemadmodum
955 5229 1010 5285 tibi
1066 5230 1154 5302 Niger
1163 5230 1242 5288 enim
1259 5232 1338 5304 ignis
1355 5234 1412 5291 iste
1432 5240 1519 5291 vento
1535 5236 1625 5293 austri
1651 5234 1790 5291 excitatus
1817 5232 1913 5301 ardet,

164 5312 378 5377 ostenditur„et
391 5311 505 5381 dicitur,
519 5312 735 5369 firmamentum
754 5319 784 5370 et
807 5318 886 5371 terra
910 5332 1011 5389 oequa-
1066 5319 1102 5377 ds
1133 5324 1219 5376 vento
1233 5327 1332 5379 antem
1355 5324 1501 5396 aquilonis
1534 5324 1713 5380 nimietatem
1744 5320 1862 5393 frigoris
1883 5320 1915 5377 in

164 5399 200 5455 lis
213 5399 407 5470 spissitudinis
428 5406 503 5469 sunt,
528 5405 557 5457 et
569 5406 677 5475 quanta
692 5402 819 5459 vacuitas
830 5402 904 5459 aeris
923 5420 1012 5477 supra
1065 5408 1207 5480 grandine
1220 5410 1317 5479 babet,
1329 5412 1380 5469 sod
1406 5418 1564 5486 utrumqne
1585 5416 1687 5469 ventas
1700 5410 1850 5467 orientalis
1873 5426 1916 5465 ss·

164 5495 271 5546 terram
298 5488 334 5545 ud
364 5488 511 5561 superiora
532 5490 678 5548 obstacula
711 5498 764 5562 ost,
794 5498 872 5550 tauta
895 5510 1011 5569 qunque
1065 5499 1133 5566 dat,
1160 5505 1262 5555 tentus
1285 5515 1354 5557 veru
1377 5501 1562 5560 occidentalis
1583 5501 1615 5559 in
1639 5516 1748 5574 aquoso
1771 5515 1839 5553 aava
1867 5514 1914 5555 sa·

1095 4302 1205 4375 judicio
1226 4305 1288 4370 Des,
1312 4303 1358 4359 cei
1370 4308 1519 4361 acutorum
1532 4304 1682 4361 collisione
1695 4304 1838 4361 ncitotns
1862 4322 1914 4360 ne·

1026 4209 1141 4300 ”Quat
1159 4231 1242 4303 niper
1261 4231 1338 4314 iprtis
1353 4234 1478 4291 remando
1499 4234 1719 4306 comprehensus
1743 4232 1855 4290 circata
1868 4236 1915 4290 net
1979 4201 1980 4210 ἵ
