<?xml version="1.0" encoding="UTF-8"?>
<!DOCTYPE html PUBLIC "-//W3C//DTD XHTML 1.0 Transitional//EN"
    "http://www.w3.org/TR/xhtml1/DTD/xhtml1-transitional.dtd">
<html xmlns="http://www.w3.org/1999/xhtml" xml:lang="en" lang="en">
 <head>
  <title>
</title>
<meta http-equiv="Content-Type" content="text/html;charset=utf-8" />
  <meta name='ocr-system' content='tesseract 3.04.00' />
  <meta name='ocr-capabilities' content='ocr_page ocr_carea ocr_par ocr_line ocrx_word'/>
</head>
<body>
  <div class='ocr_page' id='page_1' title='image "./patrologiaecurs125unkngoog_0370.png"; bbox 0 0 3984 6034; ppageno 0'>
   <div class='ocr_carea' id='block_1_1' title="bbox 168 193 1917 276">
    <p class='ocr_par' dir='ltr' id='par_1_1' title="bbox 168 193 1917 276">
     <span class='ocr_line' id='line_1_1' title="bbox 168 193 1917 276; baseline -0.003 -23"><span class='ocrx_word' id='word_1_1' title='bbox 168 200 216 253; x_wconf 80' lang='lat' dir='ltr'><strong>rei</strong></span> <span class='ocrx_word' id='word_1_2' title='bbox 887 195 923 276; x_wconf 78' lang='lat' dir='ltr'><strong>s.</strong></span> <span class='ocrx_word' id='word_1_3' title='bbox 945 193 1190 251; x_wconf 81' lang='lat' dir='ltr'><strong>nvnneesanrs.</strong></span> <span class='ocrx_word' id='word_1_4' title='bbox 1861 195 1917 249; x_wconf 81' lang='grc' dir='ltr'><strong>ιιι</strong></span> 
     </span>
    </p>
   </div>
   <div class='ocr_carea' id='block_1_2' title="bbox 157 324 1985 5525">
    <p class='ocr_par' dir='ltr' id='par_1_2' title="bbox 159 324 1985 4373">
     <span class='ocr_line' id='line_1_2' title="bbox 167 324 1915 400; baseline -0.001 -16"><span class='ocrx_word' id='word_1_5' title='bbox 167 328 230 400; x_wconf 87' lang='lat' dir='ltr'><strong>ejus</strong></span> <span class='ocrx_word' id='word_1_6' title='bbox 252 326 406 383; x_wconf 86' lang='lat' dir='ltr'><strong>concilium</strong></span> <span class='ocrx_word' id='word_1_7' title='bbox 427 327 545 381; x_wconf 77' lang='lat' dir='ltr'><strong>lecturas</strong></span> <span class='ocrx_word' id='word_1_8' title='bbox 568 326 652 399; x_wconf 86' lang='lat' dir='ltr'><strong>digiti</strong></span> <span class='ocrx_word' id='word_1_9' title='bbox 668 325 719 383; x_wconf 82' lang='grc' dir='ltr'>[ιιι</span> <span class='ocrx_word' id='word_1_10' title='bbox 739 326 872 383; x_wconf 73' lang='lat' dir='ltr'><strong>instituit.</strong></span> <span class='ocrx_word' id='word_1_11' title='bbox 891 327 973 396; x_wconf 83' lang='lat' dir='ltr'><strong>Nam,</strong></span> <span class='ocrx_word' id='word_1_12' title='bbox 994 324 1198 384; x_wconf 81' lang='lat' dir='ltr'><strong>oduudastis</strong></span> <span class='ocrx_word' id='word_1_13' title='bbox 1226 326 1349 381; x_wconf 88' lang='lat' dir='ltr'><strong>abunde.</strong></span> <span class='ocrx_word' id='word_1_14' title='bbox 1378 327 1412 382; x_wconf 87' lang='lat' dir='ltr'><strong>Et</strong></span> <span class='ocrx_word' id='word_1_15' title='bbox 1438 325 1544 381; x_wconf 91' lang='lat' dir='ltr'><strong>iterum</strong></span> <span class='ocrx_word' id='word_1_16' title='bbox 1570 324 1664 382; x_wconf 86' lang='lat' dir='ltr'><strong>dixit:</strong></span> <span class='ocrx_word' id='word_1_17' title='bbox 1687 326 1710 382; x_wconf 92' lang='lat'>0</span> <span class='ocrx_word' id='word_1_18' title='bbox 1737 342 1915 383; x_wconf 58' lang='lat' dir='ltr'><strong>succesores</strong></span> 
     </span>
     <span class='ocr_line' id='line_1_3' title="bbox 167 413 1985 488; baseline -0.001 -16"><span class='ocrx_word' id='word_1_19' title='bbox 167 433 217 472; x_wconf 88' lang='lat' dir='ltr'><strong>vos</strong></span> <span class='ocrx_word' id='word_1_20' title='bbox 237 416 344 488; x_wconf 89' lang='lat' dir='ltr'><strong>angeli,</strong></span> <span class='ocrx_word' id='word_1_21' title='bbox 368 414 420 488; x_wconf 89' lang='lat' dir='ltr'><strong>qui</strong></span> <span class='ocrx_word' id='word_1_22' title='bbox 440 414 590 472; x_wconf 91' lang='lat' dir='ltr'><strong>custoditis</strong></span> <span class='ocrx_word' id='word_1_23' title='bbox 611 416 746 487; x_wconf 89' lang='lat' dir='ltr'><strong>populos,</strong></span> <span class='ocrx_word' id='word_1_24' title='bbox 771 432 898 488; x_wconf 87' lang='lat' dir='ltr'><strong>quorum</strong></span> <span class='ocrx_word' id='word_1_25' title='bbox 921 415 1014 471; x_wconf 79' lang='lat' dir='ltr'><strong>forma</strong></span> <span class='ocrx_word' id='word_1_26' title='bbox 1065 413 1217 471; x_wconf 80' lang='lat' dir='ltr'><strong>tortissimi</strong></span> <span class='ocrx_word' id='word_1_27' title='bbox 1238 414 1632 486; x_wconf 82' lang='lat' dir='ltr'><strong>leonis,interten1plumet</strong></span> <span class='ocrx_word' id='word_1_28' title='bbox 1654 415 1743 471; x_wconf 90' lang='lat' dir='ltr'><strong>altare</strong></span> <span class='ocrx_word' id='word_1_29' title='bbox 1763 414 1918 471; x_wconf 90' lang='lat' dir='ltr'><strong>dominan-</strong></span> <span class='ocrx_word' id='word_1_30' title='bbox 1984 427 1985 478; x_wconf 76' lang='lat' dir='ltr'><strong>t</strong></span> 
     </span>
     <span class='ocr_line' id='line_1_4' title="bbox 165 502 1918 577; baseline -0.001 -15"><span class='ocrx_word' id='word_1_31' title='bbox 165 504 257 576; x_wconf 76' lang='lat' dir='ltr'><strong>fulget</strong></span> <span class='ocrx_word' id='word_1_32' title='bbox 277 503 307 559; x_wconf 94' lang='lat' dir='ltr'><strong>in</strong></span> <span class='ocrx_word' id='word_1_33' title='bbox 329 503 401 560; x_wconf 83' lang='lat' dir='ltr'><strong>fecis</strong></span> <span class='ocrx_word' id='word_1_34' title='bbox 416 509 518 573; x_wconf 85' lang='lat' dir='ltr'><strong>vestre,</strong></span> <span class='ocrx_word' id='word_1_35' title='bbox 533 508 594 560; x_wconf 91' lang='lat' dir='ltr'><strong>eto</strong></span> <span class='ocrx_word' id='word_1_36' title='bbox 612 520 661 559; x_wconf 84' lang='lat' dir='ltr'><strong>ros</strong></span> <span class='ocrx_word' id='word_1_37' title='bbox 683 504 859 577; x_wconf 75' lang='lat' dir='ltr'><strong>archangeli,</strong></span> <span class='ocrx_word' id='word_1_38' title='bbox 881 503 932 576; x_wconf 92' lang='lat' dir='ltr'><strong>qui</strong></span> <span class='ocrx_word' id='word_1_39' title='bbox 953 502 1013 558; x_wconf 90' lang='lat' dir='ltr'><strong>aui·</strong></span> <span class='ocrx_word' id='word_1_40' title='bbox 1067 508 1110 558; x_wconf 88' lang='lat' dir='ltr'><strong>tes</strong></span> <span class='ocrx_word' id='word_1_41' title='bbox 1138 503 1168 558; x_wconf 94' lang='lat' dir='ltr'><strong>in</strong></span> <span class='ocrx_word' id='word_1_42' title='bbox 1199 503 1411 561; x_wconf 72' lang='lat' dir='ltr'><strong>ministratione</strong></span> <span class='ocrx_word' id='word_1_43' title='bbox 1433 505 1506 575; x_wconf 88' lang='lat' dir='ltr'><strong>ejus,</strong></span> <span class='ocrx_word' id='word_1_44' title='bbox 1536 504 1609 559; x_wconf 87' lang='lat' dir='ltr'><strong>siout</strong></span> <span class='ocrx_word' id='word_1_45' title='bbox 1629 504 1725 575; x_wconf 86' lang='lat' dir='ltr'><strong>angeli</strong></span> <span class='ocrx_word' id='word_1_46' title='bbox 1751 508 1855 561; x_wconf 85' lang='lat' dir='ltr'><strong>sonant</strong></span> <span class='ocrx_word' id='word_1_47' title='bbox 1884 505 1918 560; x_wconf 90' lang='lat' dir='ltr'><strong>in</strong></span> 
     </span>
     <span class='ocr_line' id='line_1_5' title="bbox 166 591 1917 665; baseline -0.001 -16"><span class='ocrx_word' id='word_1_48' title='bbox 166 608 228 649; x_wconf 87' lang='lat' dir='ltr'><strong>mas</strong></span> <span class='ocrx_word' id='word_1_49' title='bbox 240 592 383 665; x_wconf 88' lang='lat' dir='ltr'><strong>justornm</strong></span> <span class='ocrx_word' id='word_1_50' title='bbox 402 591 558 664; x_wconf 90' lang='lat' dir='ltr'><strong>suscipitis,</strong></span> <span class='ocrx_word' id='word_1_51' title='bbox 579 596 609 647; x_wconf 91' lang='lat' dir='ltr'><strong>et</strong></span> <span class='ocrx_word' id='word_1_52' title='bbox 627 608 675 647; x_wconf 84' lang='lat' dir='ltr'><strong>vos</strong></span> <span class='ocrx_word' id='word_1_53' title='bbox 699 592 828 657; x_wconf 86' lang='lat' dir='ltr'><strong>virtutes,</strong></span> <span class='ocrx_word' id='word_1_54' title='bbox 848 595 1011 664; x_wconf 89' lang='lat' dir='ltr'><strong>potestates,</strong></span> <span class='ocrx_word' id='word_1_55' title='bbox 1066 592 1210 658; x_wconf 89' lang='lat' dir='ltr'><strong>laudibus,</strong></span> <span class='ocrx_word' id='word_1_56' title='bbox 1230 597 1259 647; x_wconf 91' lang='lat' dir='ltr'><strong>at</strong></span> <span class='ocrx_word' id='word_1_57' title='bbox 1280 592 1353 646; x_wconf 91' lang='lat' dir='ltr'><strong>sicut</strong></span> <span class='ocrx_word' id='word_1_58' title='bbox 1375 593 1481 647; x_wconf 83' lang='lat' dir='ltr'><strong>adsunt</strong></span> <span class='ocrx_word' id='word_1_59' title='bbox 1501 593 1617 663; x_wconf 85' lang='lat' dir='ltr'><strong>populis</strong></span> <span class='ocrx_word' id='word_1_60' title='bbox 1632 592 1663 647; x_wconf 93' lang='lat' dir='ltr'><strong>iu</strong></span> <span class='ocrx_word' id='word_1_61' title='bbox 1686 592 1841 663; x_wconf 87' lang='lat' dir='ltr'><strong>adjutorio,</strong></span> <span class='ocrx_word' id='word_1_62' title='bbox 1865 610 1917 647; x_wconf 86' lang='lat' dir='ltr'><strong>vos</strong></span> 
     </span>
     <span class='ocr_line' id='line_1_6' title="bbox 165 666 1916 753; baseline 0.001 -18"><span class='ocrx_word' id='word_1_63' title='bbox 165 680 355 753; x_wconf 86' lang='lat' dir='ltr'><strong>principatus,</strong></span> <span class='ocrx_word' id='word_1_64' title='bbox 371 680 593 747; x_wconf 84' lang='lat' dir='ltr'><strong>dominationes,</strong></span> <span class='ocrx_word' id='word_1_65' title='bbox 616 686 645 735; x_wconf 91' lang='lat' dir='ltr'><strong>et</strong></span> <span class='ocrx_word' id='word_1_66' title='bbox 663 680 770 749; x_wconf 84' lang='lat' dir='ltr'><strong>throni,</strong></span> <span class='ocrx_word' id='word_1_67' title='bbox 788 680 838 753; x_wconf 90' lang='lat' dir='ltr'><strong>qui</strong></span> <span class='ocrx_word' id='word_1_68' title='bbox 853 681 922 736; x_wconf 89' lang='lat' dir='ltr'><strong>estis</strong></span> <span class='ocrx_word' id='word_1_69' title='bbox 937 697 1014 735; x_wconf 90' lang='lat' dir='ltr'><strong>com·</strong></span> <span class='ocrx_word' id='word_1_70' title='bbox 1066 679 1136 735; x_wconf 87' lang='lat' dir='ltr'><strong>cetis</strong></span> <span class='ocrx_word' id='word_1_71' title='bbox 1154 679 1230 735; x_wconf 90' lang='lat' dir='ltr'><strong>inter</strong></span> <span class='ocrx_word' id='word_1_72' title='bbox 1258 679 1323 735; x_wconf 92' lang='lat' dir='ltr'><strong>illos</strong></span> <span class='ocrx_word' id='word_1_73' title='bbox 1338 680 1389 751; x_wconf 92' lang='lat' dir='ltr'><strong>qui</strong></span> <span class='ocrx_word' id='word_1_74' title='bbox 1414 666 1477 735; x_wconf 74' lang='lat' dir='ltr'><strong>hac</strong></span> <span class='ocrx_word' id='word_1_75' title='bbox 1501 680 1611 735; x_wconf 82' lang='lat' dir='ltr'><strong>iaciunt</strong></span> <span class='ocrx_word' id='word_1_76' title='bbox 1632 696 1747 751; x_wconf 89' lang='lat' dir='ltr'><strong>semper</strong></span> <span class='ocrx_word' id='word_1_77' title='bbox 1769 681 1800 735; x_wconf 94' lang='lat' dir='ltr'><strong>in</strong></span> <span class='ocrx_word' id='word_1_78' title='bbox 1818 681 1916 740; x_wconf 84' lang='lat' dir='ltr'><strong>officio</strong></span> 
     </span>
     <span class='ocr_line' id='line_1_7' title="bbox 164 766 1915 841; baseline 0.001 -18"><span class='ocrx_word' id='word_1_79' title='bbox 164 767 258 839; x_wconf 86' lang='lat' dir='ltr'><strong>putati</strong></span> <span class='ocrx_word' id='word_1_80' title='bbox 280 767 311 823; x_wconf 91' lang='lat' dir='ltr'><strong>in</strong></span> <span class='ocrx_word' id='word_1_81' title='bbox 338 766 473 841; x_wconf 89' lang='lat' dir='ltr'><strong>quintum</strong></span> <span class='ocrx_word' id='word_1_82' title='bbox 504 772 646 823; x_wconf 88' lang='lat' dir='ltr'><strong>secretum</strong></span> <span class='ocrx_word' id='word_1_83' title='bbox 676 784 841 837; x_wconf 69' lang='lat' dir='ltr'><strong>nonnarum,</strong></span> <span class='ocrx_word' id='word_1_84' title='bbox 870 772 898 823; x_wconf 91' lang='lat' dir='ltr'><strong>et</strong></span> <span class='ocrx_word' id='word_1_85' title='bbox 921 786 938 825; x_wconf 94' lang='grc' dir='ltr'><strong>ι</strong></span> <span class='ocrx_word' id='word_1_86' title='bbox 965 785 1013 824; x_wconf 84' lang='grc' dir='ltr'><strong>ιιι</strong></span> <span class='ocrx_word' id='word_1_87' title='bbox 1066 766 1141 839; x_wconf 79' lang='lat' dir='ltr'><strong>Agui</strong></span> <span class='ocrx_word' id='word_1_88' title='bbox 1176 784 1275 823; x_wconf 89' lang='lat' dir='ltr'><strong>curam</strong></span> <span class='ocrx_word' id='word_1_89' title='bbox 1310 768 1459 823; x_wconf 90' lang='lat' dir='ltr'><strong>habentes.</strong></span> <span class='ocrx_word' id='word_1_90' title='bbox 1484 768 1506 825; x_wconf 91' lang='lat'>0</span> <span class='ocrx_word' id='word_1_91' title='bbox 1538 785 1587 823; x_wconf 85' lang='lat' dir='ltr'><strong>ros</strong></span> <span class='ocrx_word' id='word_1_92' title='bbox 1615 767 1772 824; x_wconf 88' lang='lat' dir='ltr'><strong>imitatores</strong></span> <span class='ocrx_word' id='word_1_93' title='bbox 1794 770 1915 824; x_wconf 81' lang='lat' dir='ltr'><strong>excelsae</strong></span> 
     </span>
     <span class='ocr_line' id='line_1_8' title="bbox 165 854 1917 929; baseline 0 -18"><span class='ocrx_word' id='word_1_94' title='bbox 165 854 313 911; x_wconf 81' lang='lat' dir='ltr'><strong>cherubim</strong></span> <span class='ocrx_word' id='word_1_95' title='bbox 330 860 359 911; x_wconf 89' lang='lat' dir='ltr'><strong>et</strong></span> <span class='ocrx_word' id='word_1_96' title='bbox 373 854 530 927; x_wconf 86' lang='lat' dir='ltr'><strong>seraphim,</strong></span> <span class='ocrx_word' id='word_1_97' title='bbox 545 855 672 926; x_wconf 87' lang='lat' dir='ltr'><strong>sigillum</strong></span> <span class='ocrx_word' id='word_1_98' title='bbox 692 861 866 912; x_wconf 85' lang='lat' dir='ltr'><strong>secretorum</strong></span> <span class='ocrx_word' id='word_1_99' title='bbox 890 856 952 925; x_wconf 86' lang='lat' dir='ltr'><strong>Dei,</strong></span> <span class='ocrx_word' id='word_1_100' title='bbox 975 857 1013 912; x_wconf 86' lang='lat' dir='ltr'><strong>sit</strong></span> <span class='ocrx_word' id='word_1_101' title='bbox 1065 872 1198 927; x_wconf 77' lang='lat' dir='ltr'><strong>personae</strong></span> <span class='ocrx_word' id='word_1_102' title='bbox 1216 857 1248 913; x_wconf 90' lang='lat' dir='ltr'><strong>in</strong></span> <span class='ocrx_word' id='word_1_103' title='bbox 1267 856 1473 928; x_wconf 87' lang='lat' dir='ltr'><strong>pretiosissima</strong></span> <span class='ocrx_word' id='word_1_104' title='bbox 1494 863 1524 911; x_wconf 87' lang='lat' dir='ltr'><strong>et</strong></span> <span class='ocrx_word' id='word_1_105' title='bbox 1546 856 1755 927; x_wconf 89' lang='lat' dir='ltr'><strong>gloriosissime</strong></span> <span class='ocrx_word' id='word_1_106' title='bbox 1771 858 1917 929; x_wconf 87' lang='lat' dir='ltr'><strong>significa·</strong></span> 
     </span>
     <span class='ocr_line' id='line_1_9' title="bbox 164 942 1917 1018; baseline 0 -17"><span class='ocrx_word' id='word_1_107' title='bbox 164 944 228 1001; x_wconf 89' lang='lat' dir='ltr'><strong>laus</strong></span> <span class='ocrx_word' id='word_1_108' title='bbox 244 942 334 1009; x_wconf 80' lang='lat' dir='ltr'><strong>robis,</strong></span> <span class='ocrx_word' id='word_1_109' title='bbox 351 942 402 1015; x_wconf 91' lang='lat' dir='ltr'><strong>qui</strong></span> <span class='ocrx_word' id='word_1_110' title='bbox 416 945 542 999; x_wconf 88' lang='lat' dir='ltr'><strong>loculum</strong></span> <span class='ocrx_word' id='word_1_111' title='bbox 557 944 669 1018; x_wconf 86' lang='lat' dir='ltr'><strong>antiqui</strong></span> <span class='ocrx_word' id='word_1_112' title='bbox 688 944 782 1000; x_wconf 90' lang='lat' dir='ltr'><strong>cordis</strong></span> <span class='ocrx_word' id='word_1_113' title='bbox 794 944 825 1000; x_wconf 93' lang='lat' dir='ltr'><strong>in</strong></span> <span class='ocrx_word' id='word_1_114' title='bbox 838 946 918 1000; x_wconf 81' lang='lat' dir='ltr'><strong>fonte</strong></span> <span class='ocrx_word' id='word_1_115' title='bbox 935 944 1013 1017; x_wconf 87' lang='lat' dir='ltr'><strong>aspi·</strong></span> <span class='ocrx_word' id='word_1_116' title='bbox 1065 942 1153 1010; x_wconf 88' lang='lat' dir='ltr'><strong>tione,</strong></span> <span class='ocrx_word' id='word_1_117' title='bbox 1173 960 1292 1015; x_wconf 88' lang='lat' dir='ltr'><strong>equam</strong></span> <span class='ocrx_word' id='word_1_118' title='bbox 1308 961 1430 1016; x_wconf 88' lang='lat' dir='ltr'><strong>magnus</strong></span> <span class='ocrx_word' id='word_1_119' title='bbox 1453 950 1497 1001; x_wconf 88' lang='lat' dir='ltr'><strong>est</strong></span> <span class='ocrx_word' id='word_1_120' title='bbox 1510 952 1602 1001; x_wconf 88' lang='lat' dir='ltr'><strong>vester</strong></span> <span class='ocrx_word' id='word_1_121' title='bbox 1616 952 1746 1011; x_wconf 89' lang='lat' dir='ltr'><strong>ornatus,</strong></span> <span class='ocrx_word' id='word_1_122' title='bbox 1762 946 1812 1001; x_wconf 92' lang='lat' dir='ltr'><strong>ubi</strong></span> <span class='ocrx_word' id='word_1_123' title='bbox 1824 946 1917 1001; x_wconf 85' lang='lat' dir='ltr'><strong>horno</strong></span> 
     </span>
     <span class='ocr_line' id='line_1_10' title="bbox 164 1030 1985 1106; baseline 0.001 -19"><span class='ocrx_word' id='word_1_124' title='bbox 164 1032 239 1087; x_wconf 91' lang='lat' dir='ltr'><strong>citis.</strong></span> <span class='ocrx_word' id='word_1_125' title='bbox 260 1032 366 1087; x_wconf 91' lang='lat' dir='ltr'><strong>Videtis</strong></span> <span class='ocrx_word' id='word_1_126' title='bbox 389 1033 468 1087; x_wconf 85' lang='lat' dir='ltr'><strong>enirn</strong></span> <span class='ocrx_word' id='word_1_127' title='bbox 489 1032 658 1089; x_wconf 89' lang='lat' dir='ltr'><strong>interiorem</strong></span> <span class='ocrx_word' id='word_1_128' title='bbox 678 1033 734 1088; x_wconf 89' lang='lat' dir='ltr'><strong>vim</strong></span> <span class='ocrx_word' id='word_1_129' title='bbox 754 1034 856 1101; x_wconf 88' lang='lat' dir='ltr'><strong>Patris,</strong></span> <span class='ocrx_word' id='word_1_130' title='bbox 885 1049 951 1105; x_wconf 82' lang='lat' dir='ltr'><strong>ques</strong></span> <span class='ocrx_word' id='word_1_131' title='bbox 976 1034 1011 1089; x_wconf 91' lang='lat' dir='ltr'><strong>de</strong></span> <span class='ocrx_word' id='word_1_132' title='bbox 1065 1030 1318 1101; x_wconf 88' lang='lat' dir='ltr'><strong>proceditsolveus</strong></span> <span class='ocrx_word' id='word_1_133' title='bbox 1333 1038 1361 1088; x_wconf 88' lang='lat' dir='ltr'><strong>et</strong></span> <span class='ocrx_word' id='word_1_134' title='bbox 1385 1033 1529 1103; x_wconf 89' lang='lat' dir='ltr'><strong>stringens</strong></span> <span class='ocrx_word' id='word_1_135' title='bbox 1544 1033 1575 1088; x_wconf 93' lang='lat' dir='ltr'><strong>in</strong></span> <span class='ocrx_word' id='word_1_136' title='bbox 1593 1034 1650 1089; x_wconf 85' lang='lat' dir='ltr'><strong>beo</strong></span> <span class='ocrx_word' id='word_1_137' title='bbox 1671 1034 1769 1105; x_wconf 83' lang='lat' dir='ltr'><strong>pigros</strong></span> <span class='ocrx_word' id='word_1_138' title='bbox 1791 1037 1819 1090; x_wconf 90' lang='lat' dir='ltr'><strong>et</strong></span> <span class='ocrx_word' id='word_1_139' title='bbox 1833 1049 1917 1106; x_wconf 78' lang='lat' dir='ltr'><strong>pere</strong></span> <span class='ocrx_word' id='word_1_140' title='bbox 1984 1099 1985 1102; x_wconf 7' lang='grc' dir='ltr'><strong>Ἴ</strong></span> 
     </span>
     <span class='ocr_line' id='line_1_11' title="bbox 164 1105 1985 1195; baseline 0 -18"><span class='ocrx_word' id='word_1_141' title='bbox 164 1121 250 1177; x_wconf 85' lang='lat' dir='ltr'><strong>eorde</strong></span> <span class='ocrx_word' id='word_1_142' title='bbox 267 1120 346 1177; x_wconf 90' lang='lat' dir='ltr'><strong>illius</strong></span> <span class='ocrx_word' id='word_1_143' title='bbox 376 1121 468 1192; x_wconf 84' lang='lat' dir='ltr'><strong>spirat</strong></span> <span class='ocrx_word' id='word_1_144' title='bbox 490 1121 572 1191; x_wconf 90' lang='lat' dir='ltr'><strong>quasi</strong></span> <span class='ocrx_word' id='word_1_145' title='bbox 596 1121 691 1177; x_wconf 83' lang='lat' dir='ltr'><strong>isaias.</strong></span> <span class='ocrx_word' id='word_1_146' title='bbox 718 1124 848 1195; x_wconf 90' lang='lat' dir='ltr'><strong>ltemquo</strong></span> <span class='ocrx_word' id='word_1_147' title='bbox 874 1122 1010 1178; x_wconf 82' lang='lat' dir='ltr'><strong>dicabat:</strong></span> <span class='ocrx_word' id='word_1_148' title='bbox 1066 1118 1174 1189; x_wconf 79' lang='lat' dir='ltr'><strong>grinos,</strong></span> <span class='ocrx_word' id='word_1_149' title='bbox 1195 1120 1282 1175; x_wconf 88' lang='lat' dir='ltr'><strong>etiarn</strong></span> <span class='ocrx_word' id='word_1_150' title='bbox 1304 1121 1561 1177; x_wconf 88' lang='lat' dir='ltr'><strong>ornauscandidos</strong></span> <span class='ocrx_word' id='word_1_151' title='bbox 1581 1126 1610 1176; x_wconf 91' lang='lat' dir='ltr'><strong>et</strong></span> <span class='ocrx_word' id='word_1_152' title='bbox 1630 1122 1739 1193; x_wconf 89' lang='lat' dir='ltr'><strong>nigros,</strong></span> <span class='ocrx_word' id='word_1_153' title='bbox 1762 1127 1791 1177; x_wconf 93' lang='lat' dir='ltr'><strong>et</strong></span> <span class='ocrx_word' id='word_1_154' title='bbox 1808 1138 1919 1194; x_wconf 89' lang='lat' dir='ltr'><strong>magna</strong></span> <span class='ocrx_word' id='word_1_155' title='bbox 1984 1105 1985 1118; x_wconf 40' lang='lat'>¹</span> 
     </span>
     <span class='ocr_line' id='line_1_12' title="bbox 164 1207 1914 1281; baseline 0.001 -16"><span class='ocrx_word' id='word_1_156' title='bbox 164 1208 187 1264; x_wconf 91' lang='lat'>0</span> <span class='ocrx_word' id='word_1_157' title='bbox 202 1208 371 1281; x_wconf 86' lang='lat' dir='ltr'><strong>spectabiles</strong></span> <span class='ocrx_word' id='word_1_158' title='bbox 387 1207 440 1262; x_wconf 89' lang='lat' dir='ltr'><strong>viri</strong></span> <span class='ocrx_word' id='word_1_159' title='bbox 460 1208 510 1280; x_wconf 90' lang='lat' dir='ltr'><strong>qui</strong></span> <span class='ocrx_word' id='word_1_160' title='bbox 525 1208 719 1280; x_wconf 78' lang='lat' dir='ltr'><strong>pertransistis</strong></span> <span class='ocrx_word' id='word_1_161' title='bbox 737 1209 848 1264; x_wconf 88' lang='lat' dir='ltr'><strong>occulta</strong></span> <span class='ocrx_word' id='word_1_162' title='bbox 873 1208 1011 1280; x_wconf 88' lang='lat' dir='ltr'><strong>aspicien·</strong></span> <span class='ocrx_word' id='word_1_163' title='bbox 1066 1222 1157 1263; x_wconf 89' lang='lat' dir='ltr'><strong>onera</strong></span> <span class='ocrx_word' id='word_1_164' title='bbox 1170 1208 1330 1263; x_wconf 82' lang='lat' dir='ltr'><strong>remittens.</strong></span> <span class='ocrx_word' id='word_1_165' title='bbox 1348 1208 1419 1263; x_wconf 81' lang='lat' dir='ltr'><strong>Naue</strong></span> <span class='ocrx_word' id='word_1_166' title='bbox 1434 1214 1464 1263; x_wconf 89' lang='grc' dir='ltr'><strong>ιι</strong></span> <span class='ocrx_word' id='word_1_167' title='bbox 1482 1207 1605 1279; x_wconf 88' lang='lat' dir='ltr'><strong>angelici</strong></span> <span class='ocrx_word' id='word_1_168' title='bbox 1626 1209 1736 1264; x_wconf 82' lang='lat' dir='ltr'><strong>ordinis</strong></span> <span class='ocrx_word' id='word_1_169' title='bbox 1750 1209 1845 1265; x_wconf 81' lang='lat' dir='ltr'><strong>cilicia</strong></span> <span class='ocrx_word' id='word_1_170' title='bbox 1859 1211 1914 1266; x_wconf 87' lang='lat' dir='ltr'><strong>ha-</strong></span> 
     </span>
     <span class='ocr_line' id='line_1_13' title="bbox 165 1295 1916 1371; baseline 0.002 -19"><span class='ocrx_word' id='word_1_171' title='bbox 165 1304 208 1352; x_wconf 91' lang='lat' dir='ltr'><strong>tes</strong></span> <span class='ocrx_word' id='word_1_172' title='bbox 227 1313 279 1368; x_wconf 89' lang='lat' dir='ltr'><strong>per</strong></span> <span class='ocrx_word' id='word_1_173' title='bbox 305 1297 402 1352; x_wconf 90' lang='lat' dir='ltr'><strong>oculos</strong></span> <span class='ocrx_word' id='word_1_174' title='bbox 421 1296 550 1368; x_wconf 87' lang='lat' dir='ltr'><strong>spiritus,</strong></span> <span class='ocrx_word' id='word_1_175' title='bbox 574 1302 603 1352; x_wconf 93' lang='lat' dir='ltr'><strong>et</strong></span> <span class='ocrx_word' id='word_1_176' title='bbox 628 1296 834 1353; x_wconf 77' lang='lat' dir='ltr'><strong>annuntiantes</strong></span> <span class='ocrx_word' id='word_1_177' title='bbox 865 1295 895 1353; x_wconf 93' lang='lat' dir='ltr'><strong>in</strong></span> <span class='ocrx_word' id='word_1_178' title='bbox 916 1297 1011 1353; x_wconf 89' lang='lat' dir='ltr'><strong>lucida</strong></span> <span class='ocrx_word' id='word_1_179' title='bbox 1065 1295 1157 1351; x_wconf 81' lang='lat' dir='ltr'><strong>oeus:</strong></span> <span class='ocrx_word' id='word_1_180' title='bbox 1170 1302 1200 1351; x_wconf 88' lang='grc' dir='ltr'><strong>ιι</strong></span> <span class='ocrx_word' id='word_1_181' title='bbox 1212 1296 1571 1353; x_wconf 79' lang='grc' dir='ltr'>ιιιιιιιιιιιιιιιιιιιιιι</span> <span class='ocrx_word' id='word_1_182' title='bbox 1585 1298 1723 1369; x_wconf 79' lang='lat' dir='ltr'><strong>praescitis</strong></span> <span class='ocrx_word' id='word_1_183' title='bbox 1736 1298 1916 1371; x_wconf 87' lang='lat' dir='ltr'><strong>ubicumque</strong></span> 
     </span>
     <span class='ocr_line' id='line_1_14' title="bbox 165 1384 1915 1459; baseline 0.003 -20"><span class='ocrx_word' id='word_1_184' title='bbox 165 1384 269 1440; x_wconf 86' lang='lat' dir='ltr'><strong>umbre</strong></span> <span class='ocrx_word' id='word_1_185' title='bbox 288 1390 401 1440; x_wconf 81' lang='grc' dir='ltr'>ιιιιιιι</span> <span class='ocrx_word' id='word_1_186' title='bbox 419 1390 449 1439; x_wconf 90' lang='grc' dir='ltr'><strong>ιι</strong></span> <span class='ocrx_word' id='word_1_187' title='bbox 475 1384 619 1440; x_wconf 82' lang='grc' dir='ltr'>νιιιιιιιι</span> <span class='ocrx_word' id='word_1_188' title='bbox 643 1385 736 1441; x_wconf 88' lang='lat' dir='ltr'><strong>lucem</strong></span> <span class='ocrx_word' id='word_1_189' title='bbox 765 1385 796 1441; x_wconf 92' lang='lat' dir='ltr'><strong>iu</strong></span> <span class='ocrx_word' id='word_1_190' title='bbox 817 1386 898 1457; x_wconf 88' lang='lat' dir='ltr'><strong>virge</strong></span> <span class='ocrx_word' id='word_1_191' title='bbox 921 1386 1011 1459; x_wconf 91' lang='lat' dir='ltr'><strong>gemi-</strong></span> <span class='ocrx_word' id='word_1_192' title='bbox 1064 1384 1262 1442; x_wconf 84' lang='lat' dir='ltr'><strong>constituenda</strong></span> <span class='ocrx_word' id='word_1_193' title='bbox 1290 1389 1366 1451; x_wconf 88' lang='lat' dir='ltr'><strong>suut,</strong></span> <span class='ocrx_word' id='word_1_194' title='bbox 1397 1386 1473 1440; x_wconf 91' lang='lat' dir='ltr'><strong>unde</strong></span> <span class='ocrx_word' id='word_1_195' title='bbox 1492 1402 1614 1458; x_wconf 88' lang='lat' dir='ltr'><strong>magnus</strong></span> <span class='ocrx_word' id='word_1_196' title='bbox 1634 1393 1677 1442; x_wconf 88' lang='lat' dir='ltr'><strong>est</strong></span> <span class='ocrx_word' id='word_1_197' title='bbox 1691 1393 1784 1442; x_wconf 82' lang='lat' dir='ltr'><strong>vester</strong></span> <span class='ocrx_word' id='word_1_198' title='bbox 1808 1387 1915 1444; x_wconf 89' lang='lat' dir='ltr'><strong>honor.</strong></span> 
     </span>
     <span class='ocr_line' id='line_1_15' title="bbox 165 1455 1985 1547; baseline 0.002 -19"><span class='ocrx_word' id='word_1_199' title='bbox 165 1477 293 1543; x_wconf 77' lang='lat' dir='ltr'><strong>nantem,</strong></span> <span class='ocrx_word' id='word_1_200' title='bbox 312 1490 377 1545; x_wconf 76' lang='lat' dir='ltr'><strong>quae</strong></span> <span class='ocrx_word' id='word_1_201' title='bbox 393 1473 454 1528; x_wconf 91' lang='lat' dir='ltr'><strong>sola</strong></span> <span class='ocrx_word' id='word_1_202' title='bbox 478 1473 626 1529; x_wconf 85' lang='lat' dir='ltr'><strong>lloruitde</strong></span> <span class='ocrx_word' id='word_1_203' title='bbox 650 1474 771 1530; x_wconf 89' lang='lat' dir='ltr'><strong>introitu</strong></span> <span class='ocrx_word' id='word_1_204' title='bbox 786 1475 941 1530; x_wconf 81' lang='lat' dir='ltr'><strong>radicantis</strong></span> <span class='ocrx_word' id='word_1_205' title='bbox 963 1474 1011 1529; x_wconf 90' lang='lat' dir='ltr'><strong>lu·</strong></span> <span class='ocrx_word' id='word_1_206' title='bbox 1065 1474 1194 1545; x_wconf 82' lang='lat' dir='ltr'><strong>Itemque</strong></span> <span class='ocrx_word' id='word_1_207' title='bbox 1217 1473 1326 1529; x_wconf 88' lang='lat' dir='ltr'><strong>dicebat</strong></span> <span class='ocrx_word' id='word_1_208' title='bbox 1342 1474 1388 1531; x_wconf 86' lang='lat'><strong>:0</strong></span> <span class='ocrx_word' id='word_1_209' title='bbox 1411 1474 1639 1544; x_wconf 81' lang='lat' dir='ltr'><strong>pulchraefacies</strong></span> <span class='ocrx_word' id='word_1_210' title='bbox 1656 1475 1746 1530; x_wconf 82' lang='lat' dir='ltr'><strong>Deum</strong></span> <span class='ocrx_word' id='word_1_211' title='bbox 1768 1474 1917 1547; x_wconf 90' lang='lat' dir='ltr'><strong>aspician-</strong></span> <span class='ocrx_word' id='word_1_212' title='bbox 1984 1455 1985 1506; x_wconf 44' lang='lat' dir='ltr'><strong>l</strong></span> 
     </span>
     <span class='ocr_line' id='line_1_16' title="bbox 164 1561 1917 1637; baseline 0.002 -20"><span class='ocrx_word' id='word_1_213' title='bbox 164 1561 262 1631; x_wconf 87' lang='lat' dir='ltr'><strong>minis,</strong></span> <span class='ocrx_word' id='word_1_214' title='bbox 292 1578 342 1617; x_wconf 84' lang='lat' dir='ltr'><strong>ros</strong></span> <span class='ocrx_word' id='word_1_215' title='bbox 374 1562 486 1635; x_wconf 90' lang='lat' dir='ltr'><strong>antiqui</strong></span> <span class='ocrx_word' id='word_1_216' title='bbox 513 1562 605 1618; x_wconf 90' lang='lat' dir='ltr'><strong>sancti</strong></span> <span class='ocrx_word' id='word_1_217' title='bbox 627 1562 799 1635; x_wconf 75' lang='lat' dir='ltr'><strong>predixistis</strong></span> <span class='ocrx_word' id='word_1_218' title='bbox 824 1563 1009 1619; x_wconf 85' lang='lat' dir='ltr'><strong>salvationem</strong></span> <span class='ocrx_word' id='word_1_219' title='bbox 1064 1565 1118 1630; x_wconf 91' lang='lat' dir='ltr'><strong>tes,</strong></span> <span class='ocrx_word' id='word_1_220' title='bbox 1133 1562 1202 1617; x_wconf 92' lang='lat' dir='ltr'><strong>etin</strong></span> <span class='ocrx_word' id='word_1_221' title='bbox 1216 1576 1319 1617; x_wconf 91' lang='lat' dir='ltr'><strong>aurora</strong></span> <span class='ocrx_word' id='word_1_222' title='bbox 1333 1562 1517 1617; x_wconf 75' lang='lat' dir='ltr'><strong>aedificantes.</strong></span> <span class='ocrx_word' id='word_1_223' title='bbox 1534 1564 1658 1619; x_wconf 81' lang='lat' dir='ltr'><strong>Obeatas</strong></span> <span class='ocrx_word' id='word_1_224' title='bbox 1671 1563 1810 1635; x_wconf 80' lang='lat' dir='ltr'><strong>virgines,</strong></span> <span class='ocrx_word' id='word_1_225' title='bbox 1823 1580 1917 1637; x_wconf 87' lang='lat' dir='ltr'><strong>quam</strong></span> 
     </span>
     <span class='ocr_line' id='line_1_17' title="bbox 162 1627 1916 1724; baseline 0.001 -18"><span class='ocrx_word' id='word_1_226' title='bbox 162 1650 294 1707; x_wconf 87' lang='lat' dir='ltr'><strong>exsulum</strong></span> <span class='ocrx_word' id='word_1_227' title='bbox 322 1649 486 1706; x_wconf 89' lang='lat' dir='ltr'><strong>animarum</strong></span> <span class='ocrx_word' id='word_1_228' title='bbox 514 1666 579 1724; x_wconf 87' lang='lat' dir='ltr'><strong>quae</strong></span> <span class='ocrx_word' id='word_1_229' title='bbox 603 1651 748 1707; x_wconf 82' lang='lat' dir='ltr'><strong>immersus</strong></span> <span class='ocrx_word' id='word_1_230' title='bbox 773 1652 888 1708; x_wconf 74' lang='lat' dir='ltr'><strong>fueraut</strong></span> <span class='ocrx_word' id='word_1_231' title='bbox 912 1652 1008 1720; x_wconf 86' lang='lat' dir='ltr'><strong>morti,</strong></span> <span class='ocrx_word' id='word_1_232' title='bbox 1029 1627 1175 1705; x_wconf 82' lang='lat' dir='ltr'><strong>Bnobiles</strong></span> <span class='ocrx_word' id='word_1_233' title='bbox 1192 1648 1271 1717; x_wconf 88' lang='lat' dir='ltr'><strong>estis,</strong></span> <span class='ocrx_word' id='word_1_234' title='bbox 1294 1650 1324 1704; x_wconf 94' lang='lat' dir='ltr'><strong>in</strong></span> <span class='ocrx_word' id='word_1_235' title='bbox 1341 1649 1446 1721; x_wconf 90' lang='lat' dir='ltr'><strong>quibus</strong></span> <span class='ocrx_word' id='word_1_236' title='bbox 1462 1666 1510 1705; x_wconf 90' lang='lat' dir='ltr'><strong>rex</strong></span> <span class='ocrx_word' id='word_1_237' title='bbox 1524 1666 1555 1705; x_wconf 92' lang='lat' dir='ltr'><strong>se</strong></span> <span class='ocrx_word' id='word_1_238' title='bbox 1578 1651 1779 1719; x_wconf 87' lang='lat' dir='ltr'><strong>consideravit,</strong></span> <span class='ocrx_word' id='word_1_239' title='bbox 1795 1668 1862 1708; x_wconf 90' lang='lat' dir='ltr'><strong>curn</strong></span> <span class='ocrx_word' id='word_1_240' title='bbox 1882 1653 1916 1707; x_wconf 90' lang='lat' dir='ltr'><strong>in</strong></span> 
     </span>
     <span class='ocr_line' id='line_1_18' title="bbox 163 1736 1915 1812; baseline -0.001 -19"><span class='ocrx_word' id='word_1_241' title='bbox 163 1737 212 1810; x_wconf 88' lang='lat' dir='ltr'><strong>qui</strong></span> <span class='ocrx_word' id='word_1_242' title='bbox 227 1738 368 1795; x_wconf 85' lang='lat' dir='ltr'><strong>circuistis</strong></span> <span class='ocrx_word' id='word_1_243' title='bbox 383 1746 415 1796; x_wconf 92' lang='lat' dir='ltr'><strong>ut</strong></span> <span class='ocrx_word' id='word_1_244' title='bbox 433 1744 515 1807; x_wconf 76' lang='lat' dir='ltr'><strong>rote,</strong></span> <span class='ocrx_word' id='word_1_245' title='bbox 537 1739 708 1795; x_wconf 90' lang='lat' dir='ltr'><strong>mirabiliter</strong></span> <span class='ocrx_word' id='word_1_246' title='bbox 726 1742 876 1812; x_wconf 90' lang='lat' dir='ltr'><strong>loquentes</strong></span> <span class='ocrx_word' id='word_1_247' title='bbox 891 1741 1012 1811; x_wconf 88' lang='lat' dir='ltr'><strong>mystica</strong></span> <span class='ocrx_word' id='word_1_248' title='bbox 1063 1737 1142 1793; x_wconf 91' lang='lat' dir='ltr'><strong>vobis</strong></span> <span class='ocrx_word' id='word_1_249' title='bbox 1166 1736 1264 1793; x_wconf 87' lang='lat' dir='ltr'><strong>omnia</strong></span> <span class='ocrx_word' id='word_1_250' title='bbox 1286 1736 1413 1793; x_wconf 84' lang='lat' dir='ltr'><strong>coelsstia</strong></span> <span class='ocrx_word' id='word_1_251' title='bbox 1441 1745 1613 1794; x_wconf 86' lang='lat' dir='ltr'><strong>ornamenta</strong></span> <span class='ocrx_word' id='word_1_252' title='bbox 1641 1739 1835 1811; x_wconf 69' lang='lat' dir='ltr'><strong>presignavit,</strong></span> <span class='ocrx_word' id='word_1_253' title='bbox 1864 1738 1915 1793; x_wconf 91' lang='lat' dir='ltr'><strong>nbi</strong></span> 
     </span>
     <span class='ocr_line' id='line_1_19' title="bbox 162 1824 1916 1901; baseline 0.001 -20"><span class='ocrx_word' id='word_1_254' title='bbox 162 1825 268 1881; x_wconf 90' lang='lat' dir='ltr'><strong>montis</strong></span> <span class='ocrx_word' id='word_1_255' title='bbox 300 1827 349 1899; x_wconf 87' lang='lat' dir='ltr'><strong>qui</strong></span> <span class='ocrx_word' id='word_1_256' title='bbox 381 1828 485 1885; x_wconf 83' lang='lat' dir='ltr'><strong>eoelum</strong></span> <span class='ocrx_word' id='word_1_257' title='bbox 524 1828 618 1901; x_wconf 88' lang='lat' dir='ltr'><strong>tangit</strong></span> <span class='ocrx_word' id='word_1_258' title='bbox 642 1829 836 1900; x_wconf 88' lang='lat' dir='ltr'><strong>pertransiens</strong></span> <span class='ocrx_word' id='word_1_259' title='bbox 873 1828 1010 1900; x_wconf 82' lang='lat' dir='ltr'><strong>ungendo</strong></span> <span class='ocrx_word' id='word_1_260' title='bbox 1063 1824 1150 1881; x_wconf 85' lang='lat' dir='ltr'><strong>etiem</strong></span> <span class='ocrx_word' id='word_1_261' title='bbox 1173 1825 1358 1882; x_wconf 89' lang='lat' dir='ltr'><strong>suavissimus</strong></span> <span class='ocrx_word' id='word_1_262' title='bbox 1388 1826 1489 1881; x_wconf 89' lang='lat' dir='ltr'><strong>hortus</strong></span> <span class='ocrx_word' id='word_1_263' title='bbox 1513 1826 1580 1881; x_wconf 89' lang='lat' dir='ltr'><strong>estis</strong></span> <span class='ocrx_word' id='word_1_264' title='bbox 1613 1824 1644 1881; x_wconf 93' lang='lat' dir='ltr'><strong>in</strong></span> <span class='ocrx_word' id='word_1_265' title='bbox 1667 1826 1801 1882; x_wconf 88' lang='lat' dir='ltr'><strong>omnibus</strong></span> <span class='ocrx_word' id='word_1_266' title='bbox 1828 1842 1916 1882; x_wconf 87' lang='lat' dir='ltr'><strong>orua-</strong></span> 
     </span>
     <span class='ocr_line' id='line_1_20' title="bbox 161 1913 1915 1987; baseline 0.001 -18"><span class='ocrx_word' id='word_1_267' title='bbox 161 1914 267 1969; x_wconf 86' lang='lat' dir='ltr'><strong>multas</strong></span> <span class='ocrx_word' id='word_1_268' title='bbox 292 1931 390 1987; x_wconf 87' lang='lat' dir='ltr'><strong>aquas,</strong></span> <span class='ocrx_word' id='word_1_269' title='bbox 414 1933 482 1974; x_wconf 89' lang='lat' dir='ltr'><strong>cum</strong></span> <span class='ocrx_word' id='word_1_270' title='bbox 496 1917 584 1973; x_wconf 88' lang='lat' dir='ltr'><strong>etiam</strong></span> <span class='ocrx_word' id='word_1_271' title='bbox 606 1919 680 1972; x_wconf 91' lang='lat' dir='ltr'><strong>inter</strong></span> <span class='ocrx_word' id='word_1_272' title='bbox 702 1933 751 1972; x_wconf 89' lang='lat' dir='ltr'><strong>vos</strong></span> <span class='ocrx_word' id='word_1_273' title='bbox 772 1916 896 1973; x_wconf 87' lang='lat' dir='ltr'><strong>surrexit</strong></span> <span class='ocrx_word' id='word_1_274' title='bbox 915 1916 1011 1973; x_wconf 88' lang='lat' dir='ltr'><strong>lucida</strong></span> <span class='ocrx_word' id='word_1_275' title='bbox 1063 1913 1168 1975; x_wconf 86' lang='lat' dir='ltr'><strong>mentis</strong></span> <span class='ocrx_word' id='word_1_276' title='bbox 1196 1914 1366 1971; x_wconf 87' lang='lat' dir='ltr'><strong>redolentes.</strong></span> <span class='ocrx_word' id='word_1_277' title='bbox 1384 1916 1406 1971; x_wconf 90' lang='lat'>0</span> <span class='ocrx_word' id='word_1_278' title='bbox 1424 1915 1606 1971; x_wconf 90' lang='lat' dir='ltr'><strong>nobilissima</strong></span> <span class='ocrx_word' id='word_1_279' title='bbox 1623 1914 1752 1970; x_wconf 84' lang='lat' dir='ltr'><strong>viriditas</strong></span> <span class='ocrx_word' id='word_1_280' title='bbox 1775 1931 1840 1987; x_wconf 82' lang='lat' dir='ltr'><strong>ques</strong></span> <span class='ocrx_word' id='word_1_281' title='bbox 1869 1931 1915 1970; x_wconf 88' lang='lat' dir='ltr'><strong>ra·</strong></span> 
     </span>
     <span class='ocr_line' id='line_1_21' title="bbox 163 2001 1915 2076; baseline 0.001 -19"><span class='ocrx_word' id='word_1_282' title='bbox 163 2002 293 2073; x_wconf 90' lang='lat' dir='ltr'><strong>lucerna,</strong></span> <span class='ocrx_word' id='word_1_283' title='bbox 308 2019 374 2075; x_wconf 78' lang='lat' dir='ltr'><strong>quus</strong></span> <span class='ocrx_word' id='word_1_284' title='bbox 387 2004 485 2075; x_wconf 90' lang='lat' dir='ltr'><strong>ipsum</strong></span> <span class='ocrx_word' id='word_1_285' title='bbox 503 2009 631 2061; x_wconf 88' lang='lat' dir='ltr'><strong>montem</strong></span> <span class='ocrx_word' id='word_1_286' title='bbox 650 2020 830 2076; x_wconf 78' lang='lat' dir='ltr'><strong>precurrens</strong></span> <span class='ocrx_word' id='word_1_287' title='bbox 851 2004 1008 2061; x_wconf 90' lang='lat' dir='ltr'><strong>illuminat.</strong></span> <span class='ocrx_word' id='word_1_288' title='bbox 1063 2001 1186 2058; x_wconf 85' lang='lat' dir='ltr'><strong>diresin</strong></span> <span class='ocrx_word' id='word_1_289' title='bbox 1201 2003 1262 2059; x_wconf 91' lang='lat' dir='ltr'><strong>sole</strong></span> <span class='ocrx_word' id='word_1_290' title='bbox 1276 2007 1305 2069; x_wconf 78' lang='lat' dir='ltr'><strong>et</strong></span> <span class='ocrx_word' id='word_1_291' title='bbox 1325 2019 1391 2075; x_wconf 84' lang='lat' dir='ltr'><strong>quae</strong></span> <span class='ocrx_word' id='word_1_292' title='bbox 1417 2002 1448 2058; x_wconf 92' lang='lat' dir='ltr'><strong>in</strong></span> <span class='ocrx_word' id='word_1_293' title='bbox 1462 2002 1586 2059; x_wconf 91' lang='lat' dir='ltr'><strong>candida</strong></span> <span class='ocrx_word' id='word_1_294' title='bbox 1610 2003 1764 2059; x_wconf 87' lang='lat' dir='ltr'><strong>serenitate</strong></span> <span class='ocrx_word' id='word_1_295' title='bbox 1783 2003 1864 2059; x_wconf 88' lang='lat' dir='ltr'><strong>luces</strong></span> <span class='ocrx_word' id='word_1_296' title='bbox 1882 2003 1915 2059; x_wconf 91' lang='lat' dir='ltr'><strong>iu</strong></span> 
     </span>
     <span class='ocr_line' id='line_1_22' title="bbox 162 2090 1913 2166; baseline 0.001 -20"><span class='ocrx_word' id='word_1_297' title='bbox 162 2090 249 2146; x_wconf 85' lang='lat' dir='ltr'><strong>0vos</strong></span> <span class='ocrx_word' id='word_1_298' title='bbox 260 2090 357 2147; x_wconf 80' lang='lat' dir='ltr'><strong>retices</strong></span> <span class='ocrx_word' id='word_1_299' title='bbox 372 2092 491 2159; x_wconf 85' lang='lat' dir='ltr'><strong>radices,</strong></span> <span class='ocrx_word' id='word_1_300' title='bbox 509 2109 575 2149; x_wconf 89' lang='lat' dir='ltr'><strong>cum</strong></span> <span class='ocrx_word' id='word_1_301' title='bbox 589 2093 695 2165; x_wconf 90' lang='lat' dir='ltr'><strong>quibus</strong></span> <span class='ocrx_word' id='word_1_302' title='bbox 717 2110 789 2166; x_wconf 88' lang='lat' dir='ltr'><strong>opus</strong></span> <span class='ocrx_word' id='word_1_303' title='bbox 802 2094 1022 2163; x_wconf 77' lang='lat' dir='ltr'><strong>miraculorum⁴</strong></span> <span class='ocrx_word' id='word_1_304' title='bbox 1062 2096 1136 2160; x_wconf 87' lang='lat' dir='ltr'><strong>rota,</strong></span> <span class='ocrx_word' id='word_1_305' title='bbox 1152 2107 1238 2163; x_wconf 89' lang='lat' dir='ltr'><strong>quam</strong></span> <span class='ocrx_word' id='word_1_306' title='bbox 1254 2092 1336 2147; x_wconf 93' lang='lat' dir='ltr'><strong>nulla</strong></span> <span class='ocrx_word' id='word_1_307' title='bbox 1354 2096 1470 2147; x_wconf 88' lang='lat' dir='ltr'><strong>terrena</strong></span> <span class='ocrx_word' id='word_1_308' title='bbox 1484 2092 1651 2150; x_wconf 86' lang='lat' dir='ltr'><strong>excellentia</strong></span> <span class='ocrx_word' id='word_1_309' title='bbox 1670 2092 1913 2165; x_wconf 88' lang='lat' dir='ltr'><strong>comprehendit:</strong></span> 
     </span>
     <span class='ocr_line' id='line_1_23' title="bbox 161 2180 1914 2255; baseline 0.001 -21"><span class='ocrx_word' id='word_1_310' title='bbox 161 2182 188 2235; x_wconf 89' lang='lat' dir='ltr'><strong>st</strong></span> <span class='ocrx_word' id='word_1_311' title='bbox 206 2195 266 2235; x_wconf 91' lang='lat' dir='ltr'><strong>non</strong></span> <span class='ocrx_word' id='word_1_312' title='bbox 289 2195 363 2251; x_wconf 92' lang='lat' dir='ltr'><strong>opus</strong></span> <span class='ocrx_word' id='word_1_313' title='bbox 384 2180 539 2237; x_wconf 90' lang='lat' dir='ltr'><strong>criminum</strong></span> <span class='ocrx_word' id='word_1_314' title='bbox 562 2198 615 2254; x_wconf 90' lang='lat' dir='ltr'><strong>per</strong></span> <span class='ocrx_word' id='word_1_315' title='bbox 637 2187 750 2238; x_wconf 90' lang='lat' dir='ltr'><strong>torrens</strong></span> <span class='ocrx_word' id='word_1_316' title='bbox 769 2182 825 2238; x_wconf 89' lang='lat' dir='ltr'><strong>iter</strong></span> <span class='ocrx_word' id='word_1_317' title='bbox 850 2182 1009 2255; x_wconf 76' lang='lat' dir='ltr'><strong>perspicue</strong></span> <span class='ocrx_word' id='word_1_318' title='bbox 1063 2185 1095 2235; x_wconf 92' lang='lat' dir='ltr'><strong>tu</strong></span> <span class='ocrx_word' id='word_1_319' title='bbox 1115 2180 1291 2236; x_wconf 89' lang='lat' dir='ltr'><strong>circumdata</strong></span> <span class='ocrx_word' id='word_1_320' title='bbox 1314 2197 1346 2237; x_wconf 90' lang='lat' dir='ltr'><strong>ss</strong></span> <span class='ocrx_word' id='word_1_321' title='bbox 1368 2181 1549 2252; x_wconf 90' lang='lat' dir='ltr'><strong>amplexibus</strong></span> <span class='ocrx_word' id='word_1_322' title='bbox 1572 2180 1738 2237; x_wconf 88' lang='lat' dir='ltr'><strong>divinorum</strong></span> <span class='ocrx_word' id='word_1_323' title='bbox 1762 2180 1914 2253; x_wconf 80' lang='lat' dir='ltr'><strong>mysterio-</strong></span> 
     </span>
     <span class='ocr_line' id='line_1_24' title="bbox 161 2267 1911 2344; baseline 0 -21"><span class='ocrx_word' id='word_1_324' title='bbox 161 2267 272 2324; x_wconf 80' lang='lat' dir='ltr'><strong>umbrae</strong></span> <span class='ocrx_word' id='word_1_325' title='bbox 293 2270 455 2341; x_wconf 89' lang='lat' dir='ltr'><strong>plantatum</strong></span> <span class='ocrx_word' id='word_1_326' title='bbox 482 2268 542 2325; x_wconf 88' lang='lat' dir='ltr'><strong>esti</strong></span> <span class='ocrx_word' id='word_1_327' title='bbox 559 2276 619 2327; x_wconf 91' lang='lat' dir='ltr'><strong>eto</strong></span> <span class='ocrx_word' id='word_1_328' title='bbox 639 2275 669 2325; x_wconf 93' lang='grc' dir='ltr'><strong>ιι</strong></span> <span class='ocrx_word' id='word_1_329' title='bbox 686 2270 838 2327; x_wconf 85' lang='lat' dir='ltr'><strong>ruminans</strong></span> <span class='ocrx_word' id='word_1_330' title='bbox 856 2272 942 2344; x_wconf 86' lang='lat' dir='ltr'><strong>ignea</strong></span> <span class='ocrx_word' id='word_1_331' title='bbox 955 2287 1010 2327; x_wconf 87' lang='lat' dir='ltr'><strong>vox</strong></span> <span class='ocrx_word' id='word_1_332' title='bbox 1062 2267 1195 2324; x_wconf 76' lang='lat' dir='ltr'><strong>remla</strong></span> <span class='ocrx_word' id='word_1_333' title='bbox 1213 2269 1300 2324; x_wconf 90' lang='lat' dir='ltr'><strong>rubes</strong></span> <span class='ocrx_word' id='word_1_334' title='bbox 1314 2272 1346 2323; x_wconf 89' lang='grc' dir='ltr'><strong>ιι</strong></span> <span class='ocrx_word' id='word_1_335' title='bbox 1367 2284 1481 2337; x_wconf 90' lang='lat' dir='ltr'><strong>aurore,</strong></span> <span class='ocrx_word' id='word_1_336' title='bbox 1495 2272 1524 2324; x_wconf 87' lang='lat' dir='ltr'><strong>et</strong></span> <span class='ocrx_word' id='word_1_337' title='bbox 1542 2270 1625 2325; x_wconf 88' lang='lat' dir='ltr'><strong>ardes</strong></span> <span class='ocrx_word' id='word_1_338' title='bbox 1646 2273 1679 2324; x_wconf 89' lang='lat' dir='ltr'><strong>ut</strong></span> <span class='ocrx_word' id='word_1_339' title='bbox 1692 2269 1761 2325; x_wconf 90' lang='lat' dir='ltr'><strong>solis</strong></span> <span class='ocrx_word' id='word_1_340' title='bbox 1783 2270 1911 2326; x_wconf 87' lang='lat' dir='ltr'><strong>tlamma.</strong></span> 
     </span>
     <span class='ocr_line' id='line_1_25' title="bbox 159 2354 1914 2431; baseline 0 -20"><span class='ocrx_word' id='word_1_341' title='bbox 159 2371 339 2425; x_wconf 70' lang='lat' dir='ltr'><strong>precurrens</strong></span> <span class='ocrx_word' id='word_1_342' title='bbox 360 2356 511 2413; x_wconf 88' lang='lat' dir='ltr'><strong>limantem</strong></span> <span class='ocrx_word' id='word_1_343' title='bbox 543 2357 672 2431; x_wconf 85' lang='lat' dir='ltr'><strong>lapidem</strong></span> <span class='ocrx_word' id='word_1_344' title='bbox 692 2359 906 2415; x_wconf 82' lang='lat' dir='ltr'><strong>subvertentem</strong></span> <span class='ocrx_word' id='word_1_345' title='bbox 929 2358 1009 2431; x_wconf 85' lang='lat' dir='ltr'><strong>abys-</strong></span> <span class='ocrx_word' id='word_1_346' title='bbox 1063 2356 1098 2411; x_wconf 80' lang='lat' dir='ltr'><strong>Et</strong></span> <span class='ocrx_word' id='word_1_347' title='bbox 1115 2356 1221 2411; x_wconf 87' lang='lat' dir='ltr'><strong>iterum</strong></span> <span class='ocrx_word' id='word_1_348' title='bbox 1241 2370 1330 2411; x_wconf 91' lang='lat' dir='ltr'><strong>sonus</strong></span> <span class='ocrx_word' id='word_1_349' title='bbox 1352 2354 1413 2424; x_wconf 90' lang='lat' dir='ltr'><strong>ille,</strong></span> <span class='ocrx_word' id='word_1_350' title='bbox 1429 2360 1461 2411; x_wconf 90' lang='lat' dir='ltr'><strong>ut</strong></span> <span class='ocrx_word' id='word_1_351' title='bbox 1479 2372 1530 2411; x_wconf 92' lang='lat' dir='ltr'><strong>vox</strong></span> <span class='ocrx_word' id='word_1_352' title='bbox 1552 2355 1789 2412; x_wconf 72' lang='lat' dir='ltr'><strong>multitudinisin</strong></span> <span class='ocrx_word' id='word_1_353' title='bbox 1809 2372 1914 2429; x_wconf 90' lang='lat' dir='ltr'><strong>quere·</strong></span> 
     </span>
     <span class='ocr_line' id='line_1_26' title="bbox 160 2443 1911 2524; baseline -0.001 -26"><span class='ocrx_word' id='word_1_354' title='bbox 160 2444 369 2515; x_wconf 87' lang='lat' dir='ltr'><strong>sum,gaudete</strong></span> <span class='ocrx_word' id='word_1_355' title='bbox 381 2444 411 2499; x_wconf 92' lang='lat' dir='ltr'><strong>iu</strong></span> <span class='ocrx_word' id='word_1_356' title='bbox 429 2444 522 2516; x_wconf 88' lang='lat' dir='ltr'><strong>capite</strong></span> <span class='ocrx_word' id='word_1_357' title='bbox 538 2449 640 2501; x_wconf 85' lang='lat' dir='ltr'><strong>vestro.</strong></span> <span class='ocrx_word' id='word_1_358' title='bbox 663 2445 788 2503; x_wconf 88' lang='lat' dir='ltr'><strong>Gaudete</strong></span> <span class='ocrx_word' id='word_1_359' title='bbox 801 2445 832 2501; x_wconf 92' lang='lat' dir='ltr'><strong>in</strong></span> <span class='ocrx_word' id='word_1_360' title='bbox 844 2444 904 2514; x_wconf 92' lang='lat' dir='ltr'><strong>illo,</strong></span> <span class='ocrx_word' id='word_1_361' title='bbox 921 2461 1010 2517; x_wconf 90' lang='lat' dir='ltr'><strong>quern</strong></span> <span class='ocrx_word' id='word_1_362' title='bbox 1062 2444 1097 2499; x_wconf 93' lang='lat' dir='ltr'><strong>lis</strong></span> <span class='ocrx_word' id='word_1_363' title='bbox 1121 2444 1157 2500; x_wconf 88' lang='lat' dir='ltr'><strong>dc</strong></span> <span class='ocrx_word' id='word_1_364' title='bbox 1184 2443 1352 2499; x_wconf 86' lang='lat' dir='ltr'><strong>revocandis</strong></span> <span class='ocrx_word' id='word_1_365' title='bbox 1368 2443 1403 2499; x_wconf 90' lang='lat' dir='ltr'><strong>ad</strong></span> <span class='ocrx_word' id='word_1_366' title='bbox 1428 2443 1545 2499; x_wconf 89' lang='lat' dir='ltr'><strong>cosdem</strong></span> <span class='ocrx_word' id='word_1_367' title='bbox 1570 2443 1677 2515; x_wconf 85' lang='lat' dir='ltr'><strong>gradus</strong></span> <span class='ocrx_word' id='word_1_368' title='bbox 1701 2445 1731 2499; x_wconf 89' lang='lat' dir='ltr'><strong>in</strong></span> <span class='ocrx_word' id='word_1_369' title='bbox 1747 2443 1911 2524; x_wconf 76' lang='lat' dir='ltr'><strong>harmonia,</strong></span> 
     </span>
     <span class='ocr_line' id='line_1_27' title="bbox 161 2530 1915 2606; baseline 0.001 -20"><span class='ocrx_word' id='word_1_370' title='bbox 161 2546 221 2587; x_wconf 91' lang='lat' dir='ltr'><strong>non</strong></span> <span class='ocrx_word' id='word_1_371' title='bbox 235 2532 369 2589; x_wconf 85' lang='lat' dir='ltr'><strong>viderunt</strong></span> <span class='ocrx_word' id='word_1_372' title='bbox 383 2533 413 2589; x_wconf 93' lang='lat' dir='ltr'><strong>in</strong></span> <span class='ocrx_word' id='word_1_373' title='bbox 428 2533 511 2591; x_wconf 90' lang='lat' dir='ltr'><strong>terris</strong></span> <span class='ocrx_word' id='word_1_374' title='bbox 525 2533 619 2599; x_wconf 89' lang='lat' dir='ltr'><strong>multi,</strong></span> <span class='ocrx_word' id='word_1_375' title='bbox 635 2534 686 2606; x_wconf 92' lang='lat' dir='ltr'><strong>qui</strong></span> <span class='ocrx_word' id='word_1_376' title='bbox 706 2533 801 2605; x_wconf 86' lang='lat' dir='ltr'><strong>ipsum</strong></span> <span class='ocrx_word' id='word_1_377' title='bbox 818 2536 953 2590; x_wconf 88' lang='lat' dir='ltr'><strong>ardenter</strong></span> <span class='ocrx_word' id='word_1_378' title='bbox 964 2550 1011 2589; x_wconf 91' lang='lat' dir='ltr'><strong>vo-</strong></span> <span class='ocrx_word' id='word_1_379' title='bbox 1062 2534 1104 2589; x_wconf 92' lang='lat' dir='ltr'><strong>sic</strong></span> <span class='ocrx_word' id='word_1_380' title='bbox 1127 2532 1310 2605; x_wconf 86' lang='lat' dir='ltr'><strong>querebatur,</strong></span> <span class='ocrx_word' id='word_1_381' title='bbox 1341 2530 1462 2587; x_wconf 89' lang='lat' dir='ltr'><strong>diceus:</strong></span> <span class='ocrx_word' id='word_1_382' title='bbox 1491 2533 1514 2589; x_wconf 91' lang='lat'>0</span> <span class='ocrx_word' id='word_1_383' title='bbox 1544 2532 1684 2605; x_wconf 75' lang='lat' dir='ltr'><strong>plangens</strong></span> <span class='ocrx_word' id='word_1_384' title='bbox 1712 2548 1765 2588; x_wconf 86' lang='lat' dir='ltr'><strong>vox</strong></span> <span class='ocrx_word' id='word_1_385' title='bbox 1785 2539 1829 2587; x_wconf 85' lang='lat' dir='ltr'><strong>cst</strong></span> <span class='ocrx_word' id='word_1_386' title='bbox 1849 2534 1915 2587; x_wconf 72' lang='lat' dir='ltr'><strong>hoec</strong></span> 
     </span>
     <span class='ocr_line' id='line_1_28' title="bbox 160 2618 1915 2691; baseline 0 -16"><span class='ocrx_word' id='word_1_387' title='bbox 160 2625 306 2677; x_wconf 89' lang='lat' dir='ltr'><strong>caverunt.</strong></span> <span class='ocrx_word' id='word_1_388' title='bbox 331 2623 364 2676; x_wconf 83' lang='lat' dir='ltr'><strong>Et</strong></span> <span class='ocrx_word' id='word_1_389' title='bbox 387 2622 494 2678; x_wconf 89' lang='lat' dir='ltr'><strong>iterum</strong></span> <span class='ocrx_word' id='word_1_390' title='bbox 518 2620 611 2678; x_wconf 87' lang='lat' dir='ltr'><strong>dixit:</strong></span> <span class='ocrx_word' id='word_1_391' title='bbox 637 2622 659 2679; x_wconf 91' lang='lat'>0</span> <span class='ocrx_word' id='word_1_392' title='bbox 676 2624 776 2679; x_wconf 91' lang='lat' dir='ltr'><strong>cohors</strong></span> <span class='ocrx_word' id='word_1_393' title='bbox 795 2622 907 2679; x_wconf 81' lang='lat' dir='ltr'><strong>militie</strong></span> <span class='ocrx_word' id='word_1_394' title='bbox 929 2622 1010 2678; x_wconf 88' lang='lat' dir='ltr'><strong>lloris</strong></span> <span class='ocrx_word' id='word_1_395' title='bbox 1063 2621 1179 2676; x_wconf 88' lang='lat' dir='ltr'><strong>maximi</strong></span> <span class='ocrx_word' id='word_1_396' title='bbox 1194 2620 1309 2676; x_wconf 88' lang='lat' dir='ltr'><strong>doloris.</strong></span> <span class='ocrx_word' id='word_1_397' title='bbox 1326 2620 1384 2676; x_wconf 88' lang='lat' dir='ltr'><strong>llhl</strong></span> <span class='ocrx_word' id='word_1_398' title='bbox 1403 2618 1455 2675; x_wconf 90' lang='lat' dir='ltr'><strong>ahl</strong></span> <span class='ocrx_word' id='word_1_399' title='bbox 1472 2621 1607 2691; x_wconf 77' lang='lat' dir='ltr'><strong>quaedam</strong></span> <span class='ocrx_word' id='word_1_400' title='bbox 1629 2620 1770 2677; x_wconf 89' lang='lat' dir='ltr'><strong>mirabilis</strong></span> <span class='ocrx_word' id='word_1_401' title='bbox 1791 2621 1915 2676; x_wconf 85' lang='lat' dir='ltr'><strong>victoria</strong></span> 
     </span>
     <span class='ocr_line' id='line_1_29' title="bbox 160 2708 1914 2783; baseline 0.001 -19"><span class='ocrx_word' id='word_1_402' title='bbox 160 2709 248 2782; x_wconf 87' lang='lat' dir='ltr'><strong>virgae</strong></span> <span class='ocrx_word' id='word_1_403' title='bbox 270 2726 330 2766; x_wconf 90' lang='lat' dir='ltr'><strong>non</strong></span> <span class='ocrx_word' id='word_1_404' title='bbox 354 2710 486 2783; x_wconf 79' lang='lat' dir='ltr'><strong>spinatae,</strong></span> <span class='ocrx_word' id='word_1_405' title='bbox 509 2715 540 2779; x_wconf 85' lang='grc' dir='ltr'><strong>ιιι</strong></span> <span class='ocrx_word' id='word_1_406' title='bbox 566 2714 653 2767; x_wconf 86' lang='grc' dir='ltr'>ιιιιι</span> <span class='ocrx_word' id='word_1_407' title='bbox 675 2712 754 2768; x_wconf 86' lang='grc' dir='ltr'>ιιιιι</span> <span class='ocrx_word' id='word_1_408' title='bbox 769 2717 853 2769; x_wconf 76' lang='lat' dir='ltr'><strong>terre</strong></span> <span class='ocrx_word' id='word_1_409' title='bbox 870 2711 1009 2768; x_wconf 88' lang='lat' dir='ltr'><strong>circuiens</strong></span> <span class='ocrx_word' id='word_1_410' title='bbox 1062 2710 1094 2765; x_wconf 92' lang='lat' dir='ltr'><strong>in</strong></span> <span class='ocrx_word' id='word_1_411' title='bbox 1122 2708 1248 2765; x_wconf 75' lang='lat' dir='ltr'><strong>mhabili</strong></span> <span class='ocrx_word' id='word_1_412' title='bbox 1270 2709 1413 2765; x_wconf 90' lang='lat' dir='ltr'><strong>desiderio</strong></span> <span class='ocrx_word' id='word_1_413' title='bbox 1433 2710 1483 2765; x_wconf 79' lang='lat' dir='ltr'><strong>lici</strong></span> <span class='ocrx_word' id='word_1_414' title='bbox 1502 2710 1640 2779; x_wconf 78' lang='lat' dir='ltr'><strong>surrexit,</strong></span> <span class='ocrx_word' id='word_1_415' title='bbox 1657 2710 1689 2765; x_wconf 93' lang='lat' dir='ltr'><strong>in</strong></span> <span class='ocrx_word' id='word_1_416' title='bbox 1712 2726 1771 2781; x_wconf 87' lang='lat' dir='ltr'><strong>qua</strong></span> <span class='ocrx_word' id='word_1_417' title='bbox 1789 2709 1914 2766; x_wconf 88' lang='lat' dir='ltr'><strong>delecta-</strong></span> 
     </span>
     <span class='ocr_line' id='line_1_30' title="bbox 161 2797 1911 2873; baseline -0.002 -19"><span class='ocrx_word' id='word_1_418' title='bbox 161 2799 293 2871; x_wconf 90' lang='lat' dir='ltr'><strong>regiones</strong></span> <span class='ocrx_word' id='word_1_419' title='bbox 308 2799 476 2856; x_wconf 89' lang='lat' dir='ltr'><strong>insanorum</strong></span> <span class='ocrx_word' id='word_1_420' title='bbox 500 2815 647 2869; x_wconf 89' lang='lat' dir='ltr'><strong>sensuum,</strong></span> <span class='ocrx_word' id='word_1_421' title='bbox 670 2801 850 2873; x_wconf 89' lang='lat' dir='ltr'><strong>epulantium</strong></span> <span class='ocrx_word' id='word_1_422' title='bbox 864 2817 931 2857; x_wconf 89' lang='lat' dir='ltr'><strong>eum</strong></span> <span class='ocrx_word' id='word_1_423' title='bbox 946 2818 1010 2873; x_wconf 92' lang='lat' dir='ltr'><strong>por·</strong></span> <span class='ocrx_word' id='word_1_424' title='bbox 1062 2797 1104 2852; x_wconf 87' lang='lat' dir='ltr'><strong>tio</strong></span> <span class='ocrx_word' id='word_1_425' title='bbox 1117 2797 1212 2853; x_wconf 88' lang='lat' dir='ltr'><strong>carnis</strong></span> <span class='ocrx_word' id='word_1_426' title='bbox 1233 2813 1263 2852; x_wconf 92' lang='lat' dir='ltr'><strong>se</strong></span> <span class='ocrx_word' id='word_1_427' title='bbox 1277 2797 1401 2854; x_wconf 89' lang='lat' dir='ltr'><strong>letanter</strong></span> <span class='ocrx_word' id='word_1_428' title='bbox 1423 2797 1584 2854; x_wconf 83' lang='grc' dir='ltr'>ιιιιιιιιιι.</span> <span class='ocrx_word' id='word_1_429' title='bbox 1611 2797 1685 2854; x_wconf 85' lang='lat' dir='ltr'><strong>lieu!</strong></span> <span class='ocrx_word' id='word_1_430' title='bbox 1711 2798 1785 2855; x_wconf 91' lang='lat' dir='ltr'><strong>heui</strong></span> <span class='ocrx_word' id='word_1_431' title='bbox 1800 2797 1850 2852; x_wconf 93' lang='lat' dir='ltr'><strong>ubi</strong></span> <span class='ocrx_word' id='word_1_432' title='bbox 1866 2814 1911 2851; x_wconf 84' lang='lat' dir='ltr'><strong>vo</strong></span> 
     </span>
     <span class='ocr_line' id='line_1_31' title="bbox 161 2884 1914 2977; baseline -0.001 -35"><span class='ocrx_word' id='word_1_433' title='bbox 161 2887 211 2956; x_wconf 89' lang='lat' dir='ltr'><strong>eis,</strong></span> <span class='ocrx_word' id='word_1_434' title='bbox 228 2904 301 2960; x_wconf 92' lang='lat' dir='ltr'><strong>quos</strong></span> <span class='ocrx_word' id='word_1_435' title='bbox 315 2888 486 2960; x_wconf 85' lang='lat' dir='ltr'><strong>expugnasti</strong></span> <span class='ocrx_word' id='word_1_436' title='bbox 499 2904 553 2959; x_wconf 91' lang='lat' dir='ltr'><strong>per</strong></span> <span class='ocrx_word' id='word_1_437' title='bbox 575 2888 701 2944; x_wconf 85' lang='lat' dir='ltr'><strong>inlusum</strong></span> <span class='ocrx_word' id='word_1_438' title='bbox 716 2890 880 2962; x_wconf 87' lang='lat' dir='ltr'><strong>adjutorem</strong></span> <span class='ocrx_word' id='word_1_439' title='bbox 901 2884 1010 2961; x_wconf 88' lang='lat' dir='ltr'><strong>poueu·</strong></span> <span class='ocrx_word' id='word_1_440' title='bbox 1027 2921 1049 2977; x_wconf 69' lang='lat' dir='ltr'><strong>c</strong></span> <span class='ocrx_word' id='word_1_441' title='bbox 1064 2887 1159 2942; x_wconf 87' lang='lat' dir='ltr'><strong>luntas</strong></span> <span class='ocrx_word' id='word_1_442' title='bbox 1180 2885 1301 2942; x_wconf 88' lang='lat' dir='ltr'><strong>crimina</strong></span> <span class='ocrx_word' id='word_1_443' title='bbox 1320 2885 1449 2954; x_wconf 89' lang='lat' dir='ltr'><strong>nescivit,</strong></span> <span class='ocrx_word' id='word_1_444' title='bbox 1468 2891 1498 2941; x_wconf 91' lang='lat' dir='ltr'><strong>st</strong></span> <span class='ocrx_word' id='word_1_445' title='bbox 1521 2886 1571 2943; x_wconf 91' lang='lat' dir='ltr'><strong>ubi</strong></span> <span class='ocrx_word' id='word_1_446' title='bbox 1587 2886 1762 2944; x_wconf 88' lang='lat' dir='ltr'><strong>desiderium</strong></span> <span class='ocrx_word' id='word_1_447' title='bbox 1783 2887 1914 2943; x_wconf 88' lang='lat' dir='ltr'><strong>hominis</strong></span> 
     </span>
     <span class='ocr_line' id='line_1_32' title="bbox 161 2973 1912 3049; baseline -0.002 -17"><span class='ocrx_word' id='word_1_448' title='bbox 161 2977 199 3033; x_wconf 91' lang='lat' dir='ltr'><strong>tis</strong></span> <span class='ocrx_word' id='word_1_449' title='bbox 213 2976 321 3033; x_wconf 83' lang='lat' dir='ltr'><strong>radices</strong></span> <span class='ocrx_word' id='word_1_450' title='bbox 343 2977 372 3031; x_wconf 92' lang='lat' dir='ltr'><strong>in</strong></span> <span class='ocrx_word' id='word_1_451' title='bbox 395 2977 580 3033; x_wconf 87' lang='lat' dir='ltr'><strong>tabernacula</strong></span> <span class='ocrx_word' id='word_1_452' title='bbox 601 2978 679 3047; x_wconf 90' lang='lat' dir='ltr'><strong>pleni</strong></span> <span class='ocrx_word' id='word_1_453' title='bbox 694 2979 791 3049; x_wconf 89' lang='lat' dir='ltr'><strong>operis</strong></span> <span class='ocrx_word' id='word_1_454' title='bbox 806 2979 883 3033; x_wconf 84' lang='lat' dir='ltr'><strong>verbi</strong></span> <span class='ocrx_word' id='word_1_455' title='bbox 906 2980 1008 3048; x_wconf 87' lang='lat' dir='ltr'><strong>Patris,</strong></span> <span class='ocrx_word' id='word_1_456' title='bbox 1064 2974 1209 3030; x_wconf 87' lang='lat' dir='ltr'><strong>lasciviam</strong></span> <span class='ocrx_word' id='word_1_457' title='bbox 1240 2973 1336 3047; x_wconf 80' lang='lat' dir='ltr'><strong>fugit,</strong></span> <span class='ocrx_word' id='word_1_458' title='bbox 1367 2974 1518 3046; x_wconf 88' lang='lat' dir='ltr'><strong>quietem</strong></span> <span class='ocrx_word' id='word_1_459' title='bbox 1550 2975 1634 3045; x_wconf 93' lang='lat' dir='ltr'><strong>pauci</strong></span> <span class='ocrx_word' id='word_1_460' title='bbox 1661 2975 1697 3030; x_wconf 88' lang='lat' dir='ltr'><strong>ad</strong></span> <span class='ocrx_word' id='word_1_461' title='bbox 1724 2980 1753 3033; x_wconf 90' lang='grc' dir='ltr'><strong>ιι</strong></span> <span class='ocrx_word' id='word_1_462' title='bbox 1781 2976 1912 3031; x_wconf 82' lang='lat' dir='ltr'><strong>veniunt.</strong></span> 
     </span>
     <span class='ocr_line' id='line_1_33' title="bbox 161 3061 1914 3138; baseline -0.002 -17"><span class='ocrx_word' id='word_1_463' title='bbox 161 3070 192 3121; x_wconf 91' lang='grc' dir='ltr'><strong>ιι</strong></span> <span class='ocrx_word' id='word_1_464' title='bbox 218 3066 305 3122; x_wconf 86' lang='grc' dir='ltr'>ιιιιιι</span> <span class='ocrx_word' id='word_1_465' title='bbox 333 3065 438 3122; x_wconf 86' lang='grc' dir='ltr'>ιιιιιιι</span> <span class='ocrx_word' id='word_1_466' title='bbox 463 3080 492 3121; x_wconf 87' lang='grc' dir='ltr'><strong>ιι</strong></span> <span class='ocrx_word' id='word_1_467' title='bbox 517 3082 588 3138; x_wconf 87' lang='lat' dir='ltr'><strong>gens</strong></span> <span class='ocrx_word' id='word_1_468' title='bbox 617 3066 779 3133; x_wconf 82' lang='lat' dir='ltr'><strong>salvatoris,</strong></span> <span class='ocrx_word' id='word_1_469' title='bbox 804 3067 916 3123; x_wconf 89' lang='lat' dir='ltr'><strong>intrans</strong></span> <span class='ocrx_word' id='word_1_470' title='bbox 935 3066 1010 3123; x_wconf 90' lang='lat' dir='ltr'><strong>viem</strong></span> <span class='ocrx_word' id='word_1_471' title='bbox 1066 3064 1154 3134; x_wconf 87' lang='lat' dir='ltr'><strong>Luge,</strong></span> <span class='ocrx_word' id='word_1_472' title='bbox 1168 3064 1235 3136; x_wconf 91' lang='lat' dir='ltr'><strong>luge</strong></span> <span class='ocrx_word' id='word_1_473' title='bbox 1252 3079 1321 3133; x_wconf 84' lang='lat' dir='ltr'><strong>ergo</strong></span> <span class='ocrx_word' id='word_1_474' title='bbox 1345 3061 1375 3118; x_wconf 93' lang='lat' dir='ltr'><strong>in</strong></span> <span class='ocrx_word' id='word_1_475' title='bbox 1396 3062 1442 3119; x_wconf 89' lang='lat' dir='ltr'><strong>his</strong></span> <span class='ocrx_word' id='word_1_476' title='bbox 1465 3062 1632 3119; x_wconf 88' lang='lat' dir='ltr'><strong>innocentia</strong></span> <span class='ocrx_word' id='word_1_477' title='bbox 1639 3083 1648 3132; x_wconf 83' lang='lat'>3</span> <span class='ocrx_word' id='word_1_478' title='bbox 1667 3078 1731 3136; x_wconf 77' lang='lat' dir='ltr'><strong>quac</strong></span> <span class='ocrx_word' id='word_1_479' title='bbox 1750 3066 1780 3119; x_wconf 92' lang='lat' dir='ltr'><strong>in</strong></span> <span class='ocrx_word' id='word_1_480' title='bbox 1799 3064 1914 3135; x_wconf 89' lang='lat' dir='ltr'><strong>pudore</strong></span> 
     </span>
     <span class='ocr_line' id='line_1_34' title="bbox 161 3150 1915 3227; baseline 0.001 -20"><span class='ocrx_word' id='word_1_481' title='bbox 161 3153 388 3224; x_wconf 88' lang='lat' dir='ltr'><strong>regenerationis</strong></span> <span class='ocrx_word' id='word_1_482' title='bbox 423 3169 507 3225; x_wconf 79' lang='lat' dir='ltr'><strong>aque</strong></span> <span class='ocrx_word' id='word_1_483' title='bbox 533 3170 585 3225; x_wconf 89' lang='lat' dir='ltr'><strong>per</strong></span> <span class='ocrx_word' id='word_1_484' title='bbox 614 3170 733 3226; x_wconf 88' lang='lat' dir='ltr'><strong>sgnum,</strong></span> <span class='ocrx_word' id='word_1_485' title='bbox 759 3156 809 3227; x_wconf 92' lang='lat' dir='ltr'><strong>qui</strong></span> <span class='ocrx_word' id='word_1_486' title='bbox 833 3161 860 3211; x_wconf 90' lang='lat' dir='ltr'><strong>te</strong></span> <span class='ocrx_word' id='word_1_487' title='bbox 882 3155 960 3211; x_wconf 88' lang='lat' dir='ltr'><strong>misit</strong></span> <span class='ocrx_word' id='word_1_488' title='bbox 978 3156 1010 3211; x_wconf 91' lang='lat' dir='ltr'><strong>in</strong></span> <span class='ocrx_word' id='word_1_489' title='bbox 1064 3151 1141 3207; x_wconf 91' lang='lat' dir='ltr'><strong>buno</strong></span> <span class='ocrx_word' id='word_1_490' title='bbox 1168 3150 1364 3223; x_wconf 88' lang='lat' dir='ltr'><strong>iutegritatem</strong></span> <span class='ocrx_word' id='word_1_491' title='bbox 1385 3166 1445 3205; x_wconf 93' lang='lat' dir='ltr'><strong>nou</strong></span> <span class='ocrx_word' id='word_1_492' title='bbox 1475 3151 1607 3220; x_wconf 89' lang='lat' dir='ltr'><strong>emisisti,</strong></span> <span class='ocrx_word' id='word_1_493' title='bbox 1632 3157 1661 3208; x_wconf 90' lang='lat' dir='ltr'><strong>et</strong></span> <span class='ocrx_word' id='word_1_494' title='bbox 1683 3169 1748 3224; x_wconf 76' lang='lat' dir='ltr'><strong>que</strong></span> <span class='ocrx_word' id='word_1_495' title='bbox 1773 3153 1915 3209; x_wconf 81' lang='lat' dir='ltr'><strong>avaritiae</strong></span> 
     </span>
     <span class='ocr_line' id='line_1_35' title="bbox 161 3238 1912 3315; baseline 0 -20"><span class='ocrx_word' id='word_1_496' title='bbox 161 3241 257 3312; x_wconf 88' lang='lat' dir='ltr'><strong>gladio</strong></span> <span class='ocrx_word' id='word_1_497' title='bbox 280 3242 356 3297; x_wconf 87' lang='lat' dir='ltr'><strong>inter</strong></span> <span class='ocrx_word' id='word_1_498' title='bbox 380 3242 553 3297; x_wconf 78' lang='lat' dir='ltr'><strong>saevissimos</strong></span> <span class='ocrx_word' id='word_1_499' title='bbox 576 3258 672 3312; x_wconf 87' lang='lat' dir='ltr'><strong>canes,</strong></span> <span class='ocrx_word' id='word_1_500' title='bbox 697 3243 747 3315; x_wconf 90' lang='lat' dir='ltr'><strong>qui</strong></span> <span class='ocrx_word' id='word_1_501' title='bbox 773 3257 854 3299; x_wconf 89' lang='lat' dir='ltr'><strong>suam</strong></span> <span class='ocrx_word' id='word_1_502' title='bbox 886 3243 1009 3315; x_wconf 89' lang='lat' dir='ltr'><strong>glorium</strong></span> <span class='ocrx_word' id='word_1_503' title='bbox 1063 3240 1188 3310; x_wconf 84' lang='lat' dir='ltr'><strong>gutturis</strong></span> <span class='ocrx_word' id='word_1_504' title='bbox 1214 3238 1328 3311; x_wconf 90' lang='lat' dir='ltr'><strong>antiqui</strong></span> <span class='ocrx_word' id='word_1_505' title='bbox 1354 3239 1495 3310; x_wconf 87' lang='lat' dir='ltr'><strong>serpentis</strong></span> <span class='ocrx_word' id='word_1_506' title='bbox 1521 3240 1563 3295; x_wconf 90' lang='lat' dir='ltr'><strong>ibi</strong></span> <span class='ocrx_word' id='word_1_507' title='bbox 1583 3254 1643 3295; x_wconf 90' lang='lat' dir='ltr'><strong>non</strong></span> <span class='ocrx_word' id='word_1_508' title='bbox 1662 3240 1815 3309; x_wconf 83' lang='lat' dir='ltr'><strong>devorasti,</strong></span> <span class='ocrx_word' id='word_1_509' title='bbox 1841 3241 1912 3311; x_wconf 87' lang='lat' dir='ltr'><strong>quia</strong></span> 
     </span>
     <span class='ocr_line' id='line_1_36' title="bbox 162 3325 1911 3402; baseline -0.002 -16"><span class='ocrx_word' id='word_1_510' title='bbox 162 3330 366 3387; x_wconf 87' lang='lat' dir='ltr'><strong>destruxerunt</strong></span> <span class='ocrx_word' id='word_1_511' title='bbox 397 3328 428 3384; x_wconf 91' lang='lat' dir='ltr'><strong>in</strong></span> <span class='ocrx_word' id='word_1_512' title='bbox 456 3329 591 3400; x_wconf 90' lang='lat' dir='ltr'><strong>operibus</strong></span> <span class='ocrx_word' id='word_1_513' title='bbox 613 3329 768 3402; x_wconf 89' lang='lat' dir='ltr'><strong>digitorum</strong></span> <span class='ocrx_word' id='word_1_514' title='bbox 792 3346 922 3398; x_wconf 90' lang='lat' dir='ltr'><strong>suorum,</strong></span> <span class='ocrx_word' id='word_1_515' title='bbox 951 3336 1008 3387; x_wconf 87' lang='lat' dir='ltr'><strong>sta·</strong></span> <span class='ocrx_word' id='word_1_516' title='bbox 1063 3334 1122 3384; x_wconf 91' lang='lat' dir='ltr'><strong>tam</strong></span> <span class='ocrx_word' id='word_1_517' title='bbox 1147 3328 1329 3401; x_wconf 87' lang='lat' dir='ltr'><strong>negligenter</strong></span> <span class='ocrx_word' id='word_1_518' title='bbox 1359 3325 1493 3383; x_wconf 87' lang='lat' dir='ltr'><strong>homines</strong></span> <span class='ocrx_word' id='word_1_519' title='bbox 1519 3330 1547 3383; x_wconf 83' lang='lat' dir='ltr'><strong>te</strong></span> <span class='ocrx_word' id='word_1_520' title='bbox 1574 3328 1736 3385; x_wconf 87' lang='lat' dir='ltr'><strong>attendunt.</strong></span> <span class='ocrx_word' id='word_1_521' title='bbox 1763 3330 1785 3385; x_wconf 92' lang='lat'>0</span> <span class='ocrx_word' id='word_1_522' title='bbox 1813 3328 1911 3385; x_wconf 82' lang='lat' dir='ltr'><strong>virens</strong></span> 
     </span>
     <span class='ocr_line' id='line_1_37' title="bbox 162 3416 1910 3490; baseline 0 -18"><span class='ocrx_word' id='word_1_523' title='bbox 162 3420 275 3473; x_wconf 86' lang='grc' dir='ltr'>ιιιιιιι</span> <span class='ocrx_word' id='word_1_524' title='bbox 300 3432 358 3472; x_wconf 91' lang='grc' dir='ltr'><strong>ιιι</strong></span> <span class='ocrx_word' id='word_1_525' title='bbox 378 3417 575 3473; x_wconf 79' lang='lat' dir='ltr'><strong>manufactum</strong></span> <span class='ocrx_word' id='word_1_526' title='bbox 595 3418 625 3475; x_wconf 91' lang='lat' dir='ltr'><strong>iu</strong></span> <span class='ocrx_word' id='word_1_527' title='bbox 642 3418 851 3490; x_wconf 86' lang='lat' dir='ltr'><strong>subjectionem</strong></span> <span class='ocrx_word' id='word_1_528' title='bbox 870 3435 1009 3475; x_wconf 88' lang='lat' dir='ltr'><strong>manuum</strong></span> <span class='ocrx_word' id='word_1_529' title='bbox 1061 3416 1137 3485; x_wconf 82' lang='lat' dir='ltr'><strong>lons,</strong></span> <span class='ocrx_word' id='word_1_530' title='bbox 1152 3433 1239 3489; x_wconf 90' lang='lat' dir='ltr'><strong>quam</strong></span> <span class='ocrx_word' id='word_1_531' title='bbox 1261 3432 1367 3489; x_wconf 82' lang='lat' dir='ltr'><strong>inagna</strong></span> <span class='ocrx_word' id='word_1_532' title='bbox 1381 3421 1424 3472; x_wconf 88' lang='lat' dir='ltr'><strong>est</strong></span> <span class='ocrx_word' id='word_1_533' title='bbox 1439 3417 1565 3473; x_wconf 88' lang='lat' dir='ltr'><strong>suavitas</strong></span> <span class='ocrx_word' id='word_1_534' title='bbox 1580 3423 1640 3484; x_wconf 88' lang='lat' dir='ltr'><strong>tua,</strong></span> <span class='ocrx_word' id='word_1_535' title='bbox 1656 3417 1707 3489; x_wconf 92' lang='lat' dir='ltr'><strong>qui</strong></span> <span class='ocrx_word' id='word_1_536' title='bbox 1721 3416 1822 3473; x_wconf 82' lang='lat' dir='ltr'><strong>taciem</strong></span> <span class='ocrx_word' id='word_1_537' title='bbox 1837 3416 1910 3472; x_wconf 88' lang='lat' dir='ltr'><strong>isto-</strong></span> 
     </span>
     <span class='ocr_line' id='line_1_38' title="bbox 162 3503 1985 3578; baseline -0.001 -17"><span class='ocrx_word' id='word_1_538' title='bbox 162 3520 289 3573; x_wconf 89' lang='lat' dir='ltr'><strong>snarum,</strong></span> <span class='ocrx_word' id='word_1_539' title='bbox 314 3504 344 3561; x_wconf 93' lang='lat' dir='ltr'><strong>iu</strong></span> <span class='ocrx_word' id='word_1_540' title='bbox 367 3522 425 3578; x_wconf 90' lang='lat' dir='ltr'><strong>qua</strong></span> <span class='ocrx_word' id='word_1_541' title='bbox 449 3522 507 3562; x_wconf 91' lang='lat' dir='ltr'><strong>nou</strong></span> <span class='ocrx_word' id='word_1_542' title='bbox 523 3506 696 3563; x_wconf 88' lang='lat' dir='ltr'><strong>invenerunt</strong></span> <span class='ocrx_word' id='word_1_543' title='bbox 718 3523 796 3562; x_wconf 90' lang='lat' dir='ltr'><strong>sum.</strong></span> <span class='ocrx_word' id='word_1_544' title='bbox 818 3509 889 3564; x_wconf 87' lang='lat' dir='ltr'><strong>Nam</strong></span> <span class='ocrx_word' id='word_1_545' title='bbox 909 3508 1010 3564; x_wconf 87' lang='lat' dir='ltr'><strong>olaci-</strong></span> <span class='ocrx_word' id='word_1_546' title='bbox 1062 3520 1127 3560; x_wconf 88' lang='lat' dir='ltr'><strong>rum</strong></span> <span class='ocrx_word' id='word_1_547' title='bbox 1154 3505 1186 3560; x_wconf 92' lang='lat' dir='ltr'><strong>iu</strong></span> <span class='ocrx_word' id='word_1_548' title='bbox 1202 3509 1231 3561; x_wconf 93' lang='lat' dir='ltr'><strong>te</strong></span> <span class='ocrx_word' id='word_1_549' title='bbox 1245 3520 1304 3560; x_wconf 92' lang='lat' dir='ltr'><strong>uon</strong></span> <span class='ocrx_word' id='word_1_550' title='bbox 1327 3504 1468 3573; x_wconf 86' lang='lat' dir='ltr'><strong>emisisti;</strong></span> <span class='ocrx_word' id='word_1_551' title='bbox 1492 3505 1543 3561; x_wconf 90' lang='lat' dir='ltr'><strong>sed</strong></span> <span class='ocrx_word' id='word_1_552' title='bbox 1556 3510 1639 3561; x_wconf 87' lang='lat' dir='ltr'><strong>acute</strong></span> <span class='ocrx_word' id='word_1_553' title='bbox 1657 3503 1814 3577; x_wconf 73' lang='lat' dir='ltr'><strong>praevidisti</strong></span> <span class='ocrx_word' id='word_1_554' title='bbox 1838 3521 1910 3576; x_wconf 89' lang='lat' dir='ltr'><strong>quo-</strong></span> <span class='ocrx_word' id='word_1_555' title='bbox 1984 3511 1985 3538; x_wconf 74' lang='lat' dir='ltr'><strong>t</strong></span> 
     </span>
     <span class='ocr_line' id='line_1_39' title="bbox 161 3592 1909 3668; baseline 0.001 -21"><span class='ocrx_word' id='word_1_556' title='bbox 161 3592 279 3649; x_wconf 86' lang='lat' dir='ltr'><strong>dissime</strong></span> <span class='ocrx_word' id='word_1_557' title='bbox 300 3597 498 3666; x_wconf 88' lang='lat' dir='ltr'><strong>apostolorum</strong></span> <span class='ocrx_word' id='word_1_558' title='bbox 524 3595 618 3662; x_wconf 87' lang='lat' dir='ltr'><strong>turba,</strong></span> <span class='ocrx_word' id='word_1_559' title='bbox 640 3611 761 3668; x_wconf 90' lang='lat' dir='ltr'><strong>surgens</strong></span> <span class='ocrx_word' id='word_1_560' title='bbox 783 3595 813 3650; x_wconf 92' lang='lat' dir='ltr'><strong>in</strong></span> <span class='ocrx_word' id='word_1_561' title='bbox 838 3611 906 3651; x_wconf 90' lang='lat' dir='ltr'><strong>vera</strong></span> <span class='ocrx_word' id='word_1_562' title='bbox 929 3597 1008 3667; x_wconf 91' lang='lat' dir='ltr'><strong>sgui-</strong></span> <span class='ocrx_word' id='word_1_563' title='bbox 1061 3595 1149 3649; x_wconf 90' lang='lat' dir='ltr'><strong>modo</strong></span> <span class='ocrx_word' id='word_1_564' title='bbox 1165 3610 1213 3649; x_wconf 90' lang='lat' dir='ltr'><strong>eos</strong></span> <span class='ocrx_word' id='word_1_565' title='bbox 1228 3594 1264 3649; x_wconf 90' lang='lat' dir='ltr'><strong>de</strong></span> <span class='ocrx_word' id='word_1_566' title='bbox 1281 3593 1410 3665; x_wconf 89' lang='lat' dir='ltr'><strong>angelico</strong></span> <span class='ocrx_word' id='word_1_567' title='bbox 1424 3609 1491 3648; x_wconf 89' lang='lat' dir='ltr'><strong>casu</strong></span> <span class='ocrx_word' id='word_1_568' title='bbox 1508 3594 1699 3661; x_wconf 85' lang='lat' dir='ltr'><strong>abstraheres,</strong></span> <span class='ocrx_word' id='word_1_569' title='bbox 1719 3592 1815 3665; x_wconf 86' lang='lat' dir='ltr'><strong>quise</strong></span> <span class='ocrx_word' id='word_1_570' title='bbox 1830 3594 1909 3649; x_wconf 77' lang='lat' dir='ltr'><strong>aesti-</strong></span> 
     </span>
     <span class='ocr_line' id='line_1_40' title="bbox 161 3681 1908 3755; baseline 0.001 -18"><span class='ocrx_word' id='word_1_571' title='bbox 161 3682 240 3737; x_wconf 88' lang='lat' dir='ltr'><strong>tioue</strong></span> <span class='ocrx_word' id='word_1_572' title='bbox 276 3685 305 3738; x_wconf 92' lang='lat' dir='ltr'><strong>st</strong></span> <span class='ocrx_word' id='word_1_573' title='bbox 339 3683 470 3755; x_wconf 88' lang='lat' dir='ltr'><strong>aperiens</strong></span> <span class='ocrx_word' id='word_1_574' title='bbox 501 3684 660 3740; x_wconf 87' lang='lat' dir='ltr'><strong>clausuram</strong></span> <span class='ocrx_word' id='word_1_575' title='bbox 695 3684 854 3755; x_wconf 87' lang='lat' dir='ltr'><strong>magisterii</strong></span> <span class='ocrx_word' id='word_1_576' title='bbox 890 3685 1007 3755; x_wconf 85' lang='lat' dir='ltr'><strong>diaboli,</strong></span> <span class='ocrx_word' id='word_1_577' title='bbox 1062 3682 1181 3737; x_wconf 87' lang='lat' dir='ltr'><strong>mebant</strong></span> <span class='ocrx_word' id='word_1_578' title='bbox 1189 3682 1260 3738; x_wconf 90' lang='lat' dir='ltr'><strong>illud</strong></span> <span class='ocrx_word' id='word_1_579' title='bbox 1274 3681 1390 3749; x_wconf 88' lang='lat' dir='ltr'><strong>habere,</strong></span> <span class='ocrx_word' id='word_1_580' title='bbox 1406 3681 1486 3754; x_wconf 89' lang='lat' dir='ltr'><strong>quod</strong></span> <span class='ocrx_word' id='word_1_581' title='bbox 1498 3697 1556 3737; x_wconf 93' lang='lat' dir='ltr'><strong>uon</strong></span> <span class='ocrx_word' id='word_1_582' title='bbox 1572 3682 1640 3737; x_wconf 88' lang='lat' dir='ltr'><strong>licet</strong></span> <span class='ocrx_word' id='word_1_583' title='bbox 1653 3682 1693 3737; x_wconf 89' lang='lat' dir='ltr'><strong>sic</strong></span> <span class='ocrx_word' id='word_1_584' title='bbox 1707 3687 1792 3738; x_wconf 84' lang='lat' dir='ltr'><strong>stare.</strong></span> <span class='ocrx_word' id='word_1_585' title='bbox 1808 3682 1908 3739; x_wconf 85' lang='lat' dir='ltr'><strong>Unde:</strong></span> 
     </span>
     <span class='ocr_line' id='line_1_41' title="bbox 162 3768 1908 3842; baseline 0 -17"><span class='ocrx_word' id='word_1_586' title='bbox 162 3770 303 3826; x_wconf 87' lang='lat' dir='ltr'><strong>abluendo</strong></span> <span class='ocrx_word' id='word_1_587' title='bbox 334 3771 460 3841; x_wconf 81' lang='lat' dir='ltr'><strong>captivos</strong></span> <span class='ocrx_word' id='word_1_588' title='bbox 482 3771 514 3827; x_wconf 92' lang='lat' dir='ltr'><strong>in</strong></span> <span class='ocrx_word' id='word_1_589' title='bbox 546 3770 628 3827; x_wconf 79' lang='lat' dir='ltr'><strong>toute</strong></span> <span class='ocrx_word' id='word_1_590' title='bbox 661 3770 781 3827; x_wconf 80' lang='lat' dir='ltr'><strong>viventis</strong></span> <span class='ocrx_word' id='word_1_591' title='bbox 808 3787 901 3842; x_wconf 71' lang='lat' dir='ltr'><strong>aquae,</strong></span> <span class='ocrx_word' id='word_1_592' title='bbox 928 3777 957 3828; x_wconf 92' lang='lat' dir='ltr'><strong>tu</strong></span> <span class='ocrx_word' id='word_1_593' title='bbox 978 3790 1008 3829; x_wconf 93' lang='lat' dir='ltr'><strong>es</strong></span> <span class='ocrx_word' id='word_1_594' title='bbox 1062 3771 1169 3838; x_wconf 88' lang='lat' dir='ltr'><strong>Gaude,</strong></span> <span class='ocrx_word' id='word_1_595' title='bbox 1194 3770 1254 3824; x_wconf 87' lang='lat' dir='ltr'><strong>lilia</strong></span> <span class='ocrx_word' id='word_1_596' title='bbox 1277 3770 1354 3839; x_wconf 91' lang='lat' dir='ltr'><strong>Sion,</strong></span> <span class='ocrx_word' id='word_1_597' title='bbox 1382 3770 1451 3842; x_wconf 90' lang='lat' dir='ltr'><strong>quia</strong></span> <span class='ocrx_word' id='word_1_598' title='bbox 1484 3770 1559 3825; x_wconf 81' lang='lat' dir='ltr'><strong>Deus</strong></span> <span class='ocrx_word' id='word_1_599' title='bbox 1584 3770 1636 3825; x_wconf 86' lang='lat' dir='ltr'><strong>tibi</strong></span> <span class='ocrx_word' id='word_1_600' title='bbox 1667 3770 1774 3826; x_wconf 91' lang='lat' dir='ltr'><strong>multos</strong></span> <span class='ocrx_word' id='word_1_601' title='bbox 1801 3768 1908 3836; x_wconf 88' lang='lat' dir='ltr'><strong>reddit,</strong></span> 
     </span>
     <span class='ocr_line' id='line_1_42' title="bbox 160 3857 1912 3931; baseline 0.001 -18"><span class='ocrx_word' id='word_1_602' title='bbox 160 3857 318 3914; x_wconf 86' lang='lat' dir='ltr'><strong>clarissima</strong></span> <span class='ocrx_word' id='word_1_603' title='bbox 340 3858 388 3913; x_wconf 84' lang='lat' dir='ltr'><strong>lux</strong></span> <span class='ocrx_word' id='word_1_604' title='bbox 408 3857 439 3913; x_wconf 93' lang='lat' dir='ltr'><strong>in</strong></span> <span class='ocrx_word' id='word_1_605' title='bbox 461 3858 627 3929; x_wconf 88' lang='lat' dir='ltr'><strong>nigerrimis</strong></span> <span class='ocrx_word' id='word_1_606' title='bbox 655 3859 790 3928; x_wconf 89' lang='lat' dir='ltr'><strong>tenebris,</strong></span> <span class='ocrx_word' id='word_1_607' title='bbox 809 3858 1009 3918; x_wconf 87' lang='lat' dir='ltr'><strong>fortissimum·</strong></span> <span class='ocrx_word' id='word_1_608' title='bbox 1062 3876 1135 3931; x_wconf 91' lang='lat' dir='ltr'><strong>quos</strong></span> <span class='ocrx_word' id='word_1_609' title='bbox 1156 3874 1272 3931; x_wconf 86' lang='lat' dir='ltr'><strong>serpens</strong></span> <span class='ocrx_word' id='word_1_610' title='bbox 1294 3858 1330 3915; x_wconf 88' lang='lat' dir='ltr'><strong>de</strong></span> <span class='ocrx_word' id='word_1_611' title='bbox 1351 3864 1378 3914; x_wconf 91' lang='lat' dir='ltr'><strong>te</strong></span> <span class='ocrx_word' id='word_1_612' title='bbox 1400 3858 1568 3914; x_wconf 87' lang='lat' dir='ltr'><strong>abscindere</strong></span> <span class='ocrx_word' id='word_1_613' title='bbox 1594 3858 1695 3929; x_wconf 88' lang='lat' dir='ltr'><strong>voluit,</strong></span> <span class='ocrx_word' id='word_1_614' title='bbox 1720 3859 1771 3928; x_wconf 88' lang='lat' dir='ltr'><strong>qui</strong></span> <span class='ocrx_word' id='word_1_615' title='bbox 1787 3860 1912 3915; x_wconf 91' lang='lat' dir='ltr'><strong>nuncin</strong></span> 
     </span>
     <span class='ocr_line' id='line_1_43' title="bbox 161 3946 1913 4020; baseline 0.001 -18"><span class='ocrx_word' id='word_1_616' title='bbox 161 3959 218 4017; x_wconf 84' lang='lat' dir='ltr'><strong>que</strong></span> <span class='ocrx_word' id='word_1_617' title='bbox 239 3960 331 4015; x_wconf 86' lang='lat' dir='ltr'><strong>genus</strong></span> <span class='ocrx_word' id='word_1_618' title='bbox 356 3946 558 4002; x_wconf 86' lang='lat' dir='ltr'><strong>columnarum</strong></span> <span class='ocrx_word' id='word_1_619' title='bbox 580 3960 713 4017; x_wconf 88' lang='lat' dir='ltr'><strong>sponsam</strong></span> <span class='ocrx_word' id='word_1_620' title='bbox 735 3946 810 4019; x_wconf 80' lang='lat' dir='ltr'><strong>Agni</strong></span> <span class='ocrx_word' id='word_1_621' title='bbox 834 3952 1007 4018; x_wconf 88' lang='lat' dir='ltr'><strong>sustentans,</strong></span> <span class='ocrx_word' id='word_1_622' title='bbox 1062 3947 1165 4019; x_wconf 89' lang='lat' dir='ltr'><strong>majori</strong></span> <span class='ocrx_word' id='word_1_623' title='bbox 1178 3948 1242 4003; x_wconf 89' lang='lat' dir='ltr'><strong>luce</strong></span> <span class='ocrx_word' id='word_1_624' title='bbox 1265 3948 1376 4018; x_wconf 74' lang='lat' dir='ltr'><strong>fulgent</strong></span> <span class='ocrx_word' id='word_1_625' title='bbox 1399 3964 1487 4020; x_wconf 87' lang='lat' dir='ltr'><strong>quam</strong></span> <span class='ocrx_word' id='word_1_626' title='bbox 1507 3948 1588 4019; x_wconf 91' lang='lat' dir='ltr'><strong>prius</strong></span> <span class='ocrx_word' id='word_1_627' title='bbox 1602 3947 1720 4003; x_wconf 85' lang='lat' dir='ltr'><strong>illorum</strong></span> <span class='ocrx_word' id='word_1_628' title='bbox 1742 3963 1827 4002; x_wconf 87' lang='lat' dir='ltr'><strong>causa</strong></span> <span class='ocrx_word' id='word_1_629' title='bbox 1840 3947 1913 4003; x_wconf 82' lang='lat' dir='ltr'><strong>luis·</strong></span> 
     </span>
     <span class='ocr_line' id='line_1_44' title="bbox 161 4032 1910 4108; baseline 0.002 -21"><span class='ocrx_word' id='word_1_630' title='bbox 161 4032 193 4088; x_wconf 93' lang='lat' dir='ltr'><strong>in</strong></span> <span class='ocrx_word' id='word_1_631' title='bbox 207 4032 342 4089; x_wconf 90' lang='lat' dir='ltr'><strong>omnihus</strong></span> <span class='ocrx_word' id='word_1_632' title='bbox 367 4033 543 4089; x_wconf 88' lang='lat' dir='ltr'><strong>ornamentis</strong></span> <span class='ocrx_word' id='word_1_633' title='bbox 561 4034 660 4104; x_wconf 90' lang='lat' dir='ltr'><strong>ipsius,</strong></span> <span class='ocrx_word' id='word_1_634' title='bbox 680 4052 732 4106; x_wconf 90' lang='lat' dir='ltr'><strong>per</strong></span> <span class='ocrx_word' id='word_1_635' title='bbox 755 4037 836 4107; x_wconf 88' lang='lat' dir='ltr'><strong>cujus</strong></span> <span class='ocrx_word' id='word_1_636' title='bbox 856 4036 1006 4108; x_wconf 88' lang='lat' dir='ltr'><strong>gaudium,</strong></span> <span class='ocrx_word' id='word_1_637' title='bbox 1061 4041 1114 4091; x_wconf 90' lang='grc' dir='ltr'>ιιι.</span> <span class='ocrx_word' id='word_1_638' title='bbox 1129 4036 1230 4091; x_wconf 84' lang='lat' dir='ltr'><strong>Vivens</strong></span> <span class='ocrx_word' id='word_1_639' title='bbox 1249 4035 1329 4091; x_wconf 88' lang='lat' dir='ltr'><strong>enim</strong></span> <span class='ocrx_word' id='word_1_640' title='bbox 1343 4036 1392 4091; x_wconf 90' lang='lat' dir='ltr'><strong>lux</strong></span> <span class='ocrx_word' id='word_1_641' title='bbox 1414 4037 1449 4091; x_wconf 89' lang='lat' dir='ltr'><strong>de</strong></span> <span class='ocrx_word' id='word_1_642' title='bbox 1466 4035 1513 4091; x_wconf 89' lang='lat' dir='ltr'><strong>his</strong></span> <span class='ocrx_word' id='word_1_643' title='bbox 1535 4035 1624 4091; x_wconf 90' lang='lat' dir='ltr'><strong>dicit:</strong></span> <span class='ocrx_word' id='word_1_644' title='bbox 1650 4036 1822 4091; x_wconf 86' lang='lat' dir='ltr'><strong>Tortuosum</strong></span> <span class='ocrx_word' id='word_1_645' title='bbox 1847 4052 1910 4091; x_wconf 89' lang='lat' dir='ltr'><strong>ser-</strong></span> 
     </span>
     <span class='ocr_line' id='line_1_45' title="bbox 161 4120 1912 4197; baseline 0.002 -20"><span class='ocrx_word' id='word_1_646' title='bbox 161 4120 223 4191; x_wconf 86' lang='lat' dir='ltr'><strong>ipsu</strong></span> <span class='ocrx_word' id='word_1_647' title='bbox 236 4126 328 4176; x_wconf 89' lang='lat' dir='ltr'><strong>mater</strong></span> <span class='ocrx_word' id='word_1_648' title='bbox 343 4126 372 4177; x_wconf 90' lang='lat' dir='ltr'><strong>at</strong></span> <span class='ocrx_word' id='word_1_649' title='bbox 386 4122 468 4193; x_wconf 88' lang='lat' dir='ltr'><strong>virgo</strong></span> <span class='ocrx_word' id='word_1_650' title='bbox 483 4122 628 4193; x_wconf 90' lang='lat' dir='ltr'><strong>primaest</strong></span> <span class='ocrx_word' id='word_1_651' title='bbox 640 4122 805 4179; x_wconf 74' lang='lat' dir='ltr'><strong>vexillifera,</strong></span> <span class='ocrx_word' id='word_1_652' title='bbox 816 4127 915 4195; x_wconf 79' lang='lat' dir='ltr'><strong>Agnus</strong></span> <span class='ocrx_word' id='word_1_653' title='bbox 929 4124 1007 4179; x_wconf 83' lang='lat' dir='ltr'><strong>eninr</strong></span> <span class='ocrx_word' id='word_1_654' title='bbox 1061 4130 1178 4195; x_wconf 88' lang='lat' dir='ltr'><strong>pentem</strong></span> <span class='ocrx_word' id='word_1_655' title='bbox 1194 4123 1383 4179; x_wconf 79' lang='lat' dir='ltr'><strong>scandalizavi</strong></span> <span class='ocrx_word' id='word_1_656' title='bbox 1400 4123 1432 4179; x_wconf 91' lang='lat' dir='ltr'><strong>in</strong></span> <span class='ocrx_word' id='word_1_657' title='bbox 1445 4139 1497 4179; x_wconf 89' lang='lat' dir='ltr'><strong>sua</strong></span> <span class='ocrx_word' id='word_1_658' title='bbox 1511 4123 1706 4197; x_wconf 88' lang='lat' dir='ltr'><strong>suggestione,</strong></span> <span class='ocrx_word' id='word_1_659' title='bbox 1718 4140 1782 4196; x_wconf 80' lang='lat' dir='ltr'><strong>que</strong></span> <span class='ocrx_word' id='word_1_660' title='bbox 1795 4125 1912 4180; x_wconf 88' lang='lat' dir='ltr'><strong>nonita</strong></span> 
     </span>
     <span class='ocr_line' id='line_1_46' title="bbox 161 4208 1910 4285; baseline 0.002 -22"><span class='ocrx_word' id='word_1_661' title='bbox 161 4208 362 4265; x_wconf 86' lang='lat' dir='ltr'><strong>imnraculatus</strong></span> <span class='ocrx_word' id='word_1_662' title='bbox 383 4216 425 4265; x_wconf 89' lang='lat' dir='ltr'><strong>est</strong></span> <span class='ocrx_word' id='word_1_663' title='bbox 441 4226 588 4281; x_wconf 87' lang='lat' dir='ltr'><strong>sponsus:</strong></span> <span class='ocrx_word' id='word_1_664' title='bbox 612 4216 641 4267; x_wconf 88' lang='grc' dir='ltr'><strong>ιι</strong></span> <span class='ocrx_word' id='word_1_665' title='bbox 656 4228 759 4284; x_wconf 92' lang='lat' dir='ltr'><strong>sponsa</strong></span> <span class='ocrx_word' id='word_1_666' title='bbox 782 4213 844 4283; x_wconf 86' lang='lat' dir='ltr'><strong>ejus</strong></span> <span class='ocrx_word' id='word_1_667' title='bbox 869 4213 1006 4269; x_wconf 88' lang='lat' dir='ltr'><strong>immacu·</strong></span> <span class='ocrx_word' id='word_1_668' title='bbox 1025 4208 1147 4285; x_wconf 82' lang='lat' dir='ltr'><strong>Dpleue</strong></span> <span class='ocrx_word' id='word_1_669' title='bbox 1176 4211 1270 4268; x_wconf 85' lang='lat' dir='ltr'><strong>iuerat</strong></span> <span class='ocrx_word' id='word_1_670' title='bbox 1303 4211 1377 4267; x_wconf 90' lang='lat' dir='ltr'><strong>sicut</strong></span> <span class='ocrx_word' id='word_1_671' title='bbox 1400 4211 1449 4267; x_wconf 92' lang='lat' dir='ltr'><strong>ills</strong></span> <span class='ocrx_word' id='word_1_672' title='bbox 1477 4212 1668 4268; x_wconf 88' lang='lat' dir='ltr'><strong>existimabat.</strong></span> <span class='ocrx_word' id='word_1_673' title='bbox 1703 4212 1783 4268; x_wconf 87' lang='lat' dir='ltr'><strong>Unde</strong></span> <span class='ocrx_word' id='word_1_674' title='bbox 1811 4214 1910 4283; x_wconf 85' lang='lat' dir='ltr'><strong>juravi</strong></span> 
     </span>
     <span class='ocr_line' id='line_1_47' title="bbox 160 4296 1911 4373; baseline 0.003 -21"><span class='ocrx_word' id='word_1_675' title='bbox 160 4296 227 4353; x_wconf 88' lang='lat' dir='ltr'><strong>late.</strong></span> <span class='ocrx_word' id='word_1_676' title='bbox 244 4297 372 4370; x_wconf 84' lang='lat' dir='ltr'><strong>Itemque</strong></span> <span class='ocrx_word' id='word_1_677' title='bbox 386 4297 521 4355; x_wconf 86' lang='lat' dir='ltr'><strong>dicebat:</strong></span> <span class='ocrx_word' id='word_1_678' title='bbox 1059 4316 1112 4373; x_wconf 88' lang='lat' dir='ltr'><strong>per</strong></span> <span class='ocrx_word' id='word_1_679' title='bbox 1134 4316 1180 4355; x_wconf 88' lang='lat' dir='ltr'><strong>me</strong></span> <span class='ocrx_word' id='word_1_680' title='bbox 1200 4299 1308 4373; x_wconf 89' lang='lat' dir='ltr'><strong>ipsum,</strong></span> <span class='ocrx_word' id='word_1_681' title='bbox 1334 4300 1413 4371; x_wconf 91' lang='lat' dir='ltr'><strong>quod</strong></span> <span class='ocrx_word' id='word_1_682' title='bbox 1433 4300 1465 4355; x_wconf 92' lang='lat' dir='ltr'><strong>in</strong></span> <span class='ocrx_word' id='word_1_683' title='bbox 1479 4300 1524 4355; x_wconf 84' lang='lat' dir='ltr'><strong>his</strong></span> <span class='ocrx_word' id='word_1_684' title='bbox 1547 4300 1641 4355; x_wconf 87' lang='lat' dir='ltr'><strong>causis</strong></span> <span class='ocrx_word' id='word_1_685' title='bbox 1662 4300 1718 4356; x_wconf 81' lang='lat' dir='ltr'><strong>teci</strong></span> <span class='ocrx_word' id='word_1_686' title='bbox 1731 4299 1857 4373; x_wconf 88' lang='lat' dir='ltr'><strong>amplius</strong></span> <span class='ocrx_word' id='word_1_687' title='bbox 1880 4311 1911 4357; x_wconf 86' lang='lat' dir='ltr'><strong>et</strong></span> 
     </span>
    </p>

    <p class='ocr_par' dir='ltr' id='par_1_3' title="bbox 157 4385 1985 5525">
     <span class='ocr_line' id='line_1_48' title="bbox 196 4385 1911 4461; baseline 0.002 -21"><span class='ocrx_word' id='word_1_688' title='bbox 196 4386 218 4440; x_wconf 97' lang='lat'>0</span> <span class='ocrx_word' id='word_1_689' title='bbox 240 4385 467 4444; x_wconf 88' lang='lat' dir='ltr'><strong>victoriosissimi</strong></span> <span class='ocrx_word' id='word_1_690' title='bbox 489 4388 725 4460; x_wconf 80' lang='lat' dir='ltr'><strong>triumphatores,</strong></span> <span class='ocrx_word' id='word_1_691' title='bbox 750 4389 847 4461; x_wconf 91' lang='lat' dir='ltr'><strong>quiin</strong></span> <span class='ocrx_word' id='word_1_692' title='bbox 865 4391 1006 4461; x_wconf 84' lang='lat' dir='ltr'><strong>allusione</strong></span> <span class='ocrx_word' id='word_1_693' title='bbox 1060 4389 1193 4460; x_wconf 88' lang='lat' dir='ltr'><strong>amplius,</strong></span> <span class='ocrx_word' id='word_1_694' title='bbox 1210 4404 1299 4460; x_wconf 90' lang='lat' dir='ltr'><strong>quam</strong></span> <span class='ocrx_word' id='word_1_695' title='bbox 1312 4389 1436 4445; x_wconf 89' lang='lat' dir='ltr'><strong>ineis.0</strong></span> <span class='ocrx_word' id='word_1_696' title='bbox 1452 4404 1570 4460; x_wconf 89' lang='lat' dir='ltr'><strong>serpeus</strong></span> <span class='ocrx_word' id='word_1_697' title='bbox 1589 4395 1671 4443; x_wconf 89' lang='lat' dir='ltr'><strong>tuum</strong></span> <span class='ocrx_word' id='word_1_698' title='bbox 1686 4388 1825 4461; x_wconf 88' lang='lat' dir='ltr'><strong>gaudium</strong></span> <span class='ocrx_word' id='word_1_699' title='bbox 1840 4406 1911 4460; x_wconf 88' lang='lat' dir='ltr'><strong>pro·</strong></span> 
     </span>
     <span class='ocr_line' id='line_1_49' title="bbox 159 4473 1911 4550; baseline 0.002 -19"><span class='ocrx_word' id='word_1_700' title='bbox 159 4473 309 4546; x_wconf 84' lang='lat' dir='ltr'><strong>sauguinis</strong></span> <span class='ocrx_word' id='word_1_701' title='bbox 339 4475 426 4531; x_wconf 84' lang='lat' dir='ltr'><strong>vestri</strong></span> <span class='ocrx_word' id='word_1_702' title='bbox 446 4477 602 4532; x_wconf 87' lang='lat' dir='ltr'><strong>salutantes</strong></span> <span class='ocrx_word' id='word_1_703' title='bbox 630 4476 851 4533; x_wconf 75' lang='lat' dir='ltr'><strong>edificationem</strong></span> <span class='ocrx_word' id='word_1_704' title='bbox 876 4480 1006 4535; x_wconf 71' lang='lat' dir='ltr'><strong>Ecclesia</strong></span> <span class='ocrx_word' id='word_1_705' title='bbox 1060 4478 1150 4547; x_wconf 88' lang='lat' dir='ltr'><strong>deret,</strong></span> <span class='ocrx_word' id='word_1_706' title='bbox 1164 4477 1233 4550; x_wconf 88' lang='lat' dir='ltr'><strong>quia</strong></span> <span class='ocrx_word' id='word_1_707' title='bbox 1246 4478 1339 4533; x_wconf 90' lang='lat' dir='ltr'><strong>intua</strong></span> <span class='ocrx_word' id='word_1_708' title='bbox 1357 4477 1541 4550; x_wconf 86' lang='lat' dir='ltr'><strong>suggestione</strong></span> <span class='ocrx_word' id='word_1_709' title='bbox 1559 4479 1725 4549; x_wconf 86' lang='lat' dir='ltr'><strong>amputavi:</strong></span> <span class='ocrx_word' id='word_1_710' title='bbox 1743 4478 1821 4550; x_wconf 89' lang='lat' dir='ltr'><strong>quod</strong></span> <span class='ocrx_word' id='word_1_711' title='bbox 1834 4494 1911 4535; x_wconf 90' lang='lat' dir='ltr'><strong>nun·</strong></span> 
     </span>
     <span class='ocr_line' id='line_1_50' title="bbox 160 4562 1906 4639; baseline 0.002 -20"><span class='ocrx_word' id='word_1_712' title='bbox 160 4562 289 4619; x_wconf 89' lang='lat' dir='ltr'><strong>intrastis</strong></span> <span class='ocrx_word' id='word_1_713' title='bbox 316 4565 489 4636; x_wconf 86' lang='lat' dir='ltr'><strong>sanguinem</strong></span> <span class='ocrx_word' id='word_1_714' title='bbox 522 4564 610 4637; x_wconf 68' lang='lat' dir='ltr'><strong>ugni,</strong></span> <span class='ocrx_word' id='word_1_715' title='bbox 639 4567 790 4636; x_wconf 90' lang='lat' dir='ltr'><strong>epulantes</strong></span> <span class='ocrx_word' id='word_1_716' title='bbox 821 4584 886 4623; x_wconf 86' lang='lat' dir='ltr'><strong>cunr</strong></span> <span class='ocrx_word' id='word_1_717' title='bbox 916 4568 1005 4625; x_wconf 88' lang='lat' dir='ltr'><strong>vitulo</strong></span> <span class='ocrx_word' id='word_1_718' title='bbox 1059 4581 1146 4639; x_wconf 90' lang='lat' dir='ltr'><strong>quam</strong></span> <span class='ocrx_word' id='word_1_719' title='bbox 1156 4567 1393 4622; x_wconf 88' lang='lat' dir='ltr'><strong>iuventumsstin</strong></span> <span class='ocrx_word' id='word_1_720' title='bbox 1404 4565 1782 4637; x_wconf 60' lang='lat' dir='ltr'><strong>tuasaeviuqoturpissime</strong></span> <span class='ocrx_word' id='word_1_721' title='bbox 1792 4566 1906 4623; x_wconf 89' lang='lat' dir='ltr'><strong>illusor.</strong></span> 
     </span>
     <span class='ocr_line' id='line_1_51' title="bbox 159 4652 1908 4728; baseline 0.002 -21"><span class='ocrx_word' id='word_1_722' title='bbox 159 4652 264 4709; x_wconf 82' lang='grc' dir='ltr'>ιιιιιιι</span> <span class='ocrx_word' id='word_1_723' title='bbox 281 4653 303 4708; x_wconf 91' lang='lat'>0</span> <span class='ocrx_word' id='word_1_724' title='bbox 319 4668 405 4725; x_wconf 87' lang='lat' dir='ltr'><strong>quam</strong></span> <span class='ocrx_word' id='word_1_725' title='bbox 417 4669 551 4724; x_wconf 89' lang='lat' dir='ltr'><strong>magnam</strong></span> <span class='ocrx_word' id='word_1_726' title='bbox 567 4655 726 4711; x_wconf 88' lang='lat' dir='ltr'><strong>mercedem</strong></span> <span class='ocrx_word' id='word_1_727' title='bbox 736 4654 856 4723; x_wconf 89' lang='lat' dir='ltr'><strong>hebetis,</strong></span> <span class='ocrx_word' id='word_1_728' title='bbox 869 4656 1006 4728; x_wconf 90' lang='lat' dir='ltr'><strong>quiacor-</strong></span> <span class='ocrx_word' id='word_1_729' title='bbox 1094 4656 1222 4728; x_wconf 88' lang='lat' dir='ltr'><strong>itemque</strong></span> <span class='ocrx_word' id='word_1_730' title='bbox 1237 4671 1324 4711; x_wconf 89' lang='lat' dir='ltr'><strong>sonus</strong></span> <span class='ocrx_word' id='word_1_731' title='bbox 1344 4655 1403 4723; x_wconf 91' lang='lat' dir='ltr'><strong>ille,</strong></span> <span class='ocrx_word' id='word_1_732' title='bbox 1419 4661 1452 4710; x_wconf 92' lang='lat' dir='ltr'><strong>ut</strong></span> <span class='ocrx_word' id='word_1_733' title='bbox 1467 4670 1518 4710; x_wconf 91' lang='lat' dir='ltr'><strong>vox</strong></span> <span class='ocrx_word' id='word_1_734' title='bbox 1543 4654 1736 4710; x_wconf 85' lang='lat' dir='ltr'><strong>multitudinis</strong></span> <span class='ocrx_word' id='word_1_735' title='bbox 1751 4655 1782 4711; x_wconf 93' lang='lat' dir='ltr'><strong>in</strong></span> <span class='ocrx_word' id='word_1_736' title='bbox 1796 4656 1908 4711; x_wconf 87' lang='lat' dir='ltr'><strong>exhor·</strong></span> 
     </span>
     <span class='ocr_line' id='line_1_52' title="bbox 159 4741 1908 4817; baseline 0.001 -20"><span class='ocrx_word' id='word_1_737' title='bbox 159 4756 230 4811; x_wconf 85' lang='lat' dir='ltr'><strong>pore</strong></span> <span class='ocrx_word' id='word_1_738' title='bbox 254 4746 346 4795; x_wconf 87' lang='lat' dir='ltr'><strong>vestra</strong></span> <span class='ocrx_word' id='word_1_739' title='bbox 368 4741 495 4797; x_wconf 77' lang='lat' dir='ltr'><strong>viventes</strong></span> <span class='ocrx_word' id='word_1_740' title='bbox 522 4742 702 4813; x_wconf 85' lang='lat' dir='ltr'><strong>despexistis,</strong></span> <span class='ocrx_word' id='word_1_741' title='bbox 724 4742 868 4800; x_wconf 89' lang='lat' dir='ltr'><strong>imitantes</strong></span> <span class='ocrx_word' id='word_1_742' title='bbox 897 4759 1005 4817; x_wconf 89' lang='lat' dir='ltr'><strong>agnum</strong></span> <span class='ocrx_word' id='word_1_743' title='bbox 1059 4742 1166 4798; x_wconf 86' lang='lat' dir='ltr'><strong>tatione</strong></span> <span class='ocrx_word' id='word_1_744' title='bbox 1201 4742 1340 4798; x_wconf 88' lang='lat' dir='ltr'><strong>virtutum</strong></span> <span class='ocrx_word' id='word_1_745' title='bbox 1365 4743 1396 4797; x_wconf 92' lang='lat' dir='ltr'><strong>iu</strong></span> <span class='ocrx_word' id='word_1_746' title='bbox 1425 4742 1602 4814; x_wconf 86' lang='lat' dir='ltr'><strong>adjutorium</strong></span> <span class='ocrx_word' id='word_1_747' title='bbox 1629 4743 1791 4811; x_wconf 89' lang='lat' dir='ltr'><strong>hominum,</strong></span> <span class='ocrx_word' id='word_1_748' title='bbox 1825 4750 1854 4797; x_wconf 90' lang='grc' dir='ltr'><strong>ιι</strong></span> <span class='ocrx_word' id='word_1_749' title='bbox 1874 4743 1908 4798; x_wconf 91' lang='lat' dir='ltr'><strong>in</strong></span> 
     </span>
     <span class='ocr_line' id='line_1_53' title="bbox 159 4829 1905 4904; baseline 0.002 -20"><span class='ocrx_word' id='word_1_750' title='bbox 159 4829 221 4896; x_wconf 88' lang='lat' dir='ltr'><strong>Dei,</strong></span> <span class='ocrx_word' id='word_1_751' title='bbox 235 4834 371 4885; x_wconf 85' lang='lat' dir='ltr'><strong>ornantes</strong></span> <span class='ocrx_word' id='word_1_752' title='bbox 389 4845 506 4901; x_wconf 83' lang='lat' dir='ltr'><strong>poeuam</strong></span> <span class='ocrx_word' id='word_1_753' title='bbox 530 4831 601 4902; x_wconf 87' lang='lat' dir='ltr'><strong>ejus,</strong></span> <span class='ocrx_word' id='word_1_754' title='bbox 616 4832 647 4886; x_wconf 93' lang='lat' dir='ltr'><strong>in</strong></span> <span class='ocrx_word' id='word_1_755' title='bbox 664 4848 722 4904; x_wconf 89' lang='lat' dir='ltr'><strong>qua</strong></span> <span class='ocrx_word' id='word_1_756' title='bbox 740 4848 788 4887; x_wconf 89' lang='lat' dir='ltr'><strong>vos</strong></span> <span class='ocrx_word' id='word_1_757' title='bbox 803 4832 962 4889; x_wconf 86' lang='lat' dir='ltr'><strong>introduxit</strong></span> <span class='ocrx_word' id='word_1_758' title='bbox 973 4834 1005 4890; x_wconf 90' lang='lat' dir='ltr'><strong>iu</strong></span> <span class='ocrx_word' id='word_1_759' title='bbox 1058 4829 1284 4886; x_wconf 90' lang='lat' dir='ltr'><strong>contradictione</strong></span> <span class='ocrx_word' id='word_1_760' title='bbox 1302 4832 1529 4902; x_wconf 89' lang='lat' dir='ltr'><strong>repugnantium</strong></span> <span class='ocrx_word' id='word_1_761' title='bbox 1553 4830 1760 4887; x_wconf 88' lang='lat' dir='ltr'><strong>diabolicarum</strong></span> <span class='ocrx_word' id='word_1_762' title='bbox 1787 4832 1905 4901; x_wconf 89' lang='lat' dir='ltr'><strong>artium,</strong></span> 
     </span>
     <span class='ocr_line' id='line_1_54' title="bbox 159 4918 1907 4995; baseline 0.001 -22"><span class='ocrx_word' id='word_1_763' title='bbox 159 4918 399 4973; x_wconf 86' lang='lat' dir='ltr'><strong>restaurationem</strong></span> <span class='ocrx_word' id='word_1_764' title='bbox 421 4918 607 4975; x_wconf 76' lang='lat' dir='ltr'><strong>hereditatis.</strong></span> <span class='ocrx_word' id='word_1_765' title='bbox 625 4920 678 4975; x_wconf 87' lang='lat' dir='ltr'><strong>llos</strong></span> <span class='ocrx_word' id='word_1_766' title='bbox 698 4920 782 4977; x_wconf 88' lang='lat' dir='ltr'><strong>liores</strong></span> <span class='ocrx_word' id='word_1_767' title='bbox 801 4936 931 4977; x_wconf 88' lang='lat' dir='ltr'><strong>rosarum</strong></span> <span class='ocrx_word' id='word_1_768' title='bbox 954 4922 1005 4995; x_wconf 92' lang='lat' dir='ltr'><strong>qui</strong></span> <span class='ocrx_word' id='word_1_769' title='bbox 1057 4919 1212 4974; x_wconf 88' lang='lat' dir='ltr'><strong>virtutibus</strong></span> <span class='ocrx_word' id='word_1_770' title='bbox 1232 4918 1303 4974; x_wconf 89' lang='lat' dir='ltr'><strong>vitia</strong></span> <span class='ocrx_word' id='word_1_771' title='bbox 1317 4919 1532 4989; x_wconf 90' lang='lat' dir='ltr'><strong>superantibus,</strong></span> <span class='ocrx_word' id='word_1_772' title='bbox 1557 4924 1586 4975; x_wconf 90' lang='lat' dir='ltr'><strong>et</strong></span> <span class='ocrx_word' id='word_1_773' title='bbox 1599 4918 1768 4975; x_wconf 90' lang='lat' dir='ltr'><strong>hominibus</strong></span> <span class='ocrx_word' id='word_1_774' title='bbox 1786 4920 1907 4975; x_wconf 70' lang='lat' dir='ltr'><strong>undem</strong></span> 
     </span>
     <span class='ocr_line' id='line_1_55' title="bbox 159 5005 1908 5080; baseline 0.002 -20"><span class='ocrx_word' id='word_1_775' title='bbox 159 5005 190 5061; x_wconf 92' lang='lat' dir='ltr'><strong>in</strong></span> <span class='ocrx_word' id='word_1_776' title='bbox 204 5005 343 5061; x_wconf 72' lang='lat' dir='ltr'><strong>obtusione</strong></span> <span class='ocrx_word' id='word_1_777' title='bbox 365 5006 514 5079; x_wconf 88' lang='lat' dir='ltr'><strong>sanguinis</strong></span> <span class='ocrx_word' id='word_1_778' title='bbox 537 5006 623 5062; x_wconf 87' lang='lat' dir='ltr'><strong>vestri</strong></span> <span class='ocrx_word' id='word_1_779' title='bbox 640 5007 718 5063; x_wconf 89' lang='lat' dir='ltr'><strong>beati</strong></span> <span class='ocrx_word' id='word_1_780' title='bbox 738 5010 805 5064; x_wconf 91' lang='lat' dir='ltr'><strong>estis</strong></span> <span class='ocrx_word' id='word_1_781' title='bbox 825 5010 857 5065; x_wconf 91' lang='lat' dir='ltr'><strong>in</strong></span> <span class='ocrx_word' id='word_1_782' title='bbox 872 5010 1005 5067; x_wconf 86' lang='lat' dir='ltr'><strong>maximis</strong></span> <span class='ocrx_word' id='word_1_783' title='bbox 1058 5006 1156 5063; x_wconf 79' lang='lat' dir='ltr'><strong>divina</strong></span> <span class='ocrx_word' id='word_1_784' title='bbox 1168 5006 1357 5080; x_wconf 86' lang='lat' dir='ltr'><strong>inspiratione</strong></span> <span class='ocrx_word' id='word_1_785' title='bbox 1378 5008 1415 5063; x_wconf 89' lang='lat' dir='ltr'><strong>ed</strong></span> <span class='ocrx_word' id='word_1_786' title='bbox 1429 5007 1629 5079; x_wconf 78' lang='lat' dir='ltr'><strong>poenitentium</strong></span> <span class='ocrx_word' id='word_1_787' title='bbox 1654 5007 1852 5073; x_wconf 87' lang='lat' dir='ltr'><strong>redeuntibus,</strong></span> <span class='ocrx_word' id='word_1_788' title='bbox 1875 5009 1908 5063; x_wconf 91' lang='lat' dir='ltr'><strong>in</strong></span> 
     </span>
     <span class='ocr_line' id='line_1_56' title="bbox 158 5095 1907 5171; baseline 0 -18"><span class='ocrx_word' id='word_1_789' title='bbox 158 5095 282 5167; x_wconf 80' lang='lat' dir='ltr'><strong>gaudiis,</strong></span> <span class='ocrx_word' id='word_1_790' title='bbox 296 5096 491 5151; x_wconf 89' lang='lat' dir='ltr'><strong>redolentibus</strong></span> <span class='ocrx_word' id='word_1_791' title='bbox 505 5101 535 5153; x_wconf 90' lang='lat' dir='ltr'><strong>st</strong></span> <span class='ocrx_word' id='word_1_792' title='bbox 549 5096 716 5153; x_wconf 87' lang='lat' dir='ltr'><strong>sudantibus</strong></span> <span class='ocrx_word' id='word_1_793' title='bbox 728 5097 758 5153; x_wconf 93' lang='lat' dir='ltr'><strong>in</strong></span> <span class='ocrx_word' id='word_1_794' title='bbox 774 5098 920 5169; x_wconf 87' lang='lat' dir='ltr'><strong>emptione</strong></span> <span class='ocrx_word' id='word_1_795' title='bbox 939 5115 1003 5171; x_wconf 75' lang='lat' dir='ltr'><strong>quae</strong></span> <span class='ocrx_word' id='word_1_796' title='bbox 1057 5096 1210 5152; x_wconf 88' lang='lat' dir='ltr'><strong>harmonia</strong></span> <span class='ocrx_word' id='word_1_797' title='bbox 1223 5096 1264 5152; x_wconf 89' lang='lat' dir='ltr'><strong>sic</strong></span> <span class='ocrx_word' id='word_1_798' title='bbox 1283 5096 1439 5154; x_wconf 84' lang='lat' dir='ltr'><strong>clamabat:</strong></span> <span class='ocrx_word' id='word_1_799' title='bbox 1466 5099 1522 5153; x_wconf 77' lang='lat' dir='ltr'><strong>Nos</strong></span> <span class='ocrx_word' id='word_1_800' title='bbox 1534 5097 1655 5153; x_wconf 87' lang='lat' dir='ltr'><strong>virtutes</strong></span> <span class='ocrx_word' id='word_1_801' title='bbox 1672 5098 1703 5154; x_wconf 94' lang='lat' dir='ltr'><strong>in</strong></span> <span class='ocrx_word' id='word_1_802' title='bbox 1723 5099 1780 5154; x_wconf 78' lang='lat' dir='ltr'><strong>ileo</strong></span> <span class='ocrx_word' id='word_1_803' title='bbox 1794 5114 1907 5164; x_wconf 85' lang='lat' dir='ltr'><strong>sumus,</strong></span> 
     </span>
     <span class='ocr_line' id='line_1_57' title="bbox 158 5184 1985 5258; baseline 0.001 -18"><span class='ocrx_word' id='word_1_804' title='bbox 158 5184 239 5241; x_wconf 87' lang='lat' dir='ltr'><strong>lluxit</strong></span> <span class='ocrx_word' id='word_1_805' title='bbox 253 5184 288 5239; x_wconf 90' lang='lat' dir='ltr'><strong>da</strong></span> <span class='ocrx_word' id='word_1_806' title='bbox 311 5184 442 5240; x_wconf 89' lang='lat' dir='ltr'><strong>interiori</strong></span> <span class='ocrx_word' id='word_1_807' title='bbox 464 5191 559 5240; x_wconf 89' lang='lat' dir='ltr'><strong>mente</strong></span> <span class='ocrx_word' id='word_1_808' title='bbox 582 5185 705 5253; x_wconf 87' lang='lat' dir='ltr'><strong>consilii,</strong></span> <span class='ocrx_word' id='word_1_809' title='bbox 732 5186 916 5243; x_wconf 86' lang='lat' dir='ltr'><strong>manentibus</strong></span> <span class='ocrx_word' id='word_1_810' title='bbox 937 5192 1004 5243; x_wconf 89' lang='lat' dir='ltr'><strong>aute</strong></span> <span class='ocrx_word' id='word_1_811' title='bbox 1058 5191 1087 5240; x_wconf 90' lang='grc' dir='ltr'><strong>ιι</strong></span> <span class='ocrx_word' id='word_1_812' title='bbox 1099 5184 1130 5241; x_wconf 86' lang='grc' dir='ltr'><strong>ιι</strong></span> <span class='ocrx_word' id='word_1_813' title='bbox 1144 5187 1203 5243; x_wconf 84' lang='lat' dir='ltr'><strong>Deo</strong></span> <span class='ocrx_word' id='word_1_814' title='bbox 1218 5202 1369 5241; x_wconf 89' lang='lat' dir='ltr'><strong>manemus</strong></span> <span class='ocrx_word' id='word_1_815' title='bbox 1385 5203 1392 5241; x_wconf 81' lang='lat' dir='ltr'><strong><em>z</em></strong></span> <span class='ocrx_word' id='word_1_816' title='bbox 1410 5186 1481 5258; x_wconf 85' lang='lat' dir='ltr'><strong>Regi</strong></span> <span class='ocrx_word' id='word_1_817' title='bbox 1503 5202 1604 5258; x_wconf 89' lang='lat' dir='ltr'><strong>regum</strong></span> <span class='ocrx_word' id='word_1_818' title='bbox 1620 5187 1789 5257; x_wconf 85' lang='lat' dir='ltr'><strong>militamus,</strong></span> <span class='ocrx_word' id='word_1_819' title='bbox 1804 5191 1834 5242; x_wconf 90' lang='grc' dir='ltr'><strong>ιι</strong></span> <span class='ocrx_word' id='word_1_820' title='bbox 1846 5204 1908 5242; x_wconf 82' lang='lat' dir='ltr'><strong>ma·</strong></span> <span class='ocrx_word' id='word_1_821' title='bbox 1984 5193 1985 5228; x_wconf 62' lang='lat' dir='ltr'><strong>t</strong></span> 
     </span>
     <span class='ocr_line' id='line_1_58' title="bbox 157 5273 1908 5347; baseline -0.001 -17"><span class='ocrx_word' id='word_1_822' title='bbox 157 5290 250 5330; x_wconf 73' lang='lat' dir='ltr'><strong>arum</strong></span> <span class='ocrx_word' id='word_1_823' title='bbox 264 5273 295 5329; x_wconf 92' lang='lat' dir='ltr'><strong>in</strong></span> <span class='ocrx_word' id='word_1_824' title='bbox 311 5273 372 5341; x_wconf 93' lang='lat' dir='ltr'><strong>illo,</strong></span> <span class='ocrx_word' id='word_1_825' title='bbox 396 5273 427 5329; x_wconf 90' lang='lat' dir='ltr'><strong>in</strong></span> <span class='ocrx_word' id='word_1_826' title='bbox 441 5289 499 5345; x_wconf 87' lang='lat' dir='ltr'><strong>quo</strong></span> <span class='ocrx_word' id='word_1_827' title='bbox 515 5290 573 5329; x_wconf 93' lang='lat' dir='ltr'><strong>non</strong></span> <span class='ocrx_word' id='word_1_828' title='bbox 595 5278 657 5329; x_wconf 85' lang='lat' dir='ltr'><strong>erat</strong></span> <span class='ocrx_word' id='word_1_829' title='bbox 678 5274 855 5341; x_wconf 90' lang='lat' dir='ltr'><strong>constitutio,</strong></span> <span class='ocrx_word' id='word_1_830' title='bbox 877 5275 1003 5346; x_wconf 89' lang='lat' dir='ltr'><strong>acapite</strong></span> <span class='ocrx_word' id='word_1_831' title='bbox 1057 5276 1119 5331; x_wconf 90' lang='lat' dir='ltr'><strong>lum</strong></span> <span class='ocrx_word' id='word_1_832' title='bbox 1132 5292 1149 5331; x_wconf 92' lang='lat' dir='ltr'><strong>a</strong></span> <span class='ocrx_word' id='word_1_833' title='bbox 1164 5275 1240 5331; x_wconf 92' lang='lat' dir='ltr'><strong>bono</strong></span> <span class='ocrx_word' id='word_1_834' title='bbox 1262 5291 1438 5347; x_wconf 77' lang='lat' dir='ltr'><strong>separamus,</strong></span> <span class='ocrx_word' id='word_1_835' title='bbox 1460 5277 1532 5331; x_wconf 87' lang='lat' dir='ltr'><strong>Nam</strong></span> <span class='ocrx_word' id='word_1_836' title='bbox 1546 5276 1577 5331; x_wconf 92' lang='lat' dir='ltr'><strong>in</strong></span> <span class='ocrx_word' id='word_1_837' title='bbox 1594 5275 1688 5347; x_wconf 89' lang='lat' dir='ltr'><strong>prirno</strong></span> <span class='ocrx_word' id='word_1_838' title='bbox 1702 5290 1795 5347; x_wconf 88' lang='lat' dir='ltr'><strong>agone</strong></span> <span class='ocrx_word' id='word_1_839' title='bbox 1817 5292 1908 5347; x_wconf 89' lang='lat' dir='ltr'><strong>appa-</strong></span> 
     </span>
     <span class='ocr_line' id='line_1_59' title="bbox 158 5362 1905 5435; baseline -0.001 -17"><span class='ocrx_word' id='word_1_840' title='bbox 158 5364 195 5418; x_wconf 89' lang='grc' dir='ltr'><strong>ιιι</strong></span> <span class='ocrx_word' id='word_1_841' title='bbox 219 5363 315 5418; x_wconf 84' lang='grc' dir='ltr'>ιιιιι·</span> <span class='ocrx_word' id='word_1_842' title='bbox 332 5362 363 5417; x_wconf 91' lang='grc' dir='ltr'><strong>ιι</strong></span> <span class='ocrx_word' id='word_1_843' title='bbox 377 5362 520 5418; x_wconf 89' lang='lat' dir='ltr'><strong>consortio</strong></span> <span class='ocrx_word' id='word_1_844' title='bbox 548 5367 644 5418; x_wconf 87' lang='lat' dir='ltr'><strong>vestro</strong></span> <span class='ocrx_word' id='word_1_845' title='bbox 659 5378 666 5418; x_wconf 92' lang='lat'>:</span> <span class='ocrx_word' id='word_1_846' title='bbox 683 5363 734 5435; x_wconf 92' lang='lat' dir='ltr'><strong>qui</strong></span> <span class='ocrx_word' id='word_1_847' title='bbox 748 5364 816 5418; x_wconf 86' lang='lat' dir='ltr'><strong>estis</strong></span> <span class='ocrx_word' id='word_1_848' title='bbox 829 5363 1003 5419; x_wconf 87' lang='lat' dir='ltr'><strong>instrumsu·</strong></span> <span class='ocrx_word' id='word_1_849' title='bbox 1058 5363 1179 5431; x_wconf 88' lang='lat' dir='ltr'><strong>ruimus,</strong></span> <span class='ocrx_word' id='word_1_850' title='bbox 1210 5362 1258 5419; x_wconf 88' lang='lat' dir='ltr'><strong>ehi</strong></span> <span class='ocrx_word' id='word_1_851' title='bbox 1285 5363 1415 5420; x_wconf 81' lang='lat' dir='ltr'><strong>victrices</strong></span> <span class='ocrx_word' id='word_1_852' title='bbox 1440 5364 1599 5420; x_wconf 85' lang='lat' dir='ltr'><strong>exstitimus</strong></span> <span class='ocrx_word' id='word_1_853' title='bbox 1615 5379 1622 5419; x_wconf 93' lang='lat'>:</span> <span class='ocrx_word' id='word_1_854' title='bbox 1638 5363 1770 5419; x_wconf 86' lang='lat' dir='ltr'><strong>dumille</strong></span> <span class='ocrx_word' id='word_1_855' title='bbox 1784 5365 1905 5429; x_wconf 86' lang='lat' dir='ltr'><strong>corruit,</strong></span> 
     </span>
     <span class='ocr_line' id='line_1_60' title="bbox 157 5450 1985 5525; baseline 0.001 -20"><span class='ocrx_word' id='word_1_856' title='bbox 157 5454 221 5505; x_wconf 84' lang='lat' dir='ltr'><strong>tuus</strong></span> <span class='ocrx_word' id='word_1_857' title='bbox 235 5450 379 5519; x_wconf 81' lang='lat' dir='ltr'><strong>Ecclesiae,</strong></span> <span class='ocrx_word' id='word_1_858' title='bbox 393 5456 423 5505; x_wconf 90' lang='lat' dir='ltr'><strong>et</strong></span> <span class='ocrx_word' id='word_1_859' title='bbox 437 5450 487 5521; x_wconf 88' lang='lat' dir='ltr'><strong>qui</strong></span> <span class='ocrx_word' id='word_1_860' title='bbox 508 5450 539 5505; x_wconf 93' lang='lat' dir='ltr'><strong>in</strong></span> <span class='ocrx_word' id='word_1_861' title='bbox 561 5450 726 5509; x_wconf 88' lang='lat' dir='ltr'><strong>vulneribus</strong></span> <span class='ocrx_word' id='word_1_862' title='bbox 749 5452 835 5507; x_wconf 84' lang='lat' dir='ltr'><strong>vestri</strong></span> <span class='ocrx_word' id='word_1_863' title='bbox 854 5452 1004 5525; x_wconf 88' lang='lat' dir='ltr'><strong>sauguinis</strong></span> <span class='ocrx_word' id='word_1_864' title='bbox 1059 5453 1109 5525; x_wconf 89' lang='lat' dir='ltr'><strong>qui</strong></span> <span class='ocrx_word' id='word_1_865' title='bbox 1125 5468 1258 5524; x_wconf 89' lang='lat' dir='ltr'><strong>superse</strong></span> <span class='ocrx_word' id='word_1_866' title='bbox 1277 5454 1375 5508; x_wconf 86' lang='lat' dir='ltr'><strong>volare</strong></span> <span class='ocrx_word' id='word_1_867' title='bbox 1389 5454 1488 5509; x_wconf 88' lang='lat' dir='ltr'><strong>voluit.</strong></span> <span class='ocrx_word' id='word_1_868' title='bbox 1512 5454 1585 5525; x_wconf 73' lang='lat' dir='ltr'><strong>argo</strong></span> <span class='ocrx_word' id='word_1_869' title='bbox 1599 5452 1906 5520; x_wconf 88' lang='lat' dir='ltr'><strong>stnuncmilitemus,</strong></span> <span class='ocrx_word' id='word_1_870' title='bbox 1984 5471 1985 5474; x_wconf 43' lang='lat'>¹</span> 
     </span>
    </p>
   </div>
   <div class='ocr_carea' id='block_1_3' title="bbox 0 0 1996 6034">
    <p class='ocr_par' dir='ltr' id='par_1_4' title="bbox 0 0 1996 6034">
     <span class='ocr_line' id='line_1_61' title="bbox 0 0 1996 6034; baseline 0 3"><span class='ocrx_word' id='word_1_871' title='bbox 0 0 1996 6034; x_wconf 95' lang='lat' dir='ltr'><strong> </strong></span> 
     </span>
    </p>
   </div>
  </div>
 </body>
</html>
