3984 6034
126 254 178 307 723
860 250 889 305 S.
910 244 1150 305 ttttntttttttbts
1820 250 1875 305 lii

124 380 263 456 prodigiis
281 395 349 461 ¹cum
375 378 501 450 plurima
527 379 612 435 turbe
638 378 782 436 civitatem
805 378 970 453 Hierosoly·
987 378 1140 435 Avolebat
1161 378 1315 452 repentino
1330 382 1410 435 motu
1432 379 1522 437 boum
1545 377 1695 435 inaudita
1719 380 1874 435 verborum

125 486 203 527 mam
216 470 381 537 ascendens,
403 466 573 525 inttdelitate
596 466 712 524 illorum
734 468 783 542 qui
803 470 972 523 vestimenta
1025 473 1138 524 tautum
1166 470 1269 539 colare,
1297 472 1327 524 et
1351 483 1411 523 non
1444 468 1476 523 in
1511 467 1719 539 significatione
1749 468 1876 541 Spiritus

125 560 222 617 suain
245 558 291 613 ria
314 562 477 613 straverunt
501 557 603 625 occisa,
625 556 674 613 ubi
698 556 775 629 qnod
800 556 973 627 promiserat
1026 558 1116 614 sancti
1144 558 1316 613 conversari.
1352 557 1409 613 Sed
1431 556 1472 612 ita
1499 557 1637 613 tortitudo
1664 558 1726 628 eius
1754 557 1876 629 cognita

126 649 185 705 illia
209 664 261 720 par
293 646 433 702 miracula
465 646 600 715 reddidit,
633 646 738 717 quihus
763 662 816 717 per
838 661 972 718 sponsam
1026 661 1084 701 non
1111 648 1164 700 est.
1193 644 1301 701 Deinde
1340 643 1489 716 virginitas
1514 645 1594 699 velut
1627 645 1694 700 nori
1720 644 1804 700 innes
1825 645 1876 717 qni

126 753 208 794 snam
232 734 365 807 proditus
387 734 490 789 iuerat.
517 734 601 789 Elin
629 733 680 789 illo
702 735 813 789 terrore
836 750 972 806 sponsam
1026 749 1176 806 nunquam
1195 732 1227 789 in
1241 747 1327 805 opere
1341 733 1468 801 fuorunt,
1486 732 1561 787 siem
1588 736 1617 787 et
1642 732 1793 803 virginitas
1808 740 1877 788 aute

127 840 208 880 suam
224 822 360 892 deseruit,
376 838 441 877 cum
457 822 577 879 domum
599 822 660 893 ejus
679 822 820 879 desertam
848 823 972 879 derelin-
1026 838 1085 878 non
1108 826 1151 877 est
1173 820 1296 893 gloriose
1317 808 1436 887 habitat
1463 819 1599 874 nobiliter
1620 824 1714 874 erecta
1733 822 1786 885 eat,
1809 834 1876 890 quat

127 913 179 987 qui
194 911 406 986 prenuntiarit.
426 910 482 967 Sed
504 915 585 983 pater
604 926 716 983 sportam
737 910 822 981 illiue,
838 910 972 967 videlicet
1026 911 1150 982 ligatura
1191 908 1294 964 Filium
1329 906 1379 964 liai
1403 906 1515 962 fortiter
1550 906 1668 978 quidem
1694 905 1800 979 tetigit,
1825 906 1875 962 sed

127 1002 267 1059 diabolica
283 1000 428 1068 seductio;
442 998 491 1055 alii
515 1000 585 1068 viro,
616 999 643 1055 id
658 1001 701 1053 eet
727 998 890 1055 infidelitati
909 1015 972 1055 eam
1025 1002 1124 1054 tamen
1153 1012 1220 1053 aum
1244 997 1329 1067 plene
1358 1011 1417 1051 non
1450 994 1585 1050 ostendit.
1611 994 1664 1051 Sed
1693 994 1816 1051 Ecclesia
1844 1012 1875 1049 se

127 1088 286 1163 conjunxit,
312 1089 391 1144 Tunc
413 1087 500 1143 Filius
523 1087 574 1143 Dei
603 1090 709 1143 astutas
732 1088 842 1158 vulpes,
868 1088 974 1143 scilicet
1026 1103 1141 1143 sursum
1166 1086 1281 1158 erigens
1311 1084 1437 1141 dicebat:
1462 1086 1484 1140 0
1514 1100 1575 1152 vos,
1604 1082 1689 1139 amici
1727 1082 1795 1151 mei,
1827 1083 1875 1139 hm

127 1178 272 1251 apostolos
289 1176 394 1242 emisit,
420 1176 471 1249 qui
500 1175 568 1247 igne
600 1176 691 1231 sancti
720 1176 843 1249 Spiritus
864 1180 973 1248 segetes
1027 1175 1159 1233 maximae
1184 1174 1302 1230 virtutes
1327 1172 1426 1245 sponsi
1460 1172 1518 1227 mai
1550 1176 1627 1228 sunl.
1655 1172 1690 1227 Et
1718 1172 1812 1227 subito
1843 1172 1876 1227 in

125 1266 311 1323 inimicorum
328 1280 447 1320 suorum
472 1264 703 1333 combusserunt,
720 1266 807 1321 idest
827 1264 972 1338 quilcga·
1028 1281 1134 1336 magno
1152 1262 1274 1335 strepitu
1306 1261 1415 1317 mallus
1437 1260 1560 1333 populus
1589 1275 1677 1331 super
1711 1275 1778 1315 eum
1803 1257 1874 1326 ruit,

126 1354 166 1412 lia
187 1357 330 1426 praccepta
358 1352 395 1408 ad
420 1352 601 1424 spiritualem
625 1352 802 1409 intellectum
816 1356 972 1419 verterunt,
1027 1353 1141 1409 dicens:
1182 1354 1237 1408 Nos
1278 1350 1308 1405 in
1355 1349 1488 1405 maximis
1526 1348 1636 1404 viribus
1679 1349 1751 1420 ejus,
1778 1348 1876 1421 ipsum

127 1441 167 1497 ita
184 1442 335 1515 synagoga
350 1456 416 1496 cum
435 1445 517 1511 patre
538 1454 590 1494 suo
609 1439 767 1509 combusta,
789 1438 973 1512 seilicetper-
1027 1442 1165 1515 cepimus.
1188 1440 1242 1497 Sed
1265 1449 1318 1495 net
1340 1438 1380 1494 sio
1407 1438 1480 1494 vires
1503 1438 1566 1510 ejus
1588 1437 1776 1494 manifestatas
1797 1440 1876 1494 sunt.

126 1544 208 1587 versa
226 1528 393 1587 infidelitate
413 1528 571 1601 synagoga
591 1543 699 1583 eversa.
729 1526 836 1583 Deinde
860 1528 974 1601 magnis
1027 1534 1130 1588 Postea
1164 1530 1195 1586 in
1225 1534 1334 1601 septem
1365 1527 1447 1584 donis
1475 1526 1600 1599 Spiritus
1630 1527 1722 1582 sancti
1744 1524 1878 1582 velutin

124 1618 216 1691 signis
244 1620 273 1673 el
306 1616 455 1689 stupendis
485 1615 631 1672 miraculis
660 1616 825 1671 incredulos
849 1615 970 1685 occidit3
1027 1626 1137 1693 septem
1171 1618 1299 1675 omnihus
1329 1615 1408 1672 illius
1432 1615 1555 1671 Ecclesia
1579 1614 1700 1671 solidata
1725 1618 1777 1683 est,
1807 1613 1878 1684 ipsis

38 1734 44 1741 ·
125 1705 254 1779 itaqaod
271 1722 371 1763 omnes
386 1706 477 1761 multo
496 1709 614 1776 stupore
635 1709 883 1775 contremuerunt,
907 1721 973 1761 cnm
1027 1710 1094 1766 torti
1119 1709 1198 1765 olavo
1224 1708 1256 1762 in
1277 1706 1461 1762 firmamento
1485 1704 1712 1775 apostolicorum
1736 1702 1877 1774 pradica-

125 1793 252 1850 dicarant
274 1810 304 1849 aa
332 1794 434 1849 timere
456 1791 600 1848 Romanos
628 1792 736 1863 venno,
766 1797 795 1847 ct
826 1792 921 1847 lucum
946 1794 974 1847 st
1027 1796 1243 1855 toruminflxis.
1270 1796 1350 1851 Unde
1374 1794 1429 1850 rati
1457 1793 1525 1849 itaci
1552 1793 1606 1848 boc
1624 1793 1710 1848 modo
1732 1794 1877 1859 conexio,

125 1888 241 1955 gentem
254 1882 386 1953 iptorum
399 1881 508 1936 tollore·
522 1880 701 1952 Quapropter
716 1877 872 1936 concilium
888 1896 973 1936 auum
1028 1886 1151 1942 Ecclesia
1164 1882 1325 1939 clamabat:
1341 1883 1364 1939 0
1392 1897 1480 1954 quam
1506 1880 1586 1936 tortis
1614 1894 1736 1951 sponsus
1750 1893 1833 1934 meus
1848 1878 1879 1935 in

127 1975 376 2042 congregaverunt
403 1967 535 2025 utillum
561 1968 726 2040 perdurant,
747 1967 797 2024 sed
821 1968 882 2041 ipsc
908 1968 972 2023 abs·
1028 1978 1138 2047 septem
1170 1971 1297 2028 crinibus
1320 1970 1378 2026 suis
1403 1976 1453 2025 est.
1489 1971 1521 2026 Et
1548 1984 1649 2023 omnes
1674 1966 1774 2041 populi
1796 1966 1878 2023 ittam

127 2058 273 2115 conditae
303 2057 333 2113 in
353 2060 460 2125 monte,
477 2056 509 2111 in
529 2054 660 2111 oratione
680 2071 747 2111 cum
770 2055 877 2111 diceret
893 2061 936 2128 ut,
950 2055 974 2111 si
1029 2060 1188 2129 audientes,
1213 2058 1244 2115 in
1266 2075 1333 2114 eum
1357 2058 1516 2126 irruerunt,
1534 2063 1670 2130 putantes
1699 2056 1795 2129 ipsum
1820 2072 1880 2112 ma·

127 2147 308 2220 fiariposset,
323 2145 398 2201 calix
411 2144 460 2201 ille
484 2144 519 2199 ab
539 2159 572 2199 eo
591 2143 736 2199 transiret.
759 2144 813 2201 Sed
832 2144 919 2201 ludas
933 2146 973 2199 ls·
1026 2153 1104 2224 Jores
1117 2149 1192 2204 viras
1208 2163 1265 2203 non
1286 2146 1403 2203 habere.
1430 2147 1485 2203 Sed
1505 2151 1533 2202 et
1558 2146 1614 2201 hoc
1637 2147 1724 2201 modo
1752 2160 1809 2201 non
1834 2149 1879 2201 est

125 2234 267 2291 uariotlms
281 2232 409 2308 prodidit
422 2248 499 2300 aum,
527 2232 641 2287 tradens
660 2246 728 2287 eum
747 2232 778 2287 in
793 2247 897 2288 manus
918 2248 972 2288 aaa·
1029 2238 1127 2311 agnita
1154 2236 1292 2293 tortitudo
1320 2236 1420 2308 ipsius.
1452 2235 1560 2292 Dehinc
1596 2235 1703 2290 multas
1736 2235 1879 2306 lacrymas

126 2323 256 2379 sissimus
272 2322 458 2378 inimicorum
476 2336 604 2375 suorum.
621 2320 655 2376 Et
669 2320 731 2392 ipse
750 2320 809 2376 rim
827 2320 974 2377 tortitudi·
1030 2326 1153 2382 Ecclesia
1178 2325 1267 2393 tudit;
1292 2325 1360 2396 quia
1383 2323 1581 2380 fortitudinem
1604 2327 1710 2378 sanctie
1729 2322 1880 2378 trinitatis

126 2413 171 2469 nis
185 2428 245 2468 suae
264 2409 421 2478 abscondit,
451 2424 539 2481 quam
562 2408 593 2463 in
611 2408 701 2477 crine,
722 2408 751 2465 id
782 2408 869 2465 estin
892 2413 974 2482 patre
1029 2414 1183 2487 ignoravit,
1198 2413 1295 2469 dicens
1310 2413 1519 2469 humanitatem
1546 2411 1612 2466 Filii
1627 2411 1678 2465 Dei
1705 2408 1879 2482 sequidem

126 2518 179 2557 suo
193 2498 312 2567 habuit;
330 2514 394 2571 quaa
405 2497 484 2553 omni
498 2498 604 2570 populo
618 2497 719 2569 ignota
733 2500 785 2566 est,
802 2496 858 2552 nisi
883 2512 974 2570 quan·
1029 2504 1143 2571 vidisse,
1159 2502 1210 2558 sed
1229 2501 1408 2557 divinitatem
1436 2500 1527 2572 ipsius
1547 2500 1676 2555 nondum
1695 2499 1819 2571 perlecta
1832 2496 1879 2551 in·

125 2594 187 2645 tum
209 2588 239 2644 in
267 2586 325 2644 flde
339 2587 460 2660 capitur,
476 2586 566 2642 veluti
589 2590 619 2641 et
642 2584 739 2656 capilli
754 2584 785 2641 in
813 2585 905 2657 capite
919 2586 975 2642 ho·
1030 2592 1181 2648 tollerissc.
1201 2591 1280 2647 Unde
1293 2590 1355 2663 ipsa
1365 2594 1525 2645 commotus
1539 2590 1571 2644 in
1586 2588 1689 2644 dilecto
1703 2602 1754 2642 suo
1768 2586 1880 2641 toanna

126 2678 213 2734 minis
225 2676 368 2733 ridentur.
385 2676 487 2732 Postea
502 2690 568 2731 cum
583 2674 643 2745 pati
662 2674 754 2729 voluit
780 2674 838 2729 rim
860 2673 974 2731 tortitu·
1030 2685 1138 2735 secreta
1156 2684 1260 2735 sancire
1287 2678 1435 2735 Trinitatis
1466 2666 1608 2750 quantum
1638 2674 1749 2731 homini
1767 2674 1881 2731 licitum

126 2766 201 2823 dinis
215 2782 275 2821 auca
289 2764 425 2833 ostendit,
450 2762 582 2819 videlicet
614 2762 811 2818 mandibulam
832 2762 905 2817 asini
922 2766 976 2819 tol·
1030 2775 1092 2825 crat
1118 2768 1208 2824 scire:
1245 2767 1277 2822 in
1299 2768 1408 2823 honore
1423 2766 1515 2821 Patris
1535 2770 1564 2821 at
1586 2765 1617 2820 in
1640 2764 1742 2820 ardore
1756 2762 1882 2836 Spiritus

126 2856 269 2913 lanaeum
292 2852 405 2910 filiabus
423 2853 600 2909 Hierusalem
617 2852 787 2919 diceret,ne
807 2866 975 2923 supereum
1031 2858 1121 2913 sancti
1150 2856 1352 2912 manifestarit.
1388 2856 1422 2911 Et
1450 2855 1490 2910 ita
1523 2854 1555 2909 in
1586 2853 1731 2925 gremium
1764 2868 1882 2923 sponsas

126 2945 175 3001 sed
190 2960 277 3017 super
290 2959 320 2998 se
346 2942 423 3015 ipsas
451 2942 574 3009 ilarent3
599 2940 638 2997 ita
655 2940 718 2996 illas
733 2940 875 3009 occidens,
903 2940 976 2996 scili·
995 2968 1016 3023 C
1032 2965 1089 3013 scire
1110 2950 1196 3018 capnt
1220 2960 1306 3001 suum
1331 2945 1494 3000 reclinans:
1519 2943 1560 2998 ibi
1576 2958 1666 3014 usque
1694 2940 1730 2996 ad
1754 2941 1882 2996 maxima

128 3038 173 3091 cet
200 3036 340 3087 torrorem
372 3031 536 3085 luturorum
575 3029 720 3085 malorum
751 3028 793 3083 eis
829 3026 976 3085 verissima
1030 3036 1184 3091 schismata
1201 3050 1266 3106 qum
1295 3032 1399 3089 iutilia
1423 3030 1592 3104 perditionis
1616 3030 1804 3097 tuturcsuot,
1829 3043 1881 3081 ra-

128 3118 295 3193 pradieana.
322 3120 354 3175 Et
368 3118 408 3173 aio
429 3117 460 3173 in
474 3133 556 3173 cruta
572 3118 690 3185 fatigato
713 3132 779 3171 cum
794 3115 895 3184 sitiret,
913 3116 976 3172 sons
1030 3124 1173 3197 quiescat3
1196 3122 1238 3178 ihi
1260 3120 1397 3178 tortitudo
1418 3122 1481 3192 ejus
1503 3119 1612 3176 abrasis
1637 3117 1763 3173 crinibus
1784 3114 1880 3187 ipsius

128 3224 203 3266 vera}
217 3207 282 3263 fidei
299 3207 335 3264 de
355 3206 457 3279 gentili
478 3205 587 3277 populo
608 3204 770 3271 brumatin
792 3204 827 3259 dt
844 3219 901 3276 (1¹1⁰
915 3204 976 3277 ipse
1031 3211 1233 3269 abscindetur:
1252 3227 1319 3266 cum
1346 3210 1479 3266 homines
1502 3209 1533 3264 in
1558 3213 1690 3279 tempore
1720 3205 1770 3262 illo
1785 3205 1881 3275 magis

128 3298 228 3355 bibens
246 3312 304 3351 nou
319 3294 445 3364 erubuit,
461 3292 557 3349 dicens
580 3292 666 3349 etiam
690 3292 769 3364 quod
784 3292 824 3347 sic
838 3308 975 3348 consum-
1030 3301 1122 3356 tilium
1137 3298 1317 3371 perditionis,
1333 3314 1420 3370 quam
1435 3297 1532 3371 ipsum
1556 3294 1637 3368 sequi
1663 3292 1820 3349 studebunt
1834 3292 1881 3348 di·

129 3392 240 3442 matum
256 3388 339 3440 assat.
357 3382 436 3439 Unda
456 3396 522 3436 cum
533 3380 667 3453 spiritum
690 3379 795 3449 emisit,
818 3379 849 3435 in
865 3380 977 3451 gehen·
1031 3394 1148 3445 cantes:
1170 3387 1246 3452 Quid
1273 3390 1359 3454 cst,0
1385 3386 1471 3450 Dens,
1492 3382 1570 3455 quod
1598 3381 1668 3436 talia
1691 3385 1720 3436 et
1740 3383 1821 3435 una
1836 3380 1880 3434 mi

128 3492 207 3543 nam,
223 3473 354 3530 lid⁰li⁰⁸¹
373 3472 409 3527 Εὖ
430 3471 581 3526 mulifllfiffl
607 3468 788 3524 mssl'flfflfflm
815 3474 914 3540 P⁰⁵l⁰³
930 3470 977 3525 de·
1031 3477 1129 3533 recula
1158 3474 1311 3531 videmus?
1329 3473 1362 3530 Et
1390 3474 1431 3527 ita
1458 3470 1598 3527 fortitudo
1624 3468 1717 3541 ipsius
1736 3466 1882 3533 dilinitur,

130 3563 250 3633 scandit,
288 3560 412 3617 inimicis
455 3560 514 3614 suis
558 3574 624 3613 eum
664 3556 871 3626 obsidentibus,
911 3574 977 3613 curn
1031 3574 1097 3613 cum
1109 3557 1170 3628 jam
1190 3571 1257 3610 vcra
1284 3551 1410 3609 fidesic
1424 3552 1551 3608 caecitate
1580 3546 1759 3604 intldelitatis
1782 3546 1882 3621 obnu-

129 3652 259 3709 custodes
301 3650 337 3705 ad
387 3648 552 3720 sepulcrum
594 3645 684 3719 ipsius
732 3654 881 3717 ponerent,
926 3648 982 3703 sed
1030 3643 1250 3700 bilariridetur.
1267 3641 1321 3698 Sed
1344 3641 1420 3695 vires
1443 3639 1505 3712 ejus
1519 3639 1679 3709 resurgent,
1695 3628 1761 3691 aum
1783 3634 1883 3689 Enoch

131 3742 193 3813 ipsa
212 3756 228 3795 a
255 3744 348 3795 morte
372 3752 535 3808 resurgens,
557 3752 622 3791 cum
647 3735 759 3792 duabus
773 3736 874 3807 portis,
892 3736 921 3794 id
936 3741 979 3792 est
1033 3740 1061 3790 et
1079 3732 1152 3789 Elias
1168 3730 1364 3803 apparuerint.
1382 3730 1563 3800 Quapropter
1572 3724 1737 3798 superbiam
1752 3728 1781 3779 et
1805 3738 1883 3794 prce-

131 3846 197 3885 cum
214 3825 384 3900 specialibus
408 3825 505 3880 electis
527 3824 595 3887 suis,
619 3828 647 3878 et
675 3839 740 3879 cum
755 3825 902 3879 communi
926 3841 977 3897 po·
1032 3822 1226 3893 sumptionem
1250 3818 1363 3875 fortiter
1390 3817 1568 3885 concutiens,
1591 3815 1684 3869 tilium
1712 3810 1885 3883 perditionis

131 3919 201 3991 puto
216 3932 288 3989 quos
305 3930 339 3970 ex
353 3914 466 3970 interno
488 3912 628 3981 liberavit,
655 3912 767 3969 caeleste
787 3928 910 3984 regnum
924 3928 979 3985 pe·
1033 3926 1098 3966 cum
1115 3909 1250 3965 omnibus
1265 3906 1414 3963 diabolicis
1429 3905 1539 3960 artibus
1556 3907 1585 3958 et
1599 3901 1710 3957 crateris
1726 3899 1802 3955 vitiis
1818 3901 1884 3970 alus
1978 3953 1979 3960 ,

132 4004 205 4061 tivit.
233 4003 288 4059 Sed
307 4000 556 4072 siopuloherrima
571 4015 685 4071 sponsa,
709 4000 818 4055 scilicet
844 4000 977 4068 Ecclesia,
1033 3998 1158 4070 dejiciet,
1183 3997 1330 4068 multoque
1358 3991 1614 4051 duriusdiaboliea
1641 3990 1710 4045 vitia
1737 3993 1880 4057 conterat,

131 4091 187 4164 ipsi
207 4090 370 4161 conjuncta,
402 4087 621 4160 diligentissime
638 4088 674 4143 ab
700 4104 733 4144 eo
755 4088 888 4160 quaesivit
902 4104 978 4161 quo·
1032 4102 1099 4143 cum
1112 4087 1173 4157 jam
1196 4084 1321 4140 Ecclesia
1347 4099 1413 4138 cum
1437 4080 1599 4139 Christiano
1614 4079 1732 4135 nomine
1747 4078 1783 4133 de
1802 4092 1880 4149 praa·

132 4179 219 4237 modo
243 4176 444 4235 tortitudinem
466 4176 557 4247 ipsius
585 4192 758 4248 cognoscere
785 4182 891 4250 posset.
916 4178 979 4249 lpse
1034 4175 1108 4230 senti
1122 4179 1151 4231 et
1170 4171 1323 4245 temporali
1337 4170 1442 4227 seculo
1456 4170 1492 4225 ad
1507 4174 1615 4224 aeterna
1629 4165 1777 4227 transibit,
1793 4178 1884 4235 quam

132 4272 230 4325 autem
244 4267 318 4322 vires
344 4280 410 4321 suas
430 4264 458 4321 ei
479 4281 539 4321 non
560 4270 690 4337 repente,
715 4266 764 4321 aad
783 4265 924 4337 paulatim
947 4269 976 4321 et
995 4259 1115 4319 llantea
1136 4262 1236 4319 iecerit
1256 4276 1323 4317 cum
1347 4259 1440 4316 adhuc
1461 4257 1575 4314 divinus
1604 4255 1699 4311 cultus
1721 4253 1752 4308 in
1773 4251 1884 4307 mundo

132 4370 199 4411 cum
214 4353 383 4409 discretione
398 4353 519 4425 aperuit.
536 4352 696 4418 Quomodo.
1032 4352 1230 4425 temporaliter
1243 4350 1361 4422 rigeret.
1380 4348 1455 4413 Ouid
1473 4345 1548 4402 hoc?
1565 4344 1638 4410 Quia
1670 4358 1735 4397 curn
1747 4342 1808 4412 jam
1830 4356 1884 4395 sre-

169 4444 241 4500 Cum
268 4440 394 4514 primam
423 4440 589 4497 catholicam
621 4442 707 4497 tidem
731 4440 926 4515 percepissent
948 4442 978 4497 in
1033 4441 1130 4497 culum
1151 4442 1237 4494 finam
1258 4436 1387 4511 accipiet,
1411 4442 1479 4491 tunc
1498 4428 1881 4503 etdiaholicmperseoutio·

133 4530 223 4586 veteri
252 4530 315 4603 lage
342 4534 371 4585 at
396 4529 428 4585 in
456 4545 538 4598 nora,
564 4546 656 4602 usque
680 4530 718 4585 ad
744 4530 898 4602 perfectam
921 4546 980 4586 cor-
1033 4544 1085 4584 nes
1105 4532 1134 4583 at
1162 4528 1300 4584 virtutum
1324 4524 1487 4580 tortissimoe
1508 4520 1698 4592 operationes.
1731 4517 1762 4572 in
1786 4515 1883 4572 homi·

133 4620 292 4676 rectionem
307 4618 449 4691 putabant
464 4634 493 4674 se
523 4618 642 4690 quidam
664 4618 780 4674 illorum
795 4618 899 4675 debera
914 4634 979 4675 am·
1034 4617 1119 4673 nibus
1153 4616 1241 4671 etiam
1280 4612 1477 4685 temporaliter
1506 4608 1668 4666 cessabunt.
1699 4605 1754 4672 Qui
1784 4608 1883 4661 antam

134 4710 245 4773 butaro,
287 4724 352 4782 quae
379 4708 505 4780 ligatura
532 4706 713 4763 humentium
747 4722 900 4763 nervorum
931 4708 980 4763 sed
1033 4711 1130 4761 acutas
1155 4719 1240 4760 aures
1267 4701 1413 4758 interioris
1438 4699 1599 4755 intellectus
1637 4696 1742 4752 habet:
1773 4693 1821 4750 hic
1850 4692 1882 4748 in

134 4797 265 4854 nondum
282 4797 438 4868 perlectam
457 4795 614 4853 siomtetem
629 4795 798 4851 habentium
811 4798 880 4850 arat.
899 4795 979 4850 Unda
1033 4794 1151 4849 ardente
1174 4806 1272 4846 amore
1286 4788 1394 4861 speculi
1411 4786 1479 4853 mei,
1493 4786 1531 4841 ad
1553 4784 1640 4840 verba
1668 4782 1730 4838 haro
1753 4781 1881 4843 anhalet,

134 4884 257 4943 Ecclesia
279 4884 358 4943 rudis
385 4884 488 4953 adhuc,
512 4882 608 4940 multis
635 4883 726 4939 turbis
748 4882 880 4940 dicebat:
915 4882 980 4937 llaec
1034 4886 1063 4937 et
1077 4880 1153 4937 eain
1168 4876 1342 4935 couscientia
1361 4872 1508 4931 animisui
1521 4869 1692 4927 conscribat.

134 4980 178 5033 ast
191 4974 328 5031 tortitudo
349 4973 447 5046 sponsi
468 4972 535 5029 mai.
552 4972 587 5027 Et
613 4971 738 5045 populus
765 4971 827 5028 hacc
849 4968 978 5038 audiens,

766 5184 896 5259 VlSlO
942 5180 1240 5257 DUODECIMA.

133 5320 320 5377 Suaaaarna.
336 5344 372 5359 -
383 5312 502 5382 Quoain
513 5312 667 5369 moiraimo
682 5318 809 5385 tempore
819 5312 942 5367 mamus
959 5309 1061 5366 maltis
1073 5305 1290 5365 calamitatibus
1312 5304 1440 5385 utbomo
1455 5300 1487 5357 in
1503 5302 1573 5381 tora
1586 5296 1688 5353 mortis
1705 5294 1884 5352 duram.

170 5389 250 5455 Quod
263 5402 362 5445 omnes
386 5387 526 5441 crccrm
546 5387 664 5456 repente
683 5384 893 5440 commoventur
919 5384 948 5437 et
970 5379 1112 5453 qrddquid
1130 5379 1163 5433 ia
1180 5392 1247 5434 aare
1263 5376 1309 5432 oet
1330 5390 1362 5431 aa
1380 5389 1460 5445 aqua
1471 5372 1517 5429 ost
1539 5388 1581 5451 aa·
1598 5374 1677 5427 tarra
1695 5365 1822 5447 remla
1841 5369 1888 5446 ast

167 5460 257 5515 uitam
284 5458 382 5515 reddit
402 5458 431 5511 at
452 5456 528 5526 quod
542 5452 692 5525 feditatis
712 5456 756 5511 ert
782 5454 814 5510 ira
836 5452 879 5509 eia
899 5454 1056 5509 maneam.
1084 5450 1163 5517 caca
1183 5463 1306 5520 ampora
1327 5450 1505 5501 mortuorum
1528 5442 1691 5524 'mirque
1721 5440 1833 5518 {uersat
1854 5454 1887 5522 aa
1977 5511 1978 5514 Ἴ

168 5528 335 5603 intem-itata
354 5529 486 5600 corporis
498 5530 527 5583 et
541 5542 630 5582 mur
646 5529 693 5583 eui
709 5528 871 5599 resurgunt.
899 5524 940 5580 Da
956 5521 1081 5597 afflatis
1104 5524 1133 5576 et
1146 5536 1204 5576 non
1224 5516 1349 5592 aarum
1370 5516 1593 5588 resurgentium.
1620 5507 1699 5578 Quod
1724 5508 1818 5564 aaut
1836 5524 1887 5563 cra
