3984 6034
111 237 182 292 teat
662 233 821 292 rfltstca.
833 265 866 274 —-
880 235 946 292 ltili.
963 233 1016 305 ΙΙΙ,
1036 235 1082 292 DE
1100 235 1312 294 sueonibus,
1796 251 1861 303 tuae

111 374 144 424 et
160 370 211 425 illa
230 368 399 436 coriluudat,
415 373 445 423 et
457 371 527 422 tuuc
541 366 627 422 ctiam
642 367 761 438 accipiat
775 383 893 422 uranum
906 367 966 440 ple·
982 372 1005 421 Α
1019 367 1054 422 da
1076 367 1223 424 mousecho
1241 372 1291 424 tuo
1306 370 1409 440 aufert,
1435 374 1464 426 et
1479 372 1605 428 suaviter
1625 375 1804 447 aliquantum
1834 385 1861 430 ta·

112 473 184 513 nam
200 456 337 531 liquiricii
355 462 385 511 et
398 455 545 511 modicum
563 455 673 526 piperis
692 458 721 509 et
735 455 803 510 satis
817 455 853 510 da
866 457 962 519 melle,
1017 462 1122 528 purgat
1149 463 1180 511 ut
1203 457 1296 512 suavis
1311 459 1401 529 potio.
1426 459 1461 516 Et
1476 462 1499 516 si
1521 477 1635 518 necesse
1657 464 1803 532 habueris,
1818 464 1862 521 bis

113 552 146 600 et
160 545 222 600 hnc
233 546 263 600 iu
275 559 350 616 puro
368 545 437 598 uino
450 547 565 615 eoquat,
581 543 663 598 etsie
677 543 854 599 luterdranck
870 549 961 615 paret,
1016 547 1047 601 in
1062 560 1159 600 merrae
1178 545 1213 600 de
1235 546 1335 601 eodem
1360 563 1452 616 saraae,
1475 555 1504 606 et
1532 567 1565 605 aa
1589 551 1635 607 die
1650 569 1707 624 qua
1730 553 1862 620 sumis,a

112 639 282 706 etpransus
301 637 331 687 at
351 631 387 687 ed
410 640 523 686 noctem
546 646 622 702 saepe
643 630 733 700 hibat,
753 635 782 687 et
800 632 963 688 anhelitum
1016 633 1082 689 lorti
1109 633 1182 703 cibo,
1213 638 1274 690 eta
1294 635 1433 707 saligenio
1449 655 1534 709 pane,
1552 642 1698 712 etapisa,
1713 643 1861 698 etalente

115 723 182 795 eJ‘us
201 724 277 779 bene
291 722 419 778 olentem
433 720 538 790 reddit,
553 725 584 776 et
602 721 786 791 putredinem
805 737 821 777 a
842 737 963 795 corpore
1016 725 1043 777 te
1055 721 1183 788 observa,
1195 728 1223 778 et
1236 723 1338 779 molles
1352 725 1430 779 cibos
1444 728 1572 796 comede,
1590 729 1689 784 vinum
1705 729 1780 785 hibe.

113 818 145 868 et
157 817 273 884 pectore
284 810 388 867 aufert
1051 810 1154 867 Sedet
1173 811 1224 884 qul
1248 811 1279 866 in
1292 817 1408 883 pectore
1422 813 1512 882 dolet,
1533 815 1573 870 ita
1592 817 1669 887 quod
1688 821 1787 888 guttur
1800 819 1862 891 ejus

151 899 207 955 Sed
230 898 277 954 cui
291 896 441 954 vermiculi
454 896 487 952 in
503 897 651 952 stomacho
672 903 702 954 et
725 898 756 952 in
777 902 876 954 ventre
890 914 963 954 cras·
1016 900 1196 972 aliquantum
1213 900 1395 956 constrictum
1413 906 1465 968 est,
1480 903 1524 957 vel
1543 903 1622 974 quod
1644 905 1675 959 in
1699 921 1733 960 eo
1753 906 1862 978 aliquid

111 992 194 1055 cunt,
209 987 335 1043 radicem
359 991 390 1042 et
409 985 479 1041 folia
506 987 647 1042 bathemen
664 986 833 1058 pulverizet,
848 993 877 1043 at
896 986 963 1043 huic
1015 989 1084 1044 mali
1103 987 1213 1052 crescit,
1233 989 1275 1043 rel
1291 989 1367 1061 quod
1395 990 1424 1045 iu
1446 1006 1481 1046 eo
1508 992 1626 1063 quidam
1647 992 1739 1048 melus
1759 1010 1859 1066 vapor,

110 1076 201 1133 addat
227 1076 272 1132 bis
302 1080 416 1130 tautum
453 1074 489 1130 de
515 1075 635 1146 pulvere
672 1074 809 1132 loliorum
847 1076 962 1146 persici,
1015 1077 1045 1133 id
1063 1077 1222 1148 eetdamplt
1241 1083 1294 1145 est,
1320 1078 1428 1149 absque
1451 1077 1546 1134 ulcere
1565 1087 1594 1136 et
1616 1079 1722 1153 absque
1737 1088 1860 1152 tremore,

113 1171 232 1238 sumpte
249 1179 315 1221 cum
335 1166 396 1237 jam
416 1162 503 1219 flores
515 1163 632 1231 emittit,
647 1168 676 1220 et
688 1163 720 1220 in
736 1179 811 1220 aava
826 1165 882 1220 olla
899 1180 963 1220 cnm
1015 1166 1137 1237 accipiat
1150 1166 1228 1222 dca'cls
1241 1166 1276 1222 de
1290 1167 1396 1234 tritico,
1421 1172 1451 1222 et
1466 1171 1529 1237 litas
1553 1169 1589 1224 de
1606 1170 1718 1240 persico
1739 1171 1862 1243 desuper

112 1253 193 1310 hono
214 1258 245 1309 et
261 1267 337 1325 puro
354 1253 422 1308 vino
438 1257 555 1326 coquat,
569 1256 599 1307 et
609 1252 727 1325 jejunus
741 1258 771 1308 et
787 1253 824 1308 ad
848 1259 961 1308 noctem
1015 1257 1130 1323 suficere
1151 1257 1190 1309 ita
1219 1255 1344 1311 calidum
1365 1271 1453 1326 super
1471 1261 1570 1328 guttur
1589 1272 1674 1314 suum
1695 1262 1724 1314 et
1745 1275 1860 1332 parram

113 1357 192 1413 saepe
211 1341 301 1410 hibat,
326 1347 358 1398 et
378 1356 491 1397 vermes
505 1341 535 1396 in
550 1357 585 1397 eo
607 1342 779 1409 morientur,
806 1341 840 1397 Et
853 1342 964 1397 inactus
1016 1343 1118 1398 horam
1132 1349 1230 1416 ponet,
1254 1349 1283 1399 et
1296 1342 1351 1400 hoc
1368 1360 1444 1415 saepe
1466 1345 1559 1407 faeiat,
1575 1351 1604 1400 ct
1618 1347 1721 1402 melias
1733 1347 1859 1403 habehit.

112 1431 244 1500 ejusdem
258 1430 368 1485 arboris
384 1445 438 1484 nec
455 1444 525 1484 sano
546 1445 599 1484 nec
621 1430 739 1486 infirmo
752 1429 788 1485 ad
807 1431 963 1486 comeden-
1017 1433 1156 1489 Stantem
1174 1433 1203 1488 in
1218 1439 1334 1503 gutture
1348 1433 1383 1488 de
1397 1434 1493 1488 calcare
1518 1438 1567 1488 ant
1588 1434 1623 1489 de
1639 1441 1752 1490 tumore
1772 1437 1860 1506 dalet,

113 1519 185 1574 dum
199 1519 287 1586 valet,
303 1518 371 1590 quia
389 1519 483 1574 bonos
503 1519 641 1573 humores
659 1518 689 1574 in
709 1518 828 1573 homine
847 1519 964 1574 destitui
1016 1527 1084 1574 tunc
1099 1519 1125 1575 ei
1141 1535 1199 1576 non
1219 1527 1406 1592 superponet,
1431 1521 1499 1592 quia
1521 1521 1590 1576 inde
1609 1523 1726 1578 doleret.
1743 1524 1860 1589 Quodsi

111 1612 141 1663 et
154 1608 217 1662 stim
235 1608 266 1662 iu
281 1608 431 1663 stomacho
444 1607 506 1676 ejus
521 1605 614 1662 laniet.
636 1606 691 1662 Sed
715 1612 742 1661 et
757 1607 807 1679 qui
827 1607 960 1663 eumdem
982 1610 1103 1706 B'atiam
1126 1609 1214 1666 horno
1229 1609 1259 1665 in
1281 1609 1474 1665 halsedruszen
1497 1610 1587 1676 dolet,
1611 1611 1651 1665 ita
1674 1612 1750 1684 quod
1774 1629 1861 1684 supra

111 1696 239 1752 tractum
276 1694 428 1751 comedere
463 1695 594 1763 voluerit,
627 1695 799 1750 exteriorem
826 1695 961 1750 corticem
1017 1698 1134 1753 modum
1155 1703 1204 1753 aut
1224 1703 1377 1754 contractae
1394 1704 1444 1752 aut
1466 1699 1607 1754 distinctae
1628 1706 1704 1768 siant,
1726 1703 1859 1758 eumdem

112 1783 239 1855 abjiciat,
256 1788 286 1839 et
297 1784 384 1839 aliam
399 1783 533 1839 nucleum
548 1783 667 1848 aulerat,
684 1788 713 1838 et
727 1783 805 1854 quad
816 1783 959 1853 reliquum
1016 1786 1100 1854 deici,
1129 1793 1162 1842 ut
1180 1787 1331 1859 praelatum
1351 1792 1393 1842 est
1417 1792 1548 1858 paratum
1565 1789 1607 1843 cis
1623 1803 1697 1860 saepe
1718 1805 1859 1862 superpo-

110 1877 155 1926 est
171 1873 202 1927 in
218 1872 317 1926 viuum
332 1878 431 1944 ponat,
452 1872 511 1926 eale
525 1877 556 1927 et
569 1871 681 1926 modico
695 1872 796 1943 pipere
810 1872 918 1937 addito,
933 1876 961 1926 at
1014 1879 1075 1941 nat,
1091 1875 1115 1930 si
1141 1876 1182 1930 ihi
1205 1875 1285 1930 ulcus
1305 1881 1355 1930 aut
1373 1883 1471 1931 tumor
1494 1882 1546 1940 est,
1570 1881 1598 1932 et
1619 1877 1777 1946 curabitur,
1792 1879 1860 1951 qnia

110 1975 178 2016 enin
195 1961 250 2015 hoc
273 1962 359 2015 ruodo
372 1965 506 2031 paratum
529 1974 588 2014 non
609 1961 733 2014 multum
751 1956 837 2026 ledit,
852 1959 902 2014 sed
917 1964 959 2014 ta·
1016 1963 1038 2017 si
1058 1965 1206 2019 halsadern
1227 1965 1288 2035 eins
1312 1969 1361 2019 aut
1381 1965 1516 2020 ulcerata
1539 1971 1644 2034 esseut,
1667 1971 1719 2021 aut
1738 1967 1761 2021 si
1783 1967 1859 2023 intu-

111 2063 180 2104 men
194 2049 303 2104 bonnm
326 2064 458 2118 saporem
473 2046 514 2102 sic
528 2063 587 2102 nou
607 2047 702 2103 habet.
725 2048 830 2118 Accipe
843 2063 959 2120 quoquc
1015 2057 1184 2119 mescerent,
1214 2057 1244 2107 et
1269 2059 1338 2107 tunc
1360 2053 1402 2107 eis
1428 2053 1516 2108 istum
1541 2053 1618 2109 deick
1644 2061 1859 2128 superponeret,

111 2135 265 2190 interiores
283 2137 371 2191 rades
385 2136 504 2190 nucleos
517 2134 647 2205 ejusdem
662 2134 782 2202 tructas,
803 2140 832 2189 et
851 2135 960 2206 abjecta
1014 2140 1080 2196 inde
1094 2142 1176 2212 pejus
1194 2139 1322 2196 haberet.
1337 2141 1391 2196 Sed
1402 2141 1451 2213 qui
1471 2142 1502 2197 in
1521 2142 1616 2213 capite
1629 2142 1715 2208 dotet,
1731 2145 1858 2200 triticum

109 2225 215 2280 cortice
228 2240 277 2279 eos
289 2223 328 2280 ad
347 2224 389 2280 lac
401 2223 547 2279 contunde
567 2231 598 2278 et
612 2238 808 2294 perpennam
830 2224 959 2295 exprime
1013 2229 1090 2284 aaut
1104 2228 1234 2300 accipiat,
1248 2231 1312 2298 ttius
1338 2229 1442 2300 persici
1460 2230 1584 2301 desuper
1602 2233 1720 2294 zulasze,
1739 2236 1772 2287 ut
1785 2247 1858 2304 prte-

110 2312 148 2368 ad
168 2327 334 2368 mensuram
350 2313 481 2384 quinque
499 2311 693 2379 coclearium3
717 2317 746 2367 et
758 2314 846 2367 etiam
863 2312 959 2384 accipe
1015 2318 1122 2373 dietum
1146 2321 1199 2383 eet,
1220 2322 1249 2371 et
1276 2317 1315 2372 ita
1337 2317 1461 2374 calidum
1477 2319 1577 2374 vertici
1599 2335 1662 2388 suo,
1683 2319 1712 2375 id
1727 2326 1771 2375 est
1784 2321 1858 2376 salie-

110 2401 264 2470 qctpanad
281 2400 496 2472 pondustrium
522 2415 719 2466 nummorum,
735 2409 765 2454 et
785 2399 958 2471 liquiricium
1014 2405 1077 2461 data
1098 2421 1151 2476 per
1171 2406 1297 2477 aliquam
1315 2406 1417 2461 horam
1441 2413 1626 2479 superponat,
1643 2413 1671 2464 et
1689 2409 1859 2465 meliusba-

111 2489 235 2544 duorum
262 2504 461 2558 nummorum,
477 2495 506 2545 et
519 2489 710 2562 euphorbium
727 2488 811 2542 unius
825 2489 915 2558 obuli,
931 2495 961 2544 et
1014 2493 1103 2549 babit.
1129 2492 1164 2549 Et
1193 2492 1239 2547 cui
1261 2493 1337 2549 ocvali
1357 2494 1531 2563 humectant,
1554 2496 1666 2566 grimmi
1688 2496 1723 2552 de
1749 2497 1859 2568 persico

110 2579 269 2650 pulveriza,
285 2583 314 2634 et
333 2578 472 2650 praedicto
489 2577 556 2632 lacti
570 2578 737 2633 nucleorum
756 2577 871 2633 illorum
886 2578 959 2634 adde
1015 2583 1056 2635 sol
1072 2581 1107 2636 de
1122 2587 1195 2636 testa
1215 2582 1296 2636 nucis
1321 2581 1479 2652 imprimat,
1503 2587 1533 2637 et
1546 2598 1609 2638 eam
1624 2583 1660 2638 ad
1677 2583 1801 2655 ignitum
1817 2585 1857 2640 la·

110 2670 310 2740 sprinqacurtz,
332 2673 362 2722 et
384 2667 509 2723 farinula
529 2667 638 2722 semite
661 2667 808 2722 tortellum
832 2683 910 2738 para,
930 2671 959 2722 et
1014 2671 1110 2742 pidem
1128 2669 1239 2725 modice
1264 2669 1428 2725 calefactam
1448 2670 1537 2726 aculis
1555 2672 1761 2744 circumponat,
1788 2674 1857 2729 dum

113 2771 180 2811 eum
195 2762 246 2812 aut
270 2757 305 2813 ad
326 2757 427 2825 solem,
444 2762 494 2812 aut
508 2754 684 2824 calefactam!
696 2755 839 2811 fornacem
862 2757 960 2828 paula·
1014 2756 1048 2811 uh
1062 2757 1112 2812 illo
1135 2757 1321 2824 incalescant,
1337 2763 1366 2813 et
1384 2757 1437 2812 hoc
1452 2775 1566 2832 semper
1580 2768 1682 2831 quarta
1700 2761 1746 2816 die
1764 2767 1792 2817 et
1815 2779 1857 2818 sc.

108 2844 163 2900 tim
180 2850 209 2901 et
223 2847 351 2902 suaviter
364 2845 448 2914 sicca,
464 2850 493 2900 et
507 2849 576 2900 tunc
591 2843 738 2900 decadem
755 2845 869 2902 tortello
884 2861 957 2916 pre·
1014 2847 1068 2901 mel
1083 2846 1114 2901 in
1125 2845 1171 2902 die
1184 2845 1278 2912 leniat,
1295 2862 1332 2901 ne
1346 2846 1370 2901 ei
1383 2846 1439 2902 sibi
1451 2863 1539 2918 supra
1554 2849 1670 2904 modum
1686 2849 1794 2918 lecerit,
1811 2867 1858 2906 eos

111 2932 170 2989 tato
185 2934 251 2990 lacti
268 2935 303 2990 ad
319 2933 433 3006 pondus
453 2934 530 2989 oboli
551 2931 714 3000 commisce,
731 2938 761 2988 et
779 2933 819 2988 sic
833 2939 899 2989 ante
913 2951 956 2990 so·
977 2935 1108 2997 cludet.
1126 2935 1197 2990 Nam
1217 2936 1328 3006 gummi
1342 2935 1377 2991 de
1392 2936 1501 3006 persico
1522 2953 1555 2992 ac
1581 2937 1616 2992 de
1639 2938 1733 3009 prima
1753 2939 1858 2995 virtute

109 3023 146 3080 lis
161 3029 257 3080 ortum
279 3024 314 3079 ad
330 3025 426 3097 ignem
445 3023 527 3096 prius
545 3024 658 3079 modice
677 3022 812 3080 calefacto
826 3025 862 3080 ad
883 3041 956 3096 pou·
1012 3037 1115 3077 corum
1130 3022 1275 3093 lignorum
1290 3037 1406 3078 suorum
1430 3023 1461 3078 iu
1485 3039 1515 3078 ee
1538 3022 1634 3088 habet,
1650 3028 1679 3077 et
1697 3025 1855 3079 naturalem

109 3114 164 3170 dus
186 3113 315 3184 quinque
338 3127 528 3168 nummorum
550 3111 670 3166 cocleari
692 3112 728 3167 de
747 3112 809 3184 ipso
821 3129 913 3182 sume,
928 3121 958 3170 et
1014 3107 1213 3165 humiditatem
1229 3109 1258 3163 iu
1269 3125 1299 3164 se
1314 3109 1402 3164 trahit
1417 3109 1466 3180 (l).

110 3207 139 3257 te
154 3200 190 3257 ad
205 3201 310 3257 lectum
326 3201 362 3257 ed
387 3218 504 3274 parrana
519 3201 620 3257 horam
639 3217 725 3272 poue,
747 3187 867 3270 et'ctcta
884 3202 915 3259 in
928 3209 956 3260 te
1145 3199 1210 3254 Cae.
1233 3199 1276 3253 Vl.
1296 3225 1333 3240 -
1351 3198 1391 3253 Da
1409 3199 1516 3254 Gaesao
1535 3197 1573 3269 (t,
1595 3197 1656 3270 llll,
1675 3197 1730 3270 til.

112 3290 281 3363 compescit,
302 3295 331 3345 et
349 3289 452 3360 dumph
475 3289 601 3361 pectoris
620 3289 662 3344 tui
674 3289 778 3358 aufert,
793 3295 880 3380 atqua
894 3290 956 3344 stim
1046 3290 1168 3346 Cerasus
1193 3287 1259 3359 plus
1282 3286 1374 3343 aalide
1391 3301 1478 3358 qnam
1503 3288 1724 3359 l1·igidaest,et
1744 3287 1780 3344 ad
1799 3289 1858 3361 ple-

148 3413 186 3486 (t)
211 3415 284 3470 tidit.
300 3432 311 3468 .-
329 3435 344 3465 «
367 3411 497 3468 Persicus
519 3412 612 3468 calida
629 3417 681 3468 est.
708 3413 799 3468 llomo
820 3411 866 3467 cui
881 3412 957 3468 oculi
1011 3409 1077 3464 dam
1102 3409 1226 3466 fructum
1248 3409 1399 3466 comedere
1418 3411 1488 3480 vult,
1520 3413 1654 3467 corticem
1673 3416 1702 3467 et
1722 3411 1856 3468 nucleum

111 3484 278 3557 trequenter
305 3483 482 3554 humectant,
510 3483 622 3553 gummi
646 3483 681 3538 de
708 3484 830 3555 persico,
860 3484 904 3538 vel
922 3483 957 3538 de
1012 3481 1132 3560 arilerat,
1148 3481 1268 3552 etquod
1285 3482 1430 3553 reliquum
1452 3482 1538 3537 estin
1560 3483 1660 3538 vinum
1679 3487 1778 3554 ponat,
1799 3486 1857 3538 sale

111 3572 205 3629 pruno
221 3561 301 3612 testea
314 3556 395 3610 nucis
417 3553 576 3626 imprimat,
591 3560 619 3608 ot
639 3569 702 3608 eam
715 3552 751 3608 ad
773 3553 899 3624 ignitum
914 3556 956 3608 la·
1011 3557 1039 3604 et
1052 3550 1166 3605 modico
1180 3553 1279 3624 pipere
1295 3553 1411 3619 additis,
1426 3558 1455 3608 et
1476 3554 1529 3608 hoc
1546 3554 1629 3609 modo
1646 3561 1779 3625 peretum
1800 3570 1857 3610 nou

111 3635 202 3682 terem
219 3628 332 3684 modica
355 3627 519 3681 calefactam
544 3623 635 3679 oculis
658 3624 956 3694 circumponendum
1012 3622 1135 3676 multum
1150 3620 1237 3676 laedit.

110 3697 146 3752 ab
170 3697 221 3754 illo
242 3697 425 3764 incalescant,
445 3697 666 3766 ethocsemper
686 3695 957 3766 quartadie,etse-
1047 3713 1061 3742 «
1086 3693 1176 3746 llomo
1203 3691 1288 3747 etiam
1317 3693 1368 3764 qui
1396 3708 1483 3748 sauvis
1511 3709 1571 3748 esse
1601 3693 1673 3761 vult,
1694 3693 1856 3763 interiores,
1912 3709 1915 3718 ’

111 3768 167 3823 mel
185 3769 217 3823 iu
240 3769 287 3823 die
315 3767 409 3836 iaciat,
433 3783 470 3822 ne
493 3768 518 3822 si
541 3783 629 3837 supra
649 3769 766 3820 modum
783 3765 893 3836 lecerit,
910 3782 957 3820 eos
1012 3770 1141 3818 recentes
1171 3763 1287 3818 nucleos
1309 3763 1412 3834 persici
1441 3764 1475 3818 ad
1498 3763 1542 3819 lac
1566 3764 1734 3832 contundat,
1759 3773 1788 3820 et
1807 3782 1858 3837 per

111 3839 206 3894 ludat.
224 3839 256 3895 lit
277 3839 323 3894 cui
344 3838 450 3894 halitus
469 3838 544 3893 mele
563 3837 639 3901 latet,
659 3836 728 3892 lolia
752 3835 864 3908 persici,
890 3843 956 3892 aule
1011 3849 1141 3904 pannum
1155 3835 1299 3905 exprimet
1312 3835 1348 3890 ed
1369 3839 1533 3890 mensurant
1556 3835 1686 3906 quinque
1700 3836 1856 3890 cocleario-

110 3910 307 3965 meturitatem
322 3910 431 3965 lructus
447 3911 519 3980 ejus,
533 3908 691 3963 contundat
710 3913 739 3963 et
762 3923 879 3962 manum
894 3909 956 3979 ple·
1012 3920 1088 3971 rum,
1099 3910 1128 3960 et
1142 3905 1228 3959 etiam
1239 3905 1371 3977 galunae
1387 3906 1422 3961 ad
1437 3905 1647 3977 paudustrium
1658 3922 1854 3976 nummorum,

110 3995 179 4035 nam
202 3979 351 4052 liquiricii,
379 3986 409 4035 at
442 3980 587 4035 modicum
625 3978 743 4050 piperis,
773 3985 802 4033 et
828 3979 895 4033 satis
922 3979 956 4034 de
1012 3982 1040 4029 ct
1052 3975 1229 4047 liquiricium
1244 3977 1367 4032 duorum
1383 3991 1583 4046 nummorum,
1601 3981 1629 4031 et
1643 3977 1807 4032 eulorbium
1820 3978 1855 4032 ad

109 4052 205 4118 melle,
218 4057 248 4106 et
259 4050 320 4106 haec
334 4051 363 4105 in
376 4067 451 4122 paro
465 4051 532 4105 vino
545 4055 661 4122 coquat,
673 4053 710 4114 ,et
726 4055 792 4130 post
808 4048 904 4104 cibum
929 4054 957 4104 et
1011 4047 1124 4120 pondus
1144 4047 1230 4101 unius
1256 4046 1331 4103 oholi
1356 4048 1524 4129 pulverizet,
1549 4053 1578 4103 et
1604 4048 1670 4102 lacti
1686 4048 1855 4103 nucleorum

110 4123 146 4178 ad
161 4130 276 4178 noctem
290 4138 367 4192 sape
385 4121 476 4188 hibat,
499 4127 525 4176 et
551 4120 671 4176 halitum
692 4121 770 4175 illius
784 4120 858 4175 bene
873 4121 956 4175 olan·
1012 4118 1107 4184 addat,
1128 4118 1206 4172 etde
1231 4133 1315 4174 succo
1338 4120 1487 4186 citocatia,
1511 4124 1541 4174 et
1560 4118 1654 4174 lerina
1670 4119 1771 4174 similae
1800 4124 1857 4174 tor·

109 4198 168 4249 tarn
191 4193 296 4249 reddit.
315 4192 367 4250 Sed
384 4199 414 4248 et
436 4192 482 4248 cui
498 4191 603 4256 minuti
628 4191 777 4246 vermiculi
799 4192 830 4246 in
853 4197 958 4246 stoma·
1011 4189 1113 4246 tellum
1140 4193 1232 4261 paret,
1257 4194 1285 4244 et
1311 4191 1431 4246 eumad
1457 4188 1559 4258 saleru,
1575 4190 1619 4244 vel
1647 4189 1683 4244 ad
1710 4191 1855 4246 laruecem

108 4263 161 4318 cho
175 4270 204 4320 et
218 4264 249 4319 in
264 4268 363 4319 ventre
378 4268 519 4331 crescunt,
539 4262 662 4318 radicem
677 4267 705 4317 et
728 4261 796 4316 lolia
809 4260 957 4318 hacheniis
978 4262 1000 4317 Ι)
1014 4259 1153 4332 paulatim
1168 4259 1253 4315 siccet
1276 4259 1354 4316 etde
1381 4262 1495 4316 tortello
1517 4262 1570 4317 isto
1593 4260 1626 4316 ad
1648 4262 1762 4332 pondus
1778 4261 1855 4318 oboli

109 4334 276 4406 pulverizet,
292 4339 321 4389 et
336 4335 405 4390 huic
427 4335 472 4389 his
491 4338 603 4389 tantum
622 4333 657 4388 de
683 4333 800 4404 pulvere
820 4332 956 4388 loliomm
1010 4330 1202 4395 commisceat,
1226 4336 1256 4386 ct
1276 4331 1315 4386 sic
1332 4337 1397 4387 ante
1413 4331 1481 4387 solis
1495 4337 1591 4387 ortum
1615 4331 1651 4386 ad
1665 4333 1761 4402 ignem
1776 4333 1855 4404 prius

109 4406 210 4477 persici
229 4407 317 4462 addat
336 4406 431 4478 (idque
455 4405 506 4460 liat
524 4420 589 4459 cum
614 4404 700 4458 arbor
718 4403 803 4458 flores
826 4403 954 4474 emittit),
1012 4401 1132 4468 modice,
1162 4401 1308 4466 catalecto,
1330 4401 1364 4457 ad
1380 4403 1495 4474 pondus
1516 4403 1644 4475 quinque
1669 4417 1854 4458 nummorum

109 4481 137 4530 et
152 4476 182 4531 in
202 4491 279 4532 nova
295 4477 353 4532 olla
369 4491 436 4532 cum
459 4476 537 4533 hono
553 4486 581 4530 et
603 4490 677 4546 pirro
700 4474 767 4529 vino
789 4481 905 4545 coquat,
927 4481 957 4530 at
1011 4489 1075 4528 curu
1091 4473 1212 4527 cocleari
1231 4489 1264 4527 ex
1288 4473 1351 4544 ipso
1367 4480 1472 4539 sumat,
1488 4477 1517 4527 et
1534 4488 1564 4526 sa
1577 4473 1607 4527 iu
1622 4474 1724 4528 lectiam
1746 4473 1780 4528 ad
1796 4473 1856 4528 bre·

106 4547 224 4618 jejunus
240 4552 270 4603 el
291 4547 327 4602 ad
350 4553 465 4604 noctem
484 4562 561 4619 saepe
582 4545 673 4614 bibat,
698 4551 727 4600 et
745 4561 856 4600 vermes
871 4545 900 4601 in
920 4560 955 4602 eo
1011 4560 1075 4600 rem
1091 4542 1192 4598 horam
1211 4543 1346 4612 deponat,
1362 4549 1391 4598 et
1404 4543 1480 4599 velut
1496 4543 1590 4597 suavis
1605 4544 1685 4614 potio
1699 4544 1782 4598 illam
1805 4544 1855 4599 ali·

108 4619 276 4673 morientur.
292 4619 385 4674 llomo
400 4634 516 4690 quoque
542 4623 644 4672 contra
658 4617 787 4672 dolorem
804 4617 955 4688 utriusque
1011 4617 1151 4686 quantum
1175 4620 1290 4684 purgat.
1313 4615 1346 4668 Et
1372 4615 1396 4669 si
1416 4614 1491 4669 idem
1512 4613 1600 4668 laomo
1627 4629 1741 4669 necesse
1756 4613 1852 4681 hebet,

108 4689 214 4754 lateris,
229 4689 501 4762 quomodocumque
514 4687 555 4744 ihi
581 4689 687 4754 doleat,
703 4692 732 4742 et
752 4691 850 4742 contra
870 4686 955 4742 dolo·
1011 4685 1054 4740 Ιιίε
1067 4687 1096 4740 ia
1113 4699 1212 4766 mense
1227 4699 1261 4738 ex
1277 4688 1378 4739 eodem
1395 4691 1499 4739 sumat.
1516 4685 1550 4739 h't
1572 4699 1607 4765 ea
1620 4683 1666 4739 die
1684 4701 1741 4811 qua
1755 4685 1852 4754 sumit,

108 4774 167 4814 rem
189 4761 322 4831 pectoris,
346 4766 375 4815 et
401 4760 565 4833 paralysim,
585 4759 653 4815 lolia
679 4758 793 4831 persici,
807 4763 836 4812 et
850 4772 953 4813 secun·
1010 4757 1112 4812 molles
1134 4755 1213 4810 cibos
1240 4756 1384 4823 comedat;
1399 4762 1428 4811 et
1450 4755 1549 4810 vinum
1574 4753 1662 4810 hibat.
1696 4756 1740 4810 'sd
1761 4761 1789 4810 et
1804 4759 1853 4828 qui

107 4829 176 4886 dum
202 4831 317 4902 pondus
338 4847 438 4887 eorvim
457 4829 648 4899 balsamitam,
665 4836 694 4885 et
711 4829 870 4884 secundum
892 4835 954 4883 ter·
1009 4827 1039 4882 in
1055 4832 1171 4900 guttura
1193 4825 1281 4892 dolet,
1297 4827 1337 4882 ite
1360 4827 1437 4897 quod
1463 4825 1643 4898 aliquantum
1667 4829 1852 4882 constrictum

110 4899 179 4956 tiam
193 4907 306 4972 partem
326 4901 485 4958 balsamitae
502 4901 660 4967 basilicam,
677 4906 706 4957 et
728 4899 883 4956 secundum
899 4906 954 4954 ter·
1009 4903 1061 4965 est,
1077 4900 1121 4954 vel
1141 4897 1217 4970 quod
1234 4897 1263 4951 in
1278 4913 1312 4952 eo
1333 4896 1452 4966 quidam
1466 4900 1558 4951 matus
1579 4911 1667 4966 vapor
1686 4899 1793 4970 absque
1807 4897 1853 4953 ul-

110 4969 178 5025 tiam
198 4978 310 5043 partam
335 4972 462 5029 basilicae
477 4973 674 5056 plantaginem
701 4971 731 5026 in
750 4986 827 5042 aqua
843 4969 953 5025 modice
1008 4985 1072 5024 cere
1087 4974 1114 5024 et
1139 4969 1246 5039 absque
1266 4971 1380 5022 tumore
1402 4975 1455 5034 est,
1478 4967 1597 5038 accipiat
1619 4975 1731 5039 pastam
1752 4969 1787 5024 de
1802 4969 1853 5022 tri·

106 5042 953 5183 {tatiitittlitteratarum,tilitates
1007 5041 1119 5166 tite
1133 5037 1854 5181 ttttlttlttetttstltatituta

107 5182 175 5248 vini,
188 5155 243 5240 ’vel
267 5185 372 5240 hircini
392 5183 464 5256 sepi,
488 5189 517 5240 el
531 5153 689 5238 secundum
708 5184 821 5239 tertiam
840 5189 952 5253 partem
1007 5151 1109 5237 horaru’
1124 5186 1222 5252 ponat,
1246 5185 1275 5235 et
1289 5181 1343 5236 hoc
1361 5197 1436 5253 saepe
1455 5180 1549 5246 laciat,
1566 5185 1593 5235 et
1608 5181 1711 5236 melius
1725 5181 1850 5237 habebit.

106 5254 166 5325 ejas
181 5260 305 5310 veterem
326 5255 466 5322 arvinam,
482 5262 511 5312 et
534 5255 595 5310 hac
611 5254 710 5309 omnia
727 5269 792 5308 cum
814 5253 952 5325 praedicta
1008 5253 1075 5308 Etsi
1090 5253 1154 5335 quis
1176 5251 1208 5307 in
1223 5251 1367 5308 halsodriu
1379 5252 1468 5319 dolet,
1483 5251 1524 5306 ita
1542 5251 1619 5323 quod
1633 5252 1852 5325 supramodum

106 5326 348 5449 1alquainpatelta
368 5327 479 5408 modice
495 5325 652 5450 calelacilet,
667 5329 696 5380 et
708 5323 748 5451 aga
768 5329 951 5395 unguentum
1006 5329 1166 5379 constricta
1190 5327 1240 5377 eut
1261 5321 1394 5446 {listentm
1415 5327 1492 5448 sun't,
1512 5323 1662 5394 praelatum
1681 5330 1792 5406 pastam
1811 5323 1853 5377 eis

108 5401 208 5538 ,llll
221 5397 829 5540 itttittttltttt‘littttstlttt
844 5409 951 5548 titt:
1005 5408 1259 5522 {iiiiiitff'i⁰¹¹³
1274 5435 1281 5463 ’
1298 5399 1325 5448 ⁰²
1340 5409 1364 5448 ⁵¹
1377 5409 1430 5450 ¹¹⁰⁰
1445 5410 1461 5448 ¹¹
1476 5409 1537 5461 ‘¹¹⁵’
1554 5407 1608 5450 ¹¹⁰⁰
1622 5399 1719 5450 [ω’
1737 5394 1777 5450 ¹¹³¹
1797 5398 1851 5462 ‘⁵²’

108 5541 168 5593 ctus
186 5539 290 5611 persici
313 5539 373 5595 tere
395 5540 510 5612 tepidus
536 5543 589 5605 est,
613 5543 643 5594 et
665 5551 950 5605 necsan0,nec1n-
1041 5536 1079 5612 (2)
1100 5537 1206 5593 Francis
1221 5550 1331 5591 cnaeus
1346 5539 1481 5596 classium.

108 5606 190 5664 llrmo
209 5609 321 5666 homini
336 5611 374 5667 ad
390 5610 601 5668 comedendum
623 5608 708 5666 velet.
733 5607 789 5666 Sed
804 5606 854 5682 qui
869 5622 949 5664 eum·
