3984 6034
154 194 207 253 903

153 334 225 401 Quin
247 334 363 402 artificis
387 332 442 388 Dei
453 334 591 403 snpientia
609 334 652 389 uel
663 337 786 404 potentio
802 337 832 391 in
850 335 900 392 boo
912 341 999 392 miro·
1018 343 1041 396 tt

189 404 253 459 bilis
274 405 405 469 enitescit,
430 404 504 474 quod
522 406 680 460 elementum
710 412 788 461 terre
807 422 862 462 non
885 410 1001 476 cnpulo·

187 488 259 543 sum,
283 473 331 529 sed
352 475 511 543 rotundum,
541 481 567 530 et
600 479 722 546 quinque
741 493 795 532 uon
819 480 937 548 emplius
959 480 1002 534 uel

186 548 278 599 minus
303 546 462 600 distinctum
480 546 608 615 portibus
632 553 710 602 certe
728 563 811 603 ceusu
831 552 947 604 sotionis
970 553 1001 605 in

186 615 275 670 medio
320 617 436 671 oliorum
482 619 566 671 trium
605 618 794 673 clementorum
838 621 1001 675 immobilem

186 686 367 756 suspenderit,
393 687 520 756 quodque
543 689 677 742 bominem
700 691 791 744 instar
809 693 946 760 quinoriae
961 692 1002 743 ‹li-

186 759 300 812 oisionis
319 763 408 824 terroe,
429 763 454 811 et
468 762 497 811 in
512 758 563 812 lenc
583 760 641 813 oito
654 761 775 828 quinque
789 762 913 816 sensibus
931 762 1001 817 diln-

186 831 266 953 oesq't,
286 833 313 883 et
325 831 356 882 in
369 830 468 895 tuturo
487 828 519 883 de
543 830 653 899 puluere
674 832 792 901 sepulcri
815 834 846 886 in
864 836 1001 902 integrum

185 901 323 954 resituot.

187 987 222 1044 ll.
243 985 348 1043 Orbem
365 990 450 1042 terroe
470 988 543 1042 Dens
561 985 592 1041 iu
609 986 705 1043 medio
729 988 819 1044 trium
842 989 999 1045 elomento-

150 1089 217 1130 rum
242 1074 283 1129 ita
306 1074 463 1146 suspendit,
486 1077 519 1130 nt
532 1090 716 1148 nequaquem
730 1076 789 1132 labi
809 1093 862 1133 nec
882 1078 1000 1134 dissolri
1056 1131 1062 1143 ,

151 1162 252 1235 possit,
269 1165 298 1219 st
312 1164 343 1218 in
356 1164 412 1218 hoc
426 1179 455 1218 se
469 1161 632 1220 nrirsbilem
647 1168 731 1237 atque
744 1170 893 1237 potentem
908 1173 1000 1223 osten·

151 1252 204 1322 etit,
233 1268 299 1307 cum
323 1252 411 1307 etiam
433 1268 487 1307 nec
514 1268 631 1308 carnem
655 1268 709 1309 nec
737 1270 801 1309 ossa
820 1254 947 1311 hominis
968 1256 999 1311 in

150 1341 299 1411 pulverem
322 1340 362 1395 sic
385 1341 498 1413 redigit,
518 1340 588 1413 quin
610 1357 644 1396 ea
664 1341 695 1396 in
715 1342 868 1398 novissimo
893 1344 939 1399 die
962 1345 998 1400 ad

150 1429 346 1501 integritatem
373 1446 455 1485 snam
485 1430 625 1485 restituat.
658 1432 750 1486 Aliam
779 1448 894 1505 quoqne
918 1436 999 1489 terrm

149 1524 263 1589 portem
284 1514 419 1586 lucidam,
440 1517 527 1573 aliem
548 1518 740 1588 tenebrosam,
763 1519 850 1575 aliam
872 1521 999 1578 horribi-

148 1606 218 1674 lem,
234 1605 320 1661 sliam
339 1606 492 1677 poennlem,
517 1606 603 1661 aliam
627 1624 743 1680 quoque
763 1609 875 1665 homini
889 1616 996 1681 eptam,
1018 1641 1038 1695 B

149 1692 234 1747 aliam
249 1708 316 1749 nero
336 1694 465 1765 ineptam
489 1694 569 1761 iecit,
594 1711 658 1750 enm
675 1700 704 1752 et
729 1698 868 1767 quasdam
887 1700 999 1755 animes

148 1798 238 1853 regno
252 1800 304 1838 sno
320 1783 476 1851 consociet,
506 1785 647 1856 quasdem
670 1791 767 1842 sutem
791 1788 869 1859 justo
889 1790 998 1860 judicio

147 1871 183 1925 ad
198 1875 304 1926 tartare
323 1873 448 1929 damnat.
473 1872 558 1928 Vides
577 1874 654 1929 enim
683 1877 890 1932 rotunditatem
913 1883 998 1933 terrae

147 1958 178 2013 in
201 1961 330 2033 quinque
352 1966 449 2033 parles
472 1961 644 2032 distinctam,
666 1962 709 2018 ita
734 1968 766 2019 nt
786 1980 852 2036 pers
877 1981 934 2021 una
960 1967 996 2021 ad

147 2047 301 2117 orientem,
316 2050 456 2106 alterand
475 2050 662 2119 occidentem,
688 2052 773 2108 tertia
792 2053 828 2108 sd
853 2059 994 2121 anstrum,

147 2145 250 2213 quarto
272 2139 308 2194 nd
335 2138 573 2209 septentrionem,
597 2140 700 2211 quinte
723 2143 819 2196 antem
844 2142 875 2196 in
902 2143 997 2199 medio

145 2230 266 2285 istarum
281 2227 333 2294 sit;
359 2231 388 2282 et
409 2227 465 2282 hoc
483 2226 547 2283 ideo
563 2233 615 2294 est,
634 2228 784 2300 qnoniam,
806 2229 829 2284 si
849 2235 926 2286 terra
941 2247 997 2287 en-

144 2319 283 2390 gulosset
296 2332 353 2371 non
372 2316 496 2371 rotunde
522 2320 606 2384 esset,
628 2317 726 2388 anguli
748 2315 841 2390 ipsius
852 2318 997 2375 deiectum

145 2412 175 2464 et
196 2406 423 2479 inequalitatem
449 2405 672 2476 ponderositatis
693 2406 720 2462 ei
741 2406 891 2464 inferrent.
918 2410 951 2465 Et
972 2409 995 2464 si

145 2497 274 2569 quinque
289 2494 420 2567 partibus
437 2509 498 2549 nou
514 2494 751 2566 distingueretur,
767 2502 845 2551 recto
865 2498 996 2553 modere-

144 2584 223 2639 mine
244 2598 301 2637 non
323 2585 503 2654 pensaretur,
528 2583 597 2655 qnia
612 2589 738 2655 quatuor
751 2586 908 2642 exteriores
928 2602 994 2658 par·

143 2678 187 2729 tes
204 2688 267 2728 eam
291 2671 328 2727 ad
350 2670 550 2726 rectitudinem
573 2672 746 2744 ponderant,
768 2674 871 2746 quinta
896 2681 993 2731 sulem

142 2779 207 2835 quer
225 2760 387 2828 mediaest,
412 2775 477 2815 eam
498 2759 530 2815 in
549 2760 721 2817 rectitudine
743 2763 798 2818 ista
818 2763 942 2820 solidam
966 2768 996 2819 et

143 2850 276 2906 stabilem
299 2847 378 2918 iecit,
401 2848 556 2918 designans
575 2850 663 2905 eliam
683 2851 759 2921 quod
783 2850 883 2920 bomo,
907 2868 994 2924 quem

142 2945 220 2995 terra
234 2938 421 3006 demonstret,
437 2937 566 3009 quinque
582 2939 712 2995 sensibus
723 2938 773 3011 qni
788 2939 820 2995 in
835 2957 869 2996 eo
883 2940 990 3012 rigent,

142 3028 177 3083 ad
194 3042 318 3100 queque
333 3025 389 3080 sibi
410 3026 571 3082 necessarie
586 3028 736 3097 solidetur,
752 3033 839 3100 atque
853 3028 888 3085 nd
913 3030 991 3085 selu-

142 3121 201 3173 tem
210 3116 318 3171 anime
334 3130 394 3169 sues
409 3111 555 3184 dirigitur.

142 3224 209 3277 item
233 3222 266 3276 de
285 3222 407 3290 quinque
432 3218 654 3275 distinctionibus
678 3224 768 3288 terre,
791 3222 922 3291 quomodo
944 3239 992 3278 no-

178 3295 244 3348 tiois
265 3297 360 3346 mutuo
392 3291 576 3359 qualitatibus
603 3296 795 3363 temperentur,
818 3299 844 3349 et
871 3294 991 3364 qualiter

177 3365 297 3432 quinque
310 3360 433 3416 sensibus
448 3359 569 3417 domines
584 3367 752 3432 coaptentur.

177 3450 226 3505 lll.
252 3450 332 3507 Unde
355 3452 383 3503 et
407 3464 474 3521 pers
501 3465 560 3504 nuo
578 3450 614 3506 sd
637 3450 778 3507 orientem
793 3467 874 3507 verse
888 3452 991 3509 medie

140 3540 216 3611 parti
235 3554 351 3595 succum
376 3540 486 3596 bonnm
507 3537 740 3612 viriditatemque
759 3541 861 3597 utilem
876 3542 989 3611 tribuit,

140 3628 383 3701 quemadmodum
406 3632 435 3685 et
462 3626 589 3684 heminis
613 3629 702 3697 risus,
730 3628 812 3701 quasi
832 3631 869 3687 ad
894 3636 988 3686 ortum
1024 3642 1030 3661 ⁸

140 3718 276 3774 claritatis
290 3718 427 3787 directus,
449 3717 515 3790 ipsi,
537 3717 588 3792 qni
601 3717 680 3773 velut
694 3717 725 3773 in
747 3717 842 3774 medio
858 3719 989 3775 elemen-

140 3812 236 3863 torum
251 3812 305 3875 est,
325 3808 447 3863 sulutem
465 3807 593 3879 eorporis
610 3811 639 3862 et
652 3806 757 3862 animoa
779 3807 987 3864 subministrat.

139 3898 236 3953 Altera
258 3901 356 3953 autem
378 3896 415 3953 sd
438 3894 616 3951 occidentem
640 3894 807 3967 respiciens,
836 3896 989 3953 humidita-

138 3989 197 4041 tem
230 3984 375 4041 interdnm
403 3983 521 4051 bonnm,
559 3982 704 4039 interdum
734 3983 865 4038 noeis-am
893 3983 987 4040 eidem

139 4072 287 4144 partidat,
311 4076 344 4127 ul
367 4071 455 4128 etiam
478 4070 592 4127 auditus
616 4074 708 4127 totum
734 4087 839 4143 corpus
861 4071 987 4127 bominis

138 4159 271 4216 velutad
297 4160 475 4216 occidentem
499 4160 665 4216 concutiens
680 4164 708 4216 et
729 4166 894 4231 penetrans,
911 4177 987 4216 nunc

138 4264 287 4322 prospere,
309 4264 386 4305 nnnc
409 4248 536 4317 adverse,
551 4262 628 4305 nunc
643 4249 748 4305 animm
762 4250 893 4318 salutem,
911 4265 988 4305 nunc

138 4337 368 4409 desperationem
401 4335 444 4393 illi
475 4336 636 4394 denuntiat.
665 4338 760 4393 Tertia
785 4354 852 4393 sero
878 4337 913 4394 nd
937 4354 987 4393 an·

137 4430 229 4483 strum
244 4442 376 4497 vergens,
399 4425 524 4481 calorem
542 4425 649 4499 lrigido
662 4425 732 4482 llatu
744 4431 897 4481 ventorum
911 4431 985 4481 lem·

137 4522 271 4589 peretum
285 4514 342 4587 ipsi
354 4514 430 4587 parti
444 4514 584 4583 immittit,
597 4513 671 4570 sicut
685 4519 715 4570 et
730 4514 875 4581 odoratus,
889 4530 986 4585 quem·

137 4604 295 4662 admodum
310 4619 399 4677 vapor
419 4603 455 4660 de
471 4603 565 4658 colore
578 4619 709 4675 surgens,
727 4603 847 4659 odorem
863 4602 898 4657 de
915 4603 984 4658 coli·

137 4694 181 4749 dis
195 4700 223 4749 et
236 4691 348 4764 frigidis
362 4690 600 4764 temperamentis
617 4693 830 4763 procedentem,
848 4692 985 4748 odorem-

137 4798 194 4855 que
211 4781 246 4837 de
267 4781 400 4853 supernis
414 4779 546 4853 suspiriis
565 4780 730 4836 seuientem
751 4780 865 4837 homini
886 4780 984 4836 iniun-

138 4871 188 4928 dit.
205 4870 260 4926 Sed
284 4874 385 4943 quarta
406 4870 441 4925 sd
470 4862 695 4941 septentrionem
710 4870 840 4940 tendens,
864 4869 985 4942 frigusn

137 4957 341 5031 septentrione,
357 4962 386 5014 et
399 4957 523 5013 calorem
537 4956 573 5011 ab
593 4956 703 5013 oriente
718 4956 893 5027 seuientem,
912 4972 985 5030 pree·

137 5049 218 5104 dictae
233 5046 334 5104 medie
349 5046 425 5118 parti
447 5044 568 5114 inducit,
591 5046 671 5101 velut
693 5052 794 5118 gustus
817 5045 922 5117 lrigido
935 5063 983 5101 re·

879 204 907 259 S.
928 198 1176 262 HlLDEGARDlS.

1850 212 1908 265 90i

1056 338 1103 395 dio
1117 339 1240 395 aliorum
1264 354 1398 397 sensuum
1422 340 1533 413 uigens,
1558 342 1592 397 sb
1607 341 1647 398 eis
1662 330 1825 413 roboretur,
1841 362 1910 403 cnm

1056 444 1155 484 omnes
1169 428 1223 501 ipsi
1244 428 1319 485 sires
1333 429 1475 497 tribuunt,
1496 435 1526 486 et
1548 446 1613 487 enm
1639 432 1674 488 ad
1697 436 1911 505 vegetationem

1055 518 1246 586 consolident,
1279 523 1312 575 ut
1343 517 1430 574 etiem
1462 518 1494 574 in
1528 519 1713 592 dispositione
1748 522 1912 595 digitorum

1056 602 1228 672 ostenditur,
1262 602 1332 674 quia
1364 608 1392 658 et
1423 603 1566 675 peripsos
1596 621 1684 677 opera
1711 606 1746 662 ad
1769 611 1911 663 aeternam

1055 691 1317 747 remunerationem
1352 692 1535 763 respicientia
1569 694 1768 765 perficiuntur.
1810 698 1847 753 Et
1877 699 1910 751 ut

1054 780 1142 845 rides,
1174 779 1300 836 ambitus
1329 780 1419 852 perlis
1448 782 1594 837 orientalis
1626 784 1808 857 ambitusque
1846 796 1911 857 par·

1056 868 1091 923 tis
1116 867 1300 923 occidentalis
1322 868 1442 942 eequnlis
1473 886 1617 927 mensure
1647 878 1738 941 sunt;
1763 872 1909 929 lerinam-

1055 970 1112 1027 qne
1144 954 1252 1011 extenti
1285 971 1367 1011 orcus
1402 960 1524 1029 uterque
1562 956 1660 1027 hebet,
1691 958 1829 1031 quonism
1865 962 1909 1017 sol

1055 1042 1174 1099 oriendo
1216 1048 1244 1099 et
1287 1045 1442 1102 occidendo
1477 1046 1600 1120 aeqnalia
1636 1050 1729 1120 spatia
1763 1054 1908 1105 terrarum

1054 1148 1085 1187 sn
1132 1132 1252 1189 circuilu
1298 1149 1398 1190 cursus
1442 1134 1487 1189 sni
1523 1140 1652 1206 occupat.
1699 1136 1778 1202 Quod
1818 1136 1907 1194 etiam

1055 1221 1180 1277 ostendit
1202 1220 1295 1277 risum
1318 1237 1370 1293 per
1398 1220 1546 1277 scientiam
1562 1222 1631 1278 boui
1658 1228 1688 1279 et
1708 1225 1776 1280 meli
1799 1225 1832 1281 in
1853 1226 1909 1282 hae

1054 1308 1243 1365 similitudine
1272 1326 1344 1377 esse,
1373 1310 1505 1367 videlicet
1535 1312 1611 1381 qnod
1648 1312 1722 1369 sicut
1747 1313 1826 1369 risus
1854 1330 1909 1387 per

1054 1397 1202 1453 scientiam
1218 1398 1287 1455 boni
1305 1398 1411 1454 adhoc
1430 1399 1505 1471 qnod
1522 1399 1629 1455 bonum
1652 1405 1696 1457 est
1714 1416 1827 1457 sursum
1843 1408 1908 1458 teu-

1052 1483 1105 1553 dit,
1127 1485 1166 1540 its
1188 1489 1217 1541 et
1235 1502 1288 1559 per
1308 1486 1455 1541 scientiam
1473 1488 1541 1542 mali
1564 1488 1599 1543 ed
1623 1488 1677 1543 hoc
1696 1492 1773 1560 quod
1795 1492 1907 1546 malum

1056 1578 1098 1628 est
1113 1574 1247 1629 deorsum
1263 1574 1424 1643 descendit;
1445 1591 1497 1647 per
1515 1574 1595 1631 illum
1617 1576 1735 1648 quidem
1752 1594 1783 1633 se
1797 1595 1814 1632 a
1829 1581 1905 1633 malo

1055 1664 1261 1735 retorquendo,
1275 1679 1327 1734 per
1339 1664 1422 1718 islam
1434 1668 1529 1719 autern
1545 1680 1562 1719 a
1576 1664 1652 1720 bono
1667 1682 1696 1720 se
1716 1669 1905 1724 recurvando.

1052 1751 1183 1807 Ambitus
1208 1768 1322 1824 qnoque
1342 1752 1432 1824 partis
1454 1752 1587 1808 australis
1609 1754 1791 1827 ambitusque
1813 1757 1905 1829 partis

1052 1840 1283 1911 septentrionalis
1313 1839 1398 1895 nnius
1422 1856 1562 1896 mensures
1586 1842 1748 1911 existentes,
1776 1845 1905 1916 longitn-

1053 1928 1113 1984 dini
1130 1934 1159 1984 ct
1170 1929 1316 1984 latitudini
1330 1928 1460 2001 priorum
1474 1930 1596 1985 duarum
1609 1932 1735 2002 partium
1751 1933 1904 2005 adsequan-

1051 2022 1109 2083 tur,
1136 2021 1254 2088 excepto
1276 2017 1352 2089 qnod
1368 2017 1399 2072 iu
1422 2018 1611 2074 interioribus
1632 2019 1739 2076 tinibus
1755 2022 1816 2076 suis
1833 2038 1904 2092 pro-

1052 2112 1118 2178 pter
1147 2109 1279 2163 arcuatus
1303 2106 1454 2162 interiores
1483 2106 1555 2163 lines
1578 2108 1746 2164 earumdem
1769 2109 1904 2180 priorum

1051 2195 1173 2251 duarum
1200 2195 1326 2267 partium
1346 2196 1430 2267 quasi
1452 2196 1577 2252 truncati
1598 2196 1739 2255 ridentur.
1769 2200 1904 2255 Formam

1050 2300 1166 2356 quoque
1190 2284 1297 2339 extenti
1317 2299 1399 2339 arcus
1431 2289 1536 2356 prester
1557 2284 1635 2357 ipsos
1660 2291 1808 2342 truncatos
1827 2288 1906 2343 inte·

1050 2373 1143 2428 riores
1164 2371 1236 2428 lines
1267 2389 1333 2428 suos
1358 2372 1521 2441 imitentur,
1551 2372 1619 2447 quin
1652 2380 1793 2446 qnantum
1817 2380 1904 2432 terre

1050 2466 1148 2517 auster
1165 2461 1195 2516 in
1213 2462 1317 2528 calore,
1334 2466 1445 2518 tantsun
1462 2463 1621 2533 septentrio
1637 2464 1667 2518 in
1686 2463 1795 2536 frigore
1818 2480 1904 2521 occu·

1049 2555 1115 2622 pst;
1127 2549 1158 2605 in
1170 2549 1225 2604 hoc
1239 2550 1327 2605 etiam
1342 2550 1554 2623 longitudinem
1563 2556 1592 2606 et
1605 2550 1787 2608 latitudinem
1801 2552 1900 2608 orien-

1050 2638 1087 2694 tis
1098 2642 1126 2694 et
1140 2637 1295 2693 occidentis
1318 2638 1475 2707 imitantes,
1494 2640 1690 2711 praeterquod
1710 2639 1781 2695 lines
1796 2657 1901 2697 eornm

1049 2726 1100 2799 qui
1116 2727 1150 2783 nd
1165 2726 1297 2798 quintum
1318 2732 1431 2799 partem
1451 2728 1655 2799 praedictarum
1677 2729 1805 2800 partium
1830 2730 1902 2785 diri-

1048 2819 1167 2889 gnntur,
1183 2831 1235 2887 per
1259 2816 1456 2871 extensionem
1475 2816 1564 2888 partis
1588 2816 1734 2874 orientalis
1763 2834 1816 2873 nec
1840 2834 1902 2875 non

1013 2928 1034 2985 ρ
1049 2904 1232 2961 occidentalis
1246 2904 1427 2977 aliquantum
1449 2904 1698 2979 coustringuntur,
1721 2922 1786 2961 cnm
1801 2912 1902 2963 umen

1048 2992 1117 3049 alibi
1142 2992 1362 3049 similitudinem
1385 2992 1485 3049 circuli
1499 2994 1664 3066 ,imitentur
1686 2994 1731 3051 Sic
1746 3000 1775 3050 et
1798 2997 1903 3052 odora·

1047 3086 1094 3137 tus
1115 3098 1168 3153 por
1183 3082 1300 3137 odorem
1314 3082 1453 3139 virtutum
1469 3082 1561 3137 tendit
1571 3083 1606 3138 ad
1622 3083 1781 3153 dexteram,
1796 3094 1902 3156 gustus

1046 3183 1114 3223 vero
1137 3184 1189 3239 per
1210 3184 1346 3240 saporum
1370 3168 1506 3223 vitiorum
1539 3168 1575 3224 nd
1603 3168 1767 3238 sinistrum,
1789 3171 1821 3226 in
1843 3168 1901 3226 hoc

1047 3255 1164 3311 obtentu
1189 3257 1268 3311 velut
1297 3273 1350 3328 par
1379 3257 1518 3321 studium,
1549 3258 1679 3329 quumvis
1707 3260 1897 3329 contrarium,

1046 3343 1194 3413 babentes,
1215 3344 1321 3417 origini
1343 3362 1402 3400 sum
1416 3362 1447 3421 se
1468 3344 1718 3414 assimilantem
1737 3346 1786 3402 ille
1807 3346 1897 3413 bono,

1045 3433 1092 3489 hic
1106 3434 1183 3489 malo
1202 3449 1232 3489 se
1247 3438 1379 3506 coaptat;
1399 3434 1447 3489 sod
1472 3434 1590 3489 tandem
1613 3441 1716 3490 neuter
1729 3436 1851 3491 istorum
1866 3438 1899 3491 in

1045 3520 1128 3576 initio
1140 3521 1322 3593 incoeptionis
1343 3538 1401 3577 sure
1425 3520 1632 3595 plenitudinem
1655 3527 1773 3578 conatus
1787 3524 1832 3579 sui
1847 3524 1898 3579 hs·

1044 3609 1113 3666 bere
1126 3613 1231 3682 potest,
1247 3610 1316 3683 quia
1327 3610 1396 3666 dum
1406 3610 1541 3682 primitus
1549 3611 1634 3666 bomo
1646 3611 1703 3666 sire
1711 3612 1821 3667 bonum
1836 3612 1897 3669 sive

1045 3699 1153 3754 malum
1175 3698 1286 3771 incipit,
1303 3698 1425 3755 scienter
1439 3700 1470 3755 in
1500 3700 1603 3755 eodem
1622 3702 1695 3755 lacto
1708 3716 1738 3755 so
1753 3700 1897 3757 constrin-

1043 3788 1097 3860 git,
1113 3788 1251 3859 qnoniam
1268 3787 1779 3844 nondumillisetolumcommittere
1794 3792 1894 3845 audet.

1043 3876 1124 3945 Quod
1159 3878 1276 3932 duorum
1309 3881 1433 3947 portium
1466 3877 1609 3933 divisionis
1642 3882 1730 3946 terre,
1761 3881 1897 3935 australis

1078 3949 1179 4003 scilicet
1198 3953 1224 4004 ct
1247 3949 1478 4017 septentrionalis,
1506 3951 1536 4003 in
1559 3952 1613 4004 tres
1631 3964 1802 4021 unaqueque
1828 3951 1893 4005 snb·

1078 4019 1226 4074 divisiones
1240 4018 1374 4074 distincto
1392 4020 1586 4089 contemplanti
1604 4022 1660 4075 isto
1683 4025 1848 4090 appareant,
1868 4026 1897 4077 et

1077 4088 1216 4215 {midi
1231 4090 1444 4175 trec-secundum
1458 4105 1567 4161 corpus,
1586 4096 1611 4146 et
1623 4093 1756 4161 animem,
1771 4097 1797 4149 ct
1811 4106 1898 4163 mern

1097 4175 1194 4215 omenes
1205 4160 1382 4229 intellegendo
1392 4166 1458 4216 sent.

1075 4248 1121 4305 lv.
1140 4248 1211 4304 Nam
1227 4254 1255 4304 et
1277 4249 1323 4305 hoe
1338 4254 1469 4322 ntraeqne
1489 4254 1595 4323 partes,
1620 4249 1727 4306 scilicet
1747 4266 1813 4322 pers
1838 4267 1896 4307 sn-

1040 4336 1134 4392 strslis
1148 4352 1272 4409 parsque
1286 4338 1529 4410 septentrionalis,
1555 4338 1586 4393 iu
1599 4342 1657 4393 tres
1674 4342 1771 4410 partes
1787 4338 1893 4395 distin-

1040 4430 1178 4496 guuntur,
1204 4442 1269 4498 qooe
1296 4425 1363 4481 hinc
1387 4441 1439 4497 pro
1459 4425 1571 4497 ardore,
1596 4426 1664 4481 bine
1693 4442 1746 4499 pro
1770 4425 1891 4499 frigore,

1040 4514 1106 4570 hinc
1120 4530 1173 4588 pro
1197 4514 1376 4586 serpentibus
1397 4512 1598 4570 inhabitabiles
1622 4514 1789 4571 hominibus
1810 4522 1889 4571 sient.

1040 4603 1097 4659 Hoc
1115 4618 1230 4676 quoque
1256 4603 1443 4671 demonstrat,
1469 4602 1546 4675 quod
1561 4601 1697 4659 odoratus
1711 4618 1776 4658 cum
1789 4619 1890 4659 asceu-

1039 4692 1082 4748 dit
1095 4691 1133 4747 ad
1156 4690 1272 4747 odorem
1298 4692 1447 4759 virtutum,
1468 4697 1567 4763 gustus
1589 4707 1657 4747 nero
1678 4707 1744 4746 cum
1764 4690 1889 4749 declinet

1039 4780 1073 4836 ad
1099 4796 1231 4852 saporem
1259 4780 1405 4851 vitiorum,
1423 4780 1549 4837 hominis
1572 4796 1677 4852 corpus
1699 4780 1888 4853 animamque

1039 4869 1147 4941 ejusne
1165 4884 1255 4941 opero
1276 4868 1366 4941 ipsius
1391 4869 1502 4925 diverso
1525 4870 1612 4925 modo
1636 4873 1768 4940 tangunt,
1785 4868 1836 4924 ubi
1858 4874 1888 4925 et

1039 4960 1121 5015 illum
1135 4958 1216 5031 qussi
1239 4957 1460 5015 inhabitabilem
1480 4957 1643 5025 ostendunt,
1659 4958 1682 5012 si
1703 4974 1759 5013 uon
1776 4958 1888 5013 inlelli-

1038 5046 1080 5117 git
1092 5044 1161 5117 qnid
1176 5061 1290 5117 corpus,
1303 5045 1373 5117 qnid
1385 5044 1491 5115 aniius,
1507 5045 1578 5117 quid
1592 5060 1680 5116 opere
1695 5044 1725 5100 in
1740 5044 1803 5116 ipso
1816 5044 1884 5113 sint,

136 5138 254 5211 cipieus,
287 5134 450 5208 frigidaque
478 5138 507 5191 et
539 5134 632 5191 calida
665 5134 842 5206 discernens,
870 5134 983 5192 diverso
1038 5140 1067 5191 et
1082 5134 1103 5189 si
1129 5134 1216 5189 etiam
1238 5134 1268 5190 in
1293 5134 1447 5206 semetipso
1467 5150 1518 5189 nec
1540 5138 1650 5190 rectum
1670 5140 1885 5206 temperamen-

137 5242 240 5298 sspore
274 5239 458 5303 supernaque
484 5223 635 5279 dulcedine
667 5221 818 5279 hominem
845 5224 981 5281 concutit.
1037 5230 1099 5281 tum
1118 5225 1279 5281 discernere
1304 5223 1392 5279 norit.
1409 5222 1614 5289 Quorumdam
1636 5221 1887 5295 rnedioeipsnrum

135 5314 243 5380 Quinta
265 5317 361 5368 nutem
382 5312 414 5367 in
438 5313 534 5367 medio
559 5312 679 5367 istorum
698 5310 833 5381 existens,
855 5311 891 5367 ab
914 5312 983 5384 ipsis
1037 5312 1163 5385 partium
1178 5311 1264 5369 unius
1286 5312 1385 5367 tormen
1400 5311 1541 5383 uniusque
1553 5326 1695 5367 mensurni
1717 5315 1795 5379 sunt,
1810 5326 1885 5382 qno·

135 5404 167 5459 in
196 5401 338 5458 soliditnte
367 5400 543 5457 confortatur
581 5399 758 5473 diversisque
790 5400 983 5458 inlusionibus
1037 5401 1114 5456 niam
1129 5416 1195 5475 pars
1216 5401 1348 5457 australis
1369 5404 1398 5456 et
1417 5416 1485 5472 pars
1504 5400 1736 5473 septentrionalis
1749 5399 1781 5455 iu
1803 5405 1888 5455 recta

135 5493 321 5563 temperetur,
344 5488 589 5562 quemadmodum
611 5494 640 5544 et
655 5494 756 5559 tactim,
772 5486 852 5545 velut
874 5488 905 5544 in
920 5506 980 5544 me·
1038 5504 1172 5546 mensure
1190 5490 1352 5558 existentes,
1368 5488 1414 5546 bis
1438 5488 1526 5547 etism
1545 5504 1596 5546 sne
1616 5488 1785 5545 rectitudine
1807 5488 1888 5559 justa
