3984 6034
127 152 175 205 ΤΗ
322 212 327 215 ,
870 144 898 200 S.
919 143 1153 225 flttneornnis
1822 146 1878 197 772

125 296 181 353 que
204 276 289 333 modo
317 276 351 331 ad
377 274 526 331 scientiam
555 272 604 329 Dei
630 273 816 339 declinantes,
845 272 914 343 qnia
940 272 972 327 iu
989 272 1257 343 Aconcupiscentia
1274 272 1386 328 inutilis
1399 277 1452 341 est,
1469 273 1601 329 cllocem
1616 273 1746 328 cantatis
1758 288 1818 328 non
1833 274 1877 328 in·

124 367 242 424 scientia
264 365 314 421 Dei
345 370 422 430 suut,
447 363 594 418 bominem
607 360 642 416 ad
661 376 806 432 quamque
818 361 970 432 justitiam,
1025 361 1122 433 spicit,
1143 366 1173 416 et
1186 360 1262 433 qnod
1276 377 1342 416 cum
1369 362 1484 417 incestis
1498 360 1633 433 operibus
1647 363 1779 429 exsultat,
1809 366 1877 432 post

125 462 153 512 et
195 455 231 510 ed
264 452 466 508 rectitudinem
489 450 648 507 coelestium
674 450 780 522 pariter
800 450 970 520 perducunt.
1026 466 1078 521 per
1091 450 1238 505 tristitiam
1252 452 1334 522 quasi
1348 466 1456 520 aquosa
1474 449 1673 505 submersione
1702 450 1873 505 suffocatur.

125 545 230 600 Omnes
245 542 323 598 enim
343 542 462 595 virtutes
477 540 512 595 ad
527 540 716 594 salvationem
743 538 867 593 hominis
894 538 970 592 lasti·
1026 539 1126 609 ltaque
1151 537 1268 593 dextera
1292 553 1357 609 pars
1371 538 1455 593 bonae
1469 537 1642 592 scientiead
1671 538 1763 592 Deum
1785 554 1815 592 se
1830 538 1874 592 le·
1974 587 1975 598 ,

126 638 227 688 uenter
241 635 370 697 currunt,
385 628 517 701 quamvis
540 626 570 682 iu
585 642 644 681 uno
659 626 776 681 bomine
792 626 900 697 pariter
912 641 971 679 non
1026 632 1084 695 ιιι,
1098 632 1128 681 ιι
1154 628 1260 681 malam
1280 628 1498 682 delectationem
1526 626 1684 692 conculcet,
1707 630 1795 697 atque
1822 626 1876 680 tri·

125 724 291 793 appareant.
319 720 389 773 llam
421 716 563 788 judicium
593 714 642 770 Dei
664 714 810 770 bominem
836 718 969 783 exterret,
1026 717 1135 771 stitiam
1160 715 1308 772 abstrahit.
1322 715 1368 771 Sic
1385 731 1455 787 ergo
1478 715 1595 770 dextera
1616 714 1741 780 Domini,
1769 715 1800 769 id
1830 720 1878 770 est

125 811 279 882 ipsumque
295 806 450 871 examinat,
480 819 532 859 nec
546 819 619 873 opus
633 802 759 857 bominis
787 802 971 874 relinquitur,
1027 805 1166 862 tortitudo
1181 806 1243 876 ejus
1259 804 1327 860 iacit
1343 804 1477 859 virtutem
1492 804 1577 872 banc,
1596 809 1630 859 ιιι
1647 803 1781 858 homines
1805 820 1875 859 eum

125 897 203 969 quod
234 896 344 967 judicio
371 893 421 949 Dei
449 907 507 948 nou
529 892 700 961 excutietur,
726 890 795 963 quia
830 890 973 961 judicium
1028 911 1079 966 per
1101 894 1187 949 tidem
1202 897 1387 965 cognoscant,
1415 896 1445 948 ct
1470 908 1558 964 opere
1577 908 1629 947 sua
1651 892 1684 947 in
1696 892 1802 948 timore
1826 894 1875 965 ip·

126 986 176 1042 Dei
187 987 297 1056 justum
317 983 415 1039 omnia
430 982 507 1053 juste
534 980 681 1050 dijudicet.
698 980 794 1035 Sedet
821 978 974 1042 prudentia
1028 981 1087 1036 sius
1100 985 1267 1053 operentur,
1282 985 1370 1053 atqm
1396 979 1497 1035 eadem
1523 980 1641 1035 dextera
1665 996 1717 1051 per
1730 981 1875 1051 preniten-

126 1075 200 1131 vires
225 1090 290 1128 suas
310 1087 375 1127 cum
406 1068 588 1141 providentie
618 1068 730 1123 bomini
746 1068 887 1135 immittit,
902 1082 974 1139 qua·
1027 1069 1098 1125 tiam
1111 1070 1216 1123 exaltat
1242 1084 1299 1135 me,
1314 1068 1365 1140 qui
1394 1068 1475 1140 prius
1495 1068 1527 1123 iu
1541 1067 1664 1140 peccatis
1690 1070 1873 1136 sordueram,

125 1162 319 1219 tennsluxum
334 1160 430 1215 seculi
450 1157 609 1230 prudenter
636 1156 785 1228 abjiciens,
814 1156 974 1211 castitatem
1029 1173 1142 1213 necnon
1151 1161 1181 1212 et
1194 1157 1258 1228 ipsa
1272 1156 1340 1213 lacit
1354 1158 1490 1213 virtutem
1504 1163 1571 1228 post
1582 1156 1782 1227 poeniteutiam
1809 1174 1878 1229 pec-

126 1251 334 1323 amplectatnr3
356 1247 654 1319 patientiaverocum
683 1244 902 1300 mansuetudine
931 1244 974 1316 ip·
1029 1252 1157 1303 catorum
1182 1261 1322 1312 meorum,
1342 1246 1384 1300 ita
1397 1251 1430 1301 ιιι
1453 1250 1534 1300 tauto
1548 1244 1692 1301 desiderio
1717 1246 1748 1301 iu
1776 1262 1877 1301 amore

127 1358 190 1396 sum
213 1340 316 1411 tangit,
349 1342 379 1391 nt
404 1335 578 1391 tentationes
591 1334 685 1388 carnis
701 1334 845 1404 patienter
859 1349 974 1404 quoque
1030 1336 1081 1390 Dei
1109 1335 1236 1403 ardeam,
1265 1339 1406 1405 quatenus
1435 1333 1502 1388 iude
1527 1334 1651 1389 saturari
1668 1350 1729 1389 nou
1751 1337 1873 1406 possim.

126 1427 254 1492 sufferat,
278 1426 416 1497 quoniam
438 1424 470 1478 in
496 1428 618 1493 utroque
639 1438 718 1488 sexu,
738 1422 791 1475 viri
815 1422 921 1476 scilicet
946 1424 976 1476 el
1030 1424 1110 1478 Unde
1133 1423 1218 1478 etiarn
1244 1423 1275 1477 iu
1302 1422 1427 1493 peccetis
1451 1437 1511 1477 nou
1537 1422 1652 1486 moriar,
1678 1424 1794 1505 quando
1820 1440 1877 1495 per

125 1516 252 1582 leminae,
290 1514 377 1568 ardor
417 1510 539 1567 carnalis
563 1510 798 1581 concupiscentie
823 1509 974 1564 virtutibus
1030 1512 1230 1583 poeniteutiam
1253 1527 1355 1567 eorum
1379 1526 1511 1582 resurgo,
1526 1512 1575 1566 sed
1590 1527 1753 1582 perieram
1777 1518 1878 1584 etpu-

126 1606 188 1659 istis
204 1604 266 1658 siue
281 1602 367 1657 taedio
393 1600 576 1671 negligentiae
598 1598 752 1670 sopiendus
768 1602 819 1653 est.
846 1598 975 1669 Quapro-
995 1569 1016 1624 B
1030 1618 1093 1656 ram
1105 1600 1304 1673 poenitentiam
1319 1616 1408 1672 quam
1419 1600 1457 1655 ad
1476 1601 1567 1686 Deum
1581 1601 1683 1663 babeo,
1698 1600 1728 1655 iu
1756 1604 1876 1656 aeterm-

126 1692 302 1763 pternullus
324 1688 453 1745 tideliom
482 1690 558 1759 ipsas
585 1687 767 1759 negligenter
795 1686 910 1753 lrabeat,
939 1702 976 1741 ne
1031 1695 1089 1745 tale
1110 1691 1215 1759 viram,
1228 1695 1258 1745 et
1271 1690 1312 1745 sic
1327 1689 1363 1744 de
1386 1694 1479 1745 morte
1491 1695 1617 1761 ereptus,
1639 1690 1763 1746 narrabo
1783 1690 1878 1745 mira-

127 1781 236 1837 eumiu
265 1778 397 1833 ariditate
417 1776 601 1843 desiccatum,
618 1781 667 1830 aut
692 1776 723 1830 in
740 1774 976 1847 concupiscentiis
1030 1775 1100 1830 bilia
1130 1776 1246 1832 Domini
1268 1776 1299 1831 in
1317 1776 1422 1832 timore
1447 1780 1590 1833 elamore
1617 1777 1874 1851 ipsius,qnoniarn

127 1868 291 1925 carnalibus
327 1865 495 1921 suffocatum
529 1863 705 1935 relinquant,
741 1862 789 1917 sed
816 1878 864 1917 eas
894 1861 977 1917 bonis
1031 1865 1118 1919 morti
1132 1880 1178 1919 mc
1195 1881 1254 1920 non
1272 1864 1401 1934 tradidit,
1426 1866 1475 1921 sed
1489 1880 1537 1921 me
1551 1864 1587 1919 de
1609 1866 1746 1922 infernali
1774 1870 1876 1938 perdi·

127 1957 262 2030 operibus
274 1955 412 2022 imitetur,
428 1957 570 2025 qiiateuus
593 1952 689 2022 ipsum
716 1950 840 2005 inomni
868 1948 977 2004 saumi-
1030 1952 1110 2007 tione
1122 1951 1238 2023 eripuit.

128 2052 185 2102 tate
212 2050 390 2100 conservent.
429 2041 458 2097 Si
477 2046 574 2096 autem
605 2042 691 2095 homo
728 2040 817 2119 Deum
842 2037 975 2111 negligit,
1031 2041 1127 2109 Quone
1147 2039 1322 2112 principalia
1342 2040 1580 2113 septentrionalis
1596 2045 1697 2099 centua
1712 2058 1733 2099 o
1750 2043 1879 2101 ιίιιίιινα

125 2137 203 2207 justo
229 2132 338 2203 iudicio
365 2129 455 2202 ipsius
476 2130 560 2183 etiam
576 2128 737 2199 corporales
761 2128 975 2197 castigationes,
1063 2115 1149 2183 We
1161 2110 1242 2166 ‘'aiil-⁹
1255 2112 1386 2167 mmm
1410 2111 1547 2185 ίΜθῖπῦ
1559 2113 1645 2185 91441θί
1665 2118 1754 2185 capul
1767 2118 1831 2171 vrri
1845 2116 1880 2171 ia

127 2229 160 2281 ut
173 2223 342 2296 praedictum
365 2225 416 2288 est,
445 2219 547 2290 saepius
570 2218 701 2285 incurrit,
721 2217 761 2271 ila
781 2222 812 2272 ut
844 2222 903 2272 lam
941 2218 977 2273 dc
1065 2181 1880 2328 {ffrrggggfflmffigamhffiafflnmlffi

129 2310 327 2385 superioribus
350 2324 437 2381 qnam
463 2308 497 2362 de
523 2307 733 2363 subterioribus
760 2306 919 2373 elementis,
950 2310 978 2361 et
1064 2297 1290 2396 921„me
1303 2322 1444 2382 videaur·
1552 2297 1559 2324 ’

128 2400 276 2463 creaturis,
301 2398 383 2453 etin
414 2396 509 2451 calore
533 2401 562 2451 et
584 2395 702 2467 frigore,
723 2394 755 2449 in
783 2395 909 2450 siccitate
950 2399 979 2449 et
1064 2412 1185 2468 mm,
1208 2412 1250 2467 gd
1279 2411 1424 2467 ,inuisam
1444 2428 1512 2468 mo
1540 2412 1667 2484 praefgioe
1687 2413 1824 2487 imagini,
1848 2417 1881 2473 in

127 2488 310 2555 humidiiflifl,
340 2502 372 2542 80
397 2486 428 2541 in
455 2484 518 2539 aliis
541 2484 721 2540 multimodis
748 2484 896 2555 pressuris,
928 2482 978 2538 fla·
1032 2500 1114 2572 gjguo
1130 2500 1205 2571 nigri
1227 2500 1303 2571 iguig
1325 2501 1407 2572 quusi
1432 2506 1519 2572 eaput
1533 2502 1591 2557 ursi
1607 2508 1737 2575 apparet,
1769 2506 1848 2577 quud
1862 2523 1882 2561 u

128 2578 203 2650 8⁰¹¹⁰
221 2576 268 2634 ⁰⁰5
284 2575 439 2647 Sublimem,
460 2573 529 2646 <1⁰5³
552 2572 742 2628 ⁰⁰⁰⁸²³¹¹²i⁸¹1¹
758 2572 895 2627 Virtutum
919 2586 978 2625 ⁰⁰¹¹
1031 2588 1250 2659 septentrionali
1273 2589 1359 2660 plaga
1384 2590 1531 2644 multoties
1561 2592 1737 2647 contrarium
1767 2592 1883 2650 bomini

128 2666 296 2737 inspiciens,
327 2664 488 2735 inlelligere
511 2662 604 2717 noluit
634 2662 704 2733 quid
728 2660 820 2715 facere
847 2660 975 2716 debbl'ei.
1031 2676 1067 2732 du
1089 2675 1174 2748 nigro
1198 2676 1266 2748 igue
1279 2677 1359 2731 velut
1390 2691 1490 2732 ursum
1527 2679 1716 2750 principalem
1747 2687 1879 2751 quntum,

128 2756 201 2812 Cum
215 2753 293 2809 enim
318 2752 439 2808 virtutes
453 2751 485 2807 iu
508 2749 704 2823 spiritualibus
731 2749 822 2803 causis
845 2748 977 2803 homines
1032 2764 1140 2819 mque„
1162 2765 1428 2836 ,gpunupongpeu
1452 2764 1483 2820 in
1510 2766 1646 2837 periculi,
1673 2772 1881 2841 tempestatum

128 2844 273 2909 imbuunt,
299 2842 329 2896 in
359 2839 522 2896 carnalibus
550 2853 665 2910 quoque
681 2836 837 2908 prudentes
860 2835 925 2891 illos
939 2834 979 2891 la·
995 2858 1017 2916 c
1032 2852 1137 2924 „rpus
1147 2852 1264 2924 prodire
1278 2854 1414 2922 utendis,
1430 2854 1567 2927 quonium
1583 2872 1618 2911 εχ
1637 2856 1720 2929 nigro
1734 2859 1802 2929 igne
1824 2865 1879 2918 032,

129 2934 219 2999 ciunt,
236 2932 403 2986 iteutcum
426 2928 555 2984 nondum
574 2927 676 2981 inillis
702 2924 798 2997 palam
827 2930 977 2996 apparent,
1032 2940 1145 2997 Equo„
1162 2941 1248 2997 ,uam
1272 2941 1516 3014 quemadmodum
1540 2960 1624 2999 umus
1643 2944 1882 3004 jnjmsubmuf.

129 3022 164 3077 ad
183 3022 317 3077 timorem
338 3018 454 3074 Domini
468 3016 543 3088 ipsos
567 3016 686 3071 silenter
700 3012 844 3069 multoties
873 3028 976 3068 concu·
1032 3034 1139 3097 muru·
1155 3034 1226 3086 02⁰2
1241 3030 1290 3085 ju,
1308 3030 1339 3086 jn
1362 3034 1467 3087 natum
1492 3048 1543 3087 ,ua
1564 3048 1690 3106 mquam
1709 3036 1815 3103 uiuit,
1841 3037 1883 3094 pu

128 3112 211 3166 tiam.
225 3109 279 3164 sed
296 3123 360 3163 eum
377 3121 407 3161 80
425 3107 456 3160 in
471 3104 510 3159 Di!
526 3104 720 3167 manifestsssst,
744 3102 786 3157 lib
800 3100 887 3157 illini
917 3102 977 3155 Vir·
1032 3123 1062 3175 η
1087 3122 1190 3173 ηῃως
1216 3118 1271 3174 istu
1290 3120 1372 3190 qimi
1387 3120 1650 3178 submurmurando
1668 3127 1883 3182 commotiones

129 3204 203 3255 tutes
229 3201 327 3269 aperte
357 3210 410 3268 par
434 3194 604 3249 charitalem
632 3191 977 3259 ⁰⁰l³11221¹¹110fim⁰l⁰ffl
1032 3210 1061 3261 ιι
1074 3205 1211 3277 strepitus
1228 3222 1261 3263 ac
1274 3206 1401 3278 pericula
1422 3208 1454 3263 in
1472 3209 1690 3281 tempestatibus
1715 3211 1884 3284 latiquando

130 3285 245 3342 Domini
269 3284 350 3355 prius
377 3282 432 3355 ipsi
457 3282 487 3337 in
514 3278 723 3353 temporalibus
751 3279 885 3335 habuisse
903 3279 979 3335 ride-
1032 3298 1124 3366 pam,
1140 3295 1194 3351 sed
1221 3296 1392 3367 quodveput
1416 3296 1517 3353 quum
1536 3314 1570 3353 εχ
1593 3315 1643 3355 οη
1666 3316 1718 3355 ,ῃο
1743 3303 1802 3373 Μ,
1831 3304 1885 3376 quq

129 3374 249 3443 buntur,
279 3387 345 3427 cum
374 3386 451 3425 nunc
471 3370 696 3441 magisploplfll
719 3368 893 3423 desiderium
922 3384 978 3423 ιω·
1033 3383 1121 3438 etism
1148 3384 1184 3439 ad
1210 3369 1340 3439 dextram
1363 3389 1392 3440 et
1421 3385 1458 3439 ad
1475 3386 1621 3442 sinistram
1645 3389 1702 3444 oris
1716 3389 1808 3460 ipsius
1832 3392 1885 3447 ali·

129 3461 346 3537 testiumquam
367 3455 808 3529 proptermetnminiernulium
826 3470 977 3526 paenorum
1033 3476 1175 3544 quanqum
1205 3473 1235 3528 pn
1264 3473 1386 3544 longum
1409 3488 1440 3528 ,Θ
1460 3475 1626 3544 aunum,
1649 3477 1682 3531 ,d
1699 3478 1829 3533 domm
1851 3480 1884 3534 j„

132 3548 363 3606 acarnalibusse
380 3545 581 3613 subtraxerint,
610 3550 639 3600 et
658 3543 693 3599 ad
726 3543 884 3615 spiritualia
911 3561 978 3601 con·
1033 3561 1201 3633 cgputggnj
1228 3560 1344 3630 desinit,
1365 3561 1402 3617 „d
1430 3562 1658 3620 ,jnistmmvero
1685 3566 1806 3621 formam
1837 3584 1885 3623 ω.

130 3637 267 3694 ιιιιιιίιιι
294 3650 346 3707 per
374 3634 573 3690 tortitudinem
593 3633 742 3689 beatarum
766 3633 908 3688 uirtutum
932 3648 977 3687 ro·
1033 3648 1102 3719 piu,
1125 3649 1267 3720 menti,
1292 3649 1406 3721 accipit,
1436 3649 1491 3705 1100
1518 3652 1651 3724 designat
1682 3656 1759 3725 quod
1779 3661 1883 3711 ,enim

131 3726 234 3795 bonati,
260 3722 505 3797 quemadmodum
529 3720 615 3778 David
635 3725 766 3790 testatur,
794 3720 843 3776 ubi
871 3722 901 3776 in
927 3723 980 3791 svo·
1033 3737 1079 3791 bic
1108 3754 1125 3791 ρ
1152 3738 1273 3808 pmpm
1299 3739 1517 3808 septentrionali
1543 3740 1630 3812 pugg
1655 3743 1762 3811 men„
1788 3750 1818 3800 et
1844 3747 1883 3801 ,b

130 3816 238 3871 luntete
250 3828 314 3869 mea
329 3812 417 3869 dicit:
1035 3832 1156 3898 utraque
1169 3832 1251 3899 parte
1261 3827 1306 3882 sui
1317 3826 1348 3883 iu
1362 3828 1482 3900 longum
1492 3830 1661 3900 procedens,
1685 3834 1721 3888 ad
1752 3834 1884 3892 dextram

134 3918 341 3979 Testimonium
354 3918 390 3973 de
406 3916 520 3989 psalmo
539 3932 611 3998 caen
627 3916 668 3973 cd
684 3917 736 3972 boc
753 3931 923 3981 cmmonuos,
952 3918 981 3969 et
1034 3914 1065 3969 iu
1081 3915 1199 3970 lenitate
1213 3921 1322 3970 natura
1333 3917 1412 3988 agui,
1427 3917 1478 3989 qui
1492 3919 1565 3974 lenis
1579 3924 1608 3974 et
1623 3936 1681 3975 non
1704 3922 1884 3992 periculosus

344 3986 770 4061 qwlDOdOi'ilssult'ffldllmi'i·
1035 4007 1087 4072 est,
1112 4003 1388 4074 transit,'quoniam
1411 4005 1588 4077 inpartibus
1608 4009 1779 4066 illisrentus
1805 4013 1884 4071 idem

168 4098 300 4154 xxvito
324 4098 446 4151 Dextera
469 4094 582 4150 Domini
604 4094 673 4150 iecit
693 4094 841 4159 virtutem,
863 4091 980 4147 dextera
1000 4107 1066 4187 ί)ιι
1094 4091 1240 4147 interdum
1261 4092 1361 4147 mitem
1386 4094 1522 4150 ostendit.
1547 4096 1588 4153 ld
1616 4097 1761 4154 sinistram
1785 4107 1884 4158 ιιιιιιιι

135 4186 251 4242 Domini
266 4184 400 4240 exultavit
426 4199 483 4249 me,
514 4182 630 4238 dextera
656 4180 771 4237 Domini
798 4179 864 4235 iecit
890 4180 979 4235 virtu·
1037 4184 1200 4250 serpentem
1222 4180 1361 4249 imitatur,
1385 4182 1436 4253 qui
1456 4183 1560 4239 leuiter
1592 4184 1710 4256 quidem
1749 4186 1882 4257 primum

132 4280 201 4331 tem.
218 4275 280 4328 Non
296 4272 402 4327 moriar
426 4271 474 4326 sed
500 4271 604 4340 rivam,
632 4274 661 4325 et
675 4269 798 4325 narrabo
827 4284 914 4340 opera
929 4270 983 4325 Do-
1035 4268 1153 4336 labitur,
1174 4268 1224 4324 sed
1249 4270 1436 4340 postmodum
1456 4272 1672 4344 praecipitanter
1695 4280 1838 4343 moretur,
1854 4282 1887 4332 ct

131 4362 214 4420 mini.
234 4384 244 4411 ι
261 4360 342 4426 Quod
359 4360 399 4415 sic
422 4358 582 4415 intellectui
609 4361 706 4429 patet:
733 4357 825 4413 Homo
840 4356 983 4429 {primitus
1035 4373 1100 4414 cum
1127 4359 1169 4412 sic
1192 4356 1264 4413 nibil
1291 4360 1437 4429 prevalet,
1465 4360 1613 4417 bominem
1638 4362 1756 4431 timens,
1772 4366 1886 4438 snppli-

132 4452 338 4526 pertimerem
360 4448 409 4504 Dei
438 4454 466 4504 et
487 4446 692 4521 gehennalium
703 4446 892 4519 poenarnm1a
910 4446 982 4502 siui-
1036 4461 1101 4501 cars
1121 4445 1232 4517 incipit,
1257 4446 1326 4518 quia
1352 4451 1381 4503 et
1404 4452 1506 4503 ventus
1527 4448 1582 4504 iste
1604 4449 1662 4505 illic
1684 4452 1766 4523 quasi
1800 4452 1884 4508 dece-

135 4547 192 4597 stra
211 4540 393 4609 declinatae
420 4542 519 4610 postea
536 4552 587 4607 per
611 4551 739 4591 amorem
756 4535 805 4590 Dei
827 4536 864 4591 ad
889 4536 984 4591 dexte·
1037 4538 1139 4607 ptnose
1153 4534 1213 4589 sine
1236 4535 1356 4606 strepitu
1378 4534 1410 4590 in
1438 4536 1598 4607 primordio
1620 4540 1814 4611 progreditur,
1832 4544 1885 4598 sed

134 4644 206 4697 ram,
228 4627 258 4682 id
274 4630 316 4683 est
340 4625 376 4681 ad
389 4625 530 4681 desideria
546 4622 705 4679 coelestium
722 4623 862 4679 bonorum
885 4640 983 4680 ascen·
1036 4622 1230 4678 tandemcnm
1246 4623 1607 4696 periculoretutdolosum
1631 4631 1660 4681 et
1686 4628 1828 4685 immitem
1854 4648 1886 4686 se

135 4716 187 4773 dit.
215 4716 294 4781 Quod
315 4716 384 4771 dum
414 4714 507 4769 iacere
533 4710 694 4783 increperit,
721 4710 878 4768 fortissima
903 4728 985 4768 arma
1037 4710 1225 4779 demonstrat,
1241 4715 1349 4767 etcum
1377 4712 1510 4768 homines
1528 4729 1558 4768 se
1574 4715 1636 4786 jam
1650 4716 1743 4787 perire
1769 4723 1884 4789 putant,

134 4804 189 4861 sibi
201 4804 308 4871 induit,
319 4802 387 4875 quia
406 4802 513 4857 bonam
527 4799 676 4855 scientiam
699 4816 717 4854 a
740 4801 816 4855 mala
829 4800 982 4871 separarit.
1036 4800 1143 4855 iterum
1166 4799 1198 4855 iu
1220 4799 1368 4855 lenitatem
1391 4802 1555 4858 mrertitur.
1588 4804 1624 4857 lix
1639 4819 1689 4858 ore
1714 4810 1810 4861 autem
1834 4824 1886 4863 ca·

136 4893 216 4950 Unde
243 4896 271 4947 el
291 4891 359 4946 huic
374 4888 483 4960 duplici
511 4888 638 4944 scicntia
662 4889 762 4944 oculus
791 4893 984 4960 comparatur,
1037 4887 1106 4959 pitis
1120 4888 1299 4960 aguibujus,
1320 4890 1566 4962 quemadmodum
1586 4891 1659 4947 alius
1678 4891 1772 4963 ssatus,
1792 4912 1885 4969 nsque

136 4982 187 5056 qui
205 4996 343 5054 aquosum
367 4978 508 5034 circulum
527 4977 602 5033 inira
618 4977 780 5033 albedinem
800 4992 882 5031 suam
897 4976 985 5032 situm
1038 4975 1074 5031 ad
1089 4976 1273 5032 medietatem
1289 4977 1374 5049 spatii
1387 4979 1463 5050 quod
1492 4979 1567 5035 iuter
1585 4981 1678 5052 capita
1693 4982 1753 5037 ursi
1774 4990 1802 5038 et
1828 4985 1887 5042 leo

134 5070 232 5139 babet,
261 5066 507 5141 quemadmodum
535 5071 564 5122 et
590 5082 638 5121 ras
652 5066 800 5138 speculum
820 5065 850 5119 in
871 5080 901 5119 se
915 5080 985 5121 con·
1038 5064 1121 5138 pardi
1148 5068 1248 5133 exstet,
1265 5081 1295 5121 se
1313 5066 1479 5139 prolongat,
1495 5068 1634 5139 quoniam
1653 5070 1689 5125 ad
1718 5070 1884 5130 similitudi-

136 5160 219 5226 tinet,
244 5158 382 5230 quoniam
404 5157 481 5212 male
504 5154 633 5222 scientis,
662 5170 727 5226 quoe
757 5168 810 5224 per
837 5152 982 5209 sinistram
1038 5168 1107 5210 nem
1125 5154 1194 5225 agni
1216 5158 1320 5210 ventus
1334 5154 1387 5211 iste
1407 5156 1668 5228 priucipalirento,
1685 5159 1782 5231 quide
1799 5162 1886 5234 plaga

136 5243 321 5318 intelligitur,
350 5249 393 5301 est
419 5245 499 5300 reiut
520 5259 569 5299 ιιι
591 5242 675 5298 bones
698 5240 824 5297 scientie
848 5257 913 5313 quas
934 5258 987 5313 per
1040 5242 1244 5313 septentrionis
1275 5244 1406 5315 procedit
1430 5245 1612 5315 collateralis,
1639 5262 1731 5320 nsque
1757 5249 1794 5304 ad
1820 5266 1885 5306 me-

136 5337 283 5393 dexteram
303 5334 451 5407 accipitur.
483 5334 554 5389 Nam
573 5331 671 5388 dexter
694 5330 793 5387 oculus
808 5328 892 5385 bona
901 5330 989 5388 scien·
1040 5330 1175 5386 dietatem
1198 5331 1372 5388 extensionis
1403 5349 1468 5405 que
1495 5334 1573 5391 inter
1598 5336 1825 5408 septentrionem
1856 5346 1886 5398 et

139 5422 186 5477 tice
204 5422 312 5497 ubique
327 5420 519 5494 circumspicit
541 5424 570 5477 et
582 5420 746 5476 considerat
760 5418 836 5492 qnod
863 5418 987 5477 cmnelis
1041 5419 1182 5476 orientem
1195 5424 1249 5488 est,
1262 5421 1337 5477 viras
1349 5436 1416 5479 suas
1428 5421 1526 5481 tleudo
1537 5424 1652 5494 emittit,
1679 5425 1750 5499 quia
1762 5427 1794 5483 iu
1816 5443 1885 5500 pnr-
