3984 6034
69 220 134 271 ros
713 217 973 276 scivias-ms.
993 193 1154 286 nunno
1172 218 1215 275 u.
1782 223 1834 276 no

109 355 216 424 fideles
225 353 383 421 dilanians,
391 354 515 421 fetorem
526 369 584 408 sue
594 352 777 408 crudelitatis
790 358 818 408 et
830 353 977 410 insaniam
996 355 1200 410 rsrordacitatis
1211 369 1269 411 sua
1293 355 1457 412 hominibus
1478 354 1615 422 infundit.
1641 357 1719 426 Quod
1744 356 1836 412 l'ilius

114 425 287 496 perditionis
301 442 371 495 quos
382 423 533 480 blanditiis
546 442 604 478 mm
622 427 726 494 potest,
739 425 950 480 crudelissimis
964 427 1211 497 persecutionibus
1229 427 1379 482 incursare
1401 427 1530 483 tmdnbit.
1554 427 1633 492 Quod
1660 426 1790 482 Ecclesia
1804 429 1835 481 in

115 496 363 551 consummatione
376 494 479 551 muudi
499 493 679 551 nobilissimo
704 495 845 568 sanquine
869 496 1074 567 perfundetur,
1099 515 1188 570 mque
1206 497 1245 552 ad
1271 497 1341 552 duos
1366 501 1450 552 testes
1469 497 1608 552 ueritatis.
1632 497 1709 564 Quod
1734 514 1786 552 nos
1804 498 1834 552 in

113 567 239 638 septimo
252 565 421 622 millenario
434 581 542 620 seimus.
555 566 616 632 Qun
630 565 665 620 de
678 581 768 621 causo
790 568 865 620 Ocus
878 581 954 622 noco
975 570 1087 623 secreto
1104 571 1132 621 et
1145 567 1239 624 multa
1257 567 1381 640 mystica
1408 568 1545 624 hactenus
1559 567 1681 624 latentia
1704 584 1757 639 per
1777 585 1835 623 non

115 637 282 707 loquentem
312 640 338 692 et
359 637 507 692 indoctum
534 637 670 708 loquitur.
697 637 865 691 Exhortatio
890 636 941 692 liei
962 637 1001 692 ad
1027 637 1156 694 doctores
1186 655 1225 694 ne
1246 639 1319 694 hunc
1347 654 1507 693 summum
1532 645 1682 709 spernant,
1716 639 1767 693 sed
1789 639 1835 694 uel

113 704 383 763 ciclorinsissimum
390 707 528 762 ossillum
538 710 640 763 contra
651 706 748 773 filium
760 705 927 778 iniquitatis
935 708 1054 764 etment.
1077 709 1171 766 Verba
1185 709 1311 782 Spiritus
1319 709 1414 764 sancti
1423 709 1461 764 ad
1470 707 1628 764 Ecclesium
1636 709 1671 762 de
1682 708 1836 766 nmsssimo

115 781 256 849 tempore.
272 777 459 850 Euangelium
482 777 519 832 de
541 778 649 833 ecdem.
674 776 752 843 Quod
773 779 887 834 turbato
905 778 972 834 orbe
986 785 1110 850 quatuor
1123 780 1265 836 elesnenta
1278 780 1430 836 abluentur
1450 783 1478 834 el
1494 779 1624 836 Ecclesia
1637 779 1669 834 in
1684 778 1759 852 titiis
1772 779 1835 836 suis

112 847 295 919 implebitur,
320 865 356 902 ne
378 848 508 904 membra
538 849 634 906 desim
646 847 750 972 copiti.
767 849 844 914 Quod
857 864 959 902 cursus
972 849 1073 904 usundi
1086 867 1161 906 nnnc
1184 851 1216 905 in
1230 850 1353 923 septimo
1374 866 1492 905 numero
1514 855 1566 915 est,
1589 852 1692 922 etpost
1708 850 1834 906 laborem

113 919 219 991 sipilta
240 916 458 990 scripturarum
495 923 597 990 aperte
622 924 650 974 et
689 917 783 975 eniter
797 922 829 973 ut
865 921 897 972 in
918 919 970 974 hoc
994 919 1279 1002 libroprolernntur,
1304 924 1332 975 et
1354 921 1432 975 olins
1454 937 1591 974 nummus
1613 923 1739 986 nonest,
1759 921 1835 993 quod

113 993 260 1061 superest,
276 986 384 1045 homs'ni
404 989 552 1044 sciendum
572 993 700 1044 nonest.
718 990 906 1061 QuoreDeus
920 989 1030 1046 Filium
1053 1007 1137 1046 suum
1162 992 1252 1047 uoluit
1266 992 1424 1046 subarrhari.
1453 994 1492 1046 De
1511 989 1687 1046 Antichristo
1700 993 1728 1044 et
1740 995 1835 1046 matre

114 1063 191 1129 ejus.
219 1059 300 1126 Quod
316 1062 445 1115 amatre
459 1058 585 1130 magicis
602 1058 715 1115 artibus
734 1059 903 1127 instructus,
916 1059 948 1114 in
965 1060 1087 1116 diuersis
1103 1063 1246 1118 creaturis
1269 1063 1442 1126 uoluntatem
1467 1077 1551 1117 suam
1572 1061 1761 1133 permissione
1780 1063 1835 1118 Dei

115 1135 240 1186 ecercd.
261 1133 300 1185 Ee
312 1132 454 1201 potestate
476 1131 540 1200 ejus
553 1129 715 1186 eldibersis
728 1129 879 1186 miraculis
905 1146 967 1202 qua
978 1133 1084 1200 secere
1104 1132 1225 1188 ridetur.
1256 1132 1348 1190 Verba
1368 1131 1465 1204 Moysi
1484 1132 1519 1188 de
1541 1130 1648 1188 oisiom
1670 1132 1731 1188 hei.
1757 1131 1836 1198 Quod

112 1199 234 1272 qrddam
248 1200 391 1256 adiabolo
402 1200 514 1272 decepti
581 1205 660 1257 tenta
673 1200 705 1256 in
726 1201 869 1256 creaturis
882 1201 1041 1281 fallaciter
1064 1203 1230 1272 ostersdunt;
1243 1203 1294 1258 sed
1311 1221 1362 1258 eos
1383 1207 1413 1257 in
1437 1203 1529 1258 olium
1554 1203 1668 1258 modum
1688 1205 1834 1258 transmu-

113 1275 182 1327 tare
202 1288 260 1326 non
286 1274 415 1342 possunt.
449 1271 471 1338 0
562 1270 674 1327 disemo
701 1271 784 1327 modo
817 1271 1016 1327 Antichristus
1039 1289 1106 1328 suos
1131 1272 1256 1346 decipiat
1288 1277 1316 1328 et
1346 1289 1398 1329 cur
1426 1273 1479 1329 boc
1511 1271 1559 1327 illi
1580 1275 1756 1346 permissum
1781 1273 1830 1330 sil.

112 1345 155 1397 lle
185 1341 326 1397 simulata
368 1344 456 1396 morte
494 1340 674 1404 ,tnlichristi
711 1342 747 1397 de
786 1341 933 1414 scriptura
972 1342 1202 1412 maledictionis‚·
1236 1344 1287 1416 qui
1321 1342 1386 1398 huic
1422 1343 1638 1412 contradicerit,
1674 1342 1829 1400 occidetur.

118 1412 216 1468 Verbo
234 1411 369 1467 Joonnis.
399 1415 438 1468 Ee
465 1413 566 1468 Enoch
589 1416 618 1468 sl
644 1411 714 1468 Elio
731 1428 822 1484 quare
842 1412 882 1468 ad
901 1412 933 1466 id
958 1417 1067 1484 tempus
1092 1414 1229 1470 reseranti
1255 1418 1332 1469 sunt.
1362 1415 1456 1470 Verbo
1474 1413 1592 1469 illorum
1616 1413 1655 1468 ad
1665 1414 1746 1488 filios
1765 1414 1831 1470 Dei.

113 1485 155 1537 lie
168 1482 244 1538 neris
254 1482 471 1556 siqnisillosum
481 1484 583 1554 guibm
595 1484 682 1553 salsa
696 1483 873 1540 entnhrs'sn'
886 1483 1074 1552 abjiciantur.
1099 1485 1177 1552 Quod
1191 1484 1381 1557 permissione
1395 1484 1444 1540 Dei
1460 1484 1659 1546 coruummati.
1672 1487 1833 1541 mercedem

112 1553 245 1608 laborum
263 1569 380 1609 suorum
393 1558 608 1625 consequentur.
632 1554 710 1621 Quod
730 1554 829 1609 omnia
851 1555 981 1610 membro
1000 1555 1136 1612 Ecclesia
1154 1571 1189 1610 ec
1202 1573 1324 1638 pressum
1347 1559 1430 1610 tuoso
1457 1556 1627 1626 orropontin
1651 1554 1832 1622 hrilichrtsti,

112 1627 235 1679 tremore
248 1623 453 1687 concilientur.
482 1623 613 1696 putantis
635 1641 666 1678 se
679 1640 765 1696 posse
785 1628 950 1696 penetrasse
970 1631 1083 1680 secreta
1103 1625 1281 1693 calestia.Q
1347 1629 1474 1698 potestas
1487 1628 1538 1681 Dei
1559 1624 1834 1686 rnanifestauirtute

105 1693 208 1762 filium
225 1693 398 1766 perditionis
415 1694 578 1750 adnwdum
593 1694 703 1750 diaboti
723 1694 754 1748 in
778 1699 885 1750 sterria
907 1695 1094 1751 damnatione
1114 1696 1281 1768 prosternit.
1307 1696 1386 1764 Osiod
1408 1695 1567 1762 infernalis
1592 1695 1668 1750 letor
1681 1703 1710 1752 et
1727 1695 1833 1752 nebula

111 1767 208 1820 torum
217 1763 353 1820 elationis
361 1764 443 1820 illius
455 1765 580 1836 replebit
592 1769 623 1820 ul
636 1764 748 1836 decepti
762 1765 891 1821 redeant.
916 1766 996 1833 Quod
1013 1766 1072 1821 titio
1091 1766 1261 1838 perditionis
1275 1769 1432 1839 prostrato,
1460 1782 1568 1838 sponso
1582 1765 1687 1822 Christi
1710 1766 1833 1824 candore

110 1835 195 1892 sniru
203 1835 432 1918 pulchritudinis
457 1836 596 1891 clarescet
614 1836 778 1892 errantibus
804 1837 844 1891 od
860 1835 939 1894 mam
961 1836 1097 1894 veritatis
1121 1838 1313 1896 redeuntibus.
1340 1837 1418 1904 Quod
1439 1836 1516 1894 diem
1543 1836 1645 1900 iudicii
1659 1853 1744 1894 nemo
1757 1837 1832 1893 scire

111 1909 221 1978 potent
233 1905 389 1964 niribeus.
403 1905 579 1979 Exemplum
596 1907 632 1962 de
646 1907 793 1964 Samsone.

110 2053 221 2110 Deinde
236 2053 531 2127 vidiedaquilonem,
554 2061 582 2111 et
595 2071 659 2111 ecce
680 2055 721 2111 ibi
733 2054 861 2128 quinque
876 2056 927 2112 be·
945 2059 968 2113 h
984 2063 1016 2112 ut
1039 2056 1134 2112 omnis
1163 2058 1310 2113 muliebris
1342 2057 1438 2124 imego
1472 2056 1503 2111 in
1527 2056 1662 2113 omnibus
1696 2057 1832 2113 membris

71 2142 141 2196 stim
167 2143 290 2211 stabant,
316 2160 440 2216 quarum
473 2159 531 2198 una
558 2150 620 2200 erat
646 2151 679 2201 ut
716 2144 793 2199 cenis
816 2144 926 2215 igneus,
981 2146 1039 2200 suis
1057 2146 1122 2201 inde
1145 2151 1353 2201 concuteretur.
1381 2145 1438 2201 Sed
1462 2147 1581 2202 etvetut
1604 2161 1710 2218 magna
1735 2162 1830 2201 massa

70 2229 128 2284 sed
153 2247 213 2286 non
235 2232 349 2299 ardens,
369 2247 428 2287 una
456 2236 488 2285 ut
512 2231 557 2286 leo
583 2231 652 2287 fulvi
678 2231 793 2302 coloris,
819 2231 875 2287 ulia
897 2237 931 2289 ut
984 2235 1083 2289 multae
1102 2233 1179 2290 lacis
1208 2234 1264 2306 ipsi
1286 2233 1373 2307 capiti
1398 2235 1551 2306 conjuncta
1580 2239 1632 2303 est,
1659 2235 1735 2291 unde
1760 2235 1831 2292 illud

73 2333 174 2390 equus
187 2319 323 2391 pallidus,
346 2321 402 2376 alia
424 2326 456 2376 ut
479 2321 563 2393 niger
578 2339 695 2394 porcus,
723 2323 780 2377 alia
793 2326 825 2377 ut
842 2323 929 2394 lupus
982 2338 1069 2394 supra
1084 2323 1239 2396 quemdam
1255 2327 1381 2378 montem
1402 2337 1432 2378 se
1447 2323 1562 2377 elevans
1576 2321 1756 2378 altitudinem
1774 2339 1829 2380 coe·

71 2409 199 2480 griseus,
220 2415 248 2463 et
278 2425 309 2464 se
335 2410 369 2465 ed
398 2409 575 2466 occidentem
598 2411 756 2467 vertebant.
787 2411 820 2465 Et
835 2410 865 2465 in
881 2426 928 2466 oc·
983 2411 1245 2490 lorum-aseendere
1273 2409 1403 2467 tentavit.
1424 2412 1458 2466 Et
1483 2425 1546 2466 ecce
1562 2411 1641 2466 velut
1664 2409 1735 2466 ictus
1755 2412 1830 2468 toni·

73 2496 194 2552 uidente
233 2512 331 2553 corum
364 2497 463 2554 hestiis
502 2499 559 2553 iltis
592 2499 681 2554 selnti
713 2498 830 2571 quidam
850 2498 929 2554 collis
982 2499 1312 2571 truirepenteveniens.
1334 2499 1429 2570 ipsum
1452 2503 1538 2571 caput
1561 2504 1641 2554 tenta
1663 2499 1831 2558 tortitudine

72 2583 210 2657 quinque
222 2585 317 2657 apices
337 2586 447 2641 habens
469 2586 623 2659 apparuit,
640 2588 681 2643 ita
694 2592 728 2642 ut
752 2587 787 2641 ah
810 2602 859 2641 ore
876 2603 930 2642 cu·
982 2589 1156 2658 repercussit
1183 2589 1261 2660 quod
1289 2593 1317 2643 et
1340 2589 1375 2642 de
1398 2591 1494 2644 monte
1517 2586 1567 2643 illo
1588 2587 1689 2644 cecidit
1703 2591 1731 2643 et
1752 2589 1830 2660 qnod

68 2675 181 2746 iusque
193 2675 292 2729 bestia
310 2675 389 2730 tuuis
409 2690 484 2729 unns
506 2676 542 2730 ad
562 2690 800 2748 unumquemque
818 2675 927 2746 apicem
982 2675 1117 2746 spiritum
1138 2674 1169 2730 in
1197 2680 1321 2730 mortem
1336 2675 1439 2731 emisit.
1465 2675 1543 2730 Unde
1557 2675 1653 2730 subito
1672 2674 1763 2732 letens
1778 2691 1830 2732 ne·

71 2763 170 2833 ipsius
192 2763 271 2818 cottis
302 2763 510 2830 extenderetur,
536 2780 636 2819 omnes
660 2763 791 2835 subnigri
814 2763 928 2834 coloris,
982 2763 1052 2818 bula
1070 2769 1198 2820 montem
1222 2763 1317 2836 ipsum
1348 2768 1441 2819 totum
1467 2763 1694 2836 comprehendit,
1718 2762 1749 2817 iu
1775 2778 1832 2834 qun

72 2850 240 2923 praesertim
260 2851 360 2908 funem
383 2850 464 2908 illum
481 2853 530 2925 qai
547 2853 584 2909 ab
601 2870 651 2908 ore
675 2853 735 2924 lupi
746 2850 927 2922 tendebatur,
982 2856 1069 2924 ceput
1095 2852 1167 2908 illud
1192 2857 1270 2908 tante
1295 2851 1379 2908 sorde
1404 2851 1565 2907 involutum
1591 2857 1634 2907 est
1657 2857 1689 2906 ut
1706 2856 1831 2907 astantes

73 2939 128 3011 qui
144 2956 178 2994 er
195 2945 276 3012 parte
303 2940 387 3011 niger
406 2945 435 2995 et
454 2957 488 2995 ex
515 2947 598 3013 purte
619 2941 700 2997 albus
721 2941 879 2996 ridebatur.
896 2943 930 2998 Et
981 2939 1085 3012 populi
1104 2940 1133 2996 in
1156 2942 1314 2996 marimum
1334 2946 1476 2996 terrorem
1498 2943 1744 3007 converterentur,
1769 2939 1832 3011 ipsu

72 3043 141 3082 ecce
165 3028 198 3083 in
221 3028 343 3096 oriente,
364 3028 503 3099 juvenem
526 3029 607 3085 ilium
629 3045 715 3102 quem
736 3031 816 3101 prius
842 3046 929 3102 super
983 3029 1101 3101 quidem
1122 3029 1228 3085 nebula
1248 3029 1323 3085 cirea
1351 3028 1448 3100 ipsum
1470 3033 1600 3084 montem
1619 3027 1831 3101 aliquantulum

73 3116 220 3186 angurum
242 3117 564 3187 conjunctissimum
588 3123 616 3173 n
631 3118 737 3190 lapidei
765 3123 843 3179 mun
858 3120 927 3178 aei·
984 3117 1093 3173 diutius
1115 3117 1297 3173 immorante·
1323 3118 1404 3183 ouon
1431 3123 1527 3172 astans
1550 3117 1675 3189 bonulus
1700 3131 1830 3185 comens,

72 3204 135 3260 ficii
149 3206 406 3276 purpurentunica
420 3206 706 3277 indutumvideram,
732 3226 819 3283 super
832 3211 928 3284 ipsum
982 3208 1075 3262 multo
1104 3207 1209 3262 timore
1233 3223 1386 3263 concussus
1411 3205 1569 3262 adinvicem
1592 3205 1723 3262 dicebat:
1750 3206 1829 3263 flent

71 3294 218 3364 angulum
241 3294 345 3349 iterum
370 3293 439 3362 vidi,
455 3295 504 3351 sed
528 3311 605 3350 nnnc
630 3295 667 3351 ab
690 3298 828 3355 umbilico
843 3299 928 3355 deor·
981 3295 1055 3352 heu!
1080 3296 1150 3367 quid
1178 3299 1221 3351 est
1241 3296 1318 3351 hoc‘l
1333 3295 1402 3368 quid
1428 3295 1541 3351 videtur
1564 3293 1648 3350 nobis
1670 3294 1724 3349 hoc
1745 3295 1832 3353 esse?

72 3398 141 3437 sum
163 3381 237 3436 mihi
264 3387 468 3454 apparentem:
499 3383 538 3438 ite
571 3384 651 3440 vides
676 3390 710 3440 ut
732 3386 767 3441 nh
789 3387 926 3443 umbilico
945 3353 1024 3439 th
1040 3399 1091 3438 uos
1110 3381 1247 3439 miserest
1273 3384 1339 3456 quis
1358 3399 1409 3439 nos
1431 3381 1603 3455 adjuvabit?
1626 3385 1676 3437 aut
1699 3381 1764 3454 quis
1778 3396 1832 3436 nos

72 3470 220 3542 usquead
245 3472 339 3525 locum
355 3471 436 3526 illum
462 3471 512 3527 nbi
531 3471 575 3526 vir
588 3471 760 3528 discernitur
775 3475 856 3547 quasi
875 3491 925 3532 au·
979 3471 1137 3526 liberabit?
1160 3471 1305 3550 Nescimus
1330 3472 1408 3526 enim
1422 3471 1569 3543 quomodo
1592 3470 1703 3542 decepti
1719 3485 1829 3524 sumus.

72 3573 142 3612 rora
169 3555 302 3628 fulgeret,
337 3565 367 3614 et
388 3559 428 3615 ibi
460 3565 521 3616 erat
545 3560 633 3615 veluti
658 3562 717 3632 tyra
750 3579 815 3617 cum
839 3562 926 3618 chor·
980 3558 1207 3632 Oomnipotens
1235 3561 1319 3630 Deus,
1344 3559 1480 3614 miserere
1508 3557 1605 3614 nobist
1633 3559 1830 3624 Revertamur,

71 3645 193 3701 dissuis
217 3645 249 3700 in
273 3650 466 3704 transversum
493 3649 602 3720 jacens,
620 3653 650 3704 et
672 3649 709 3706 ab
729 3650 784 3706 hoc
800 3653 862 3707 loco
878 3668 926 3707 us-
980 3653 1255 3720 revertamurerg03
1271 3662 1458 3720 properemus
1473 3649 1675 3701 testamentum
1692 3644 1831 3717 evangelii

73 3749 132 3805 que
146 3734 185 3789 ad
198 3735 289 3789 calces
308 3735 426 3806 pedum,
453 3737 481 3792 id
497 3743 540 3792 est
554 3739 590 3792 ed
619 3753 785 3795 mensuram
802 3741 926 3796 duorum
979 3736 1095 3805 Christi,
1111 3737 1249 3808 quoniam
1262 3737 1310 3802 ab,
1327 3735 1372 3804 eh,
1385 3735 1421 3789 ah
1438 3734 1445 3790 l
1462 3750 1559 3789 aurare
1582 3732 1693 3803 decepti
1717 3749 1827 3789 sumus.

74 3821 235 3894 digitorum
267 3825 508 3896 transpositorum
537 3827 668 3898 superins
692 3833 860 3898 tangentem
883 3833 925 3884 ta·
980 3827 1090 3881 Etecce
1111 3825 1197 3897 pedes
1224 3823 1368 3897 praedictae
1383 3822 1532 3879 muliebris
1556 3821 1690 3892 imaginis
1713 3820 1827 3876 candidi

74 3911 136 3966 tarn
164 3912 316 3968 umbrosus
338 3919 399 3968 erat
427 3915 592 3972 scabilla
624 3932 758 3971 mensure
779 3933 832 3988 per
851 3923 927 3973 totos
980 3917 1187 3985 apparuerunt,
1218 3911 1399 3984 splendorem
1437 3927 1523 3982 snper
1553 3908 1736 3980 splendorem
1762 3907 1828 3964 solis

74 4000 163 4072 pedes
190 4016 257 4056 suos
286 4001 358 4056 laete
376 4003 526 4058 candidior
550 4004 716 4076 apparebat.
736 4005 791 4061 Sed
816 4011 845 4061 et
875 4006 926 4061 itta
979 4002 1139 4058 reddentes.
1163 4001 1324 4073 Andirique
1346 4015 1444 4055 vocem
1474 3999 1509 4054 de
1525 3998 1596 4054 coelo
1625 3996 1697 4052 mihi
1732 3996 1828 4052 dicen·

75 4089 227 4143 muliebris
256 4090 353 4161 imego
382 4107 470 4164 quam
492 4097 557 4148 ente
580 4094 671 4149 altare
695 4095 773 4166 quod
802 4097 927 4150 estante
978 4095 1055 4147 tem:
1073 4090 1207 4155 Quamvis
1232 4089 1410 4161 omniaque
1439 4087 1469 4143 in
1498 4093 1576 4142 terra
1595 4091 1662 4141 sunt
1687 4085 1827 4141 adfinem

74 4178 173 4232 oculos
191 4177 242 4233 [lei
257 4178 338 4250 prius
362 4195 579 4252 conspexeram,
610 4182 790 4237 nuncetiam
805 4182 878 4238 mihi
899 4187 927 4238 et
979 4195 1063 4234 suum
1079 4180 1210 4242 tendant,
1228 4179 1268 4234 ita
1290 4178 1369 4251 quod
1384 4178 1508 4233 muudus
1533 4176 1562 4230 in
1589 4175 1702 4230 delectu
1726 4173 1831 4230 virium

75 4264 451 4337 hiciternmostenseest3
480 4269 634 4325 itatamen
661 4271 819 4342 quodeam
839 4269 926 4327 etiam
979 4267 1268 4340 suensmpositusad
1285 4267 1393 4323 exitum
1410 4281 1494 4320 suum
1524 4263 1622 4319 multis
1647 4263 1786 4318 arumnis
1801 4266 1829 4318 et

74 4353 111 4409 ab
126 4354 267 4411 umbilico
282 4356 391 4411 renuis
413 4357 547 4412 deorsum
562 4358 700 4413 riderem.
718 4359 789 4414 Nam
813 4359 849 4415 ab
863 4375 926 4416 usu·
979 4357 1190 4413 calamitatibus
1212 4372 1367 4429 oppressus
1390 4353 1575 4420 incurvetur3
1599 4359 1695 4408 tamen
1725 4367 1830 4424 sponsu

74 4440 310 4516 bilicousqnesd
325 4445 408 4501 illum
423 4446 519 4502 locum
536 4445 586 4503 ubi
602 4447 707 4501 mulier
731 4449 925 4517 cognoscitur,
980 4447 1044 4503 Filii
1065 4445 1122 4502 mei
1144 4449 1204 4501 tam
1225 4460 1242 4499 a
1265 4443 1435 4517 prmnrrutiis
1468 4441 1521 4497 tilii
1547 4441 1718 4512 perditionis
1743 4455 1831 4513 quem

74 4530 395 4604 rurissetsquamosns
419 4537 544 4590 maculas
573 4535 708 4591 habehat.
734 4537 766 4592 ln
786 4536 850 4592 loco
873 4552 924 4592 aa·
980 4535 1016 4591 ab
1030 4535 1093 4606 ipso
1107 4533 1252 4606 perditore
1275 4533 1305 4587 in
1331 4533 1399 4588 tiliis
1419 4531 1479 4586 suis
1499 4531 1621 4584 multum
1637 4529 1754 4599 fatigata
1776 4543 1831 4584 ne·
1882 4565 1883 4568 =

74 4622 134 4672 tem
162 4619 312 4674 muliebris
345 4621 519 4693 cognitionis
544 4628 759 4679 monstruosum
785 4629 813 4680 cl
831 4624 926 4698 niger·
945 4639 1126 4708 equaquam
1142 4625 1346 4688 contereretur,
1369 4618 1501 4693 masuris
1515 4619 1550 4674 ab
1572 4618 1613 4674 eis
1634 4619 1757 4672 multum
1771 4616 1830 4672 im-

75 4707 183 4761 rimum
214 4713 299 4779 eaput
334 4711 469 4781 apperuit
505 4710 605 4784 igneos
642 4713 749 4782 ocirlos,
782 4720 810 4769 et
842 4731 925 4770 sures
980 4717 1134 4785 pugnetur.
1152 4712 1223 4768 Cum
1241 4709 1348 4782 ipsein
1365 4709 1423 4765 flue
1446 4707 1615 4763 seculorum
1632 4705 1778 4763 robustior
1801 4710 1831 4761 et

74 4799 107 4848 ut
125 4811 211 4850 aures
234 4796 319 4866 asini,
345 4804 374 4852 et
395 4814 480 4855 nares
506 4805 534 4856 et
548 4817 580 4854 os
606 4806 639 4857 ut
666 4817 750 4858 nares
773 4806 802 4858 st
821 4819 853 4857 os
871 4803 925 4858 leo.
978 4802 1102 4858 validior
1132 4815 1288 4871 exsurgens
1317 4797 1465 4870 pulchrior
1489 4803 1518 4851 et
1543 4795 1647 4850 clarior
1671 4793 1827 4852 reddetur:

74 4883 120 4937 nis
135 4884 244 4940 hahens
264 4902 296 4940 ac
311 4901 418 4958 magno
442 4886 524 4943 hiatu
545 4887 693 4958 trendens,
720 4895 749 4945 et
764 4891 841 4946 velut
863 4891 923 4946 les·
978 4896 1122 4962 qnatenus
1142 4888 1198 4944 hoc
1225 4887 1311 4942 mollo
1341 4886 1376 4942 ad
1399 4885 1548 4956 emplexus
1576 4883 1665 4939 dilicti
1692 4883 1737 4938 sui
1759 4899 1830 4938 sua-

74 4987 139 5026 reos
165 4988 198 5026 sc
220 4973 371 5030 horribiles
397 4976 498 5034 dentes
518 4977 695 5058 horribiliter
725 4995 840 5034 acuens.
870 4979 923 5035 Sed
977 4976 1041 5031 vius
1062 4980 1091 5031 et
1113 4973 1225 5030 dulcius
1243 4973 1389 5045 procedat·
1411 4971 1491 5038 01¹⁰d
1515 4971 1626 5027 ΜΝ
1648 4969 1828 5043 v5⁵10411¹l¹¹¹

73 5059 174 5114 abillo
189 5061 282 5132 capite
306 5063 454 5134 usquead
479 5079 574 5135 genua
595 5081 646 5118 sua
669 5065 765 5137 imago
788 5065 837 5121 ille
860 5065 925 5122 alba
977 5063 1070 5119 cernis
1096 5061 1212 5135 mystice
1235 5061 1376 5133 designat.
1396 5060 1480 5116 Vides
1495 5061 1573 5114 enim
1599 5059 1633 5114 ad
1649 5057 1826 5130 aquilonem,

73 5153 102 5202 et
116 5147 209 5204 rubea
224 5155 253 5204 et
265 5152 345 5206 velut
367 5153 458 5208 multa
471 5152 642 5209 contritione
657 5158 776 5209 contuse
793 5160 865 5210 erut.
881 5153 923 5210 Ab
979 5158 1007 5208 et
1021 5167 1086 5208 ecee
1100 5151 1143 5207 ibi
1158 5151 1286 5223 quinque
1309 5150 1405 5205 bestiae
1428 5154 1515 5216 stant,
1539 5163 1604 5220 quse
1626 5151 1694 5202 suut
1713 5146 1743 5202 iu
1767 5161 1828 5201 car·

73 5237 145 5308 ipsis
159 5242 257 5293 nutem
276 5239 398 5310 genibus
426 5257 517 5314 usque
541 5241 576 5297 ad
600 5241 670 5297 duas
694 5257 858 5314 zonasque
872 5259 925 5315 per
978 5239 1092 5296 natibus
1108 5239 1255 5296 desideriis
1275 5237 1380 5311 quihus
1401 5236 1514 5292 macuta
1528 5233 1638 5307 peccati
1655 5248 1715 5288 non
1737 5232 1827 5300 deest,

74 5332 271 5383 transversum
286 5329 418 5400 superius
435 5334 586 5401 tangentes
607 5329 713 5386 calcem
728 5333 836 5402 pedum
853 5332 924 5388 nlbse
978 5329 1107 5402 quinque
1133 5325 1303 5385 ferocissimi
1325 5340 1426 5381 cursus
1451 5322 1655 5396 temporalium
1672 5336 1828 5394 regnorum

73 5411 255 5484 ridebantur,
269 5415 429 5487 sanguinea
442 5417 607 5490 apparebat.
627 5419 660 5474 Et
675 5435 738 5475 ecce
754 5419 825 5475 illud
841 5435 924 5475 snou-
977 5415 1112 5474 ferociter
1121 5416 1151 5472 in
1166 5433 1196 5472 se
1208 5415 1389 5472 becehuntes.

75 5505 224 5558 strumum
250 5509 380 5576 capulse
394 5510 474 5562 tanto
501 5505 646 5580 tragorea
673 5508 736 5564 loco
750 5523 802 5565 suo
819 5508 925 5566 emovit
1014 5508 1141 5573 Quarum
1155 5521 1214 5563 nne
1230 5509 1273 5561 est
1293 5501 1415 5560 uternis
1435 5501 1537 5574 igneus
1561 5500 1609 5557 sed
1629 5513 1690 5556 nou
1705 5497 1825 5568 ardens3
