<?xml version="1.0" encoding="UTF-8"?>
<!DOCTYPE html PUBLIC "-//W3C//DTD XHTML 1.0 Transitional//EN"
    "http://www.w3.org/TR/xhtml1/DTD/xhtml1-transitional.dtd">
<html xmlns="http://www.w3.org/1999/xhtml" xml:lang="en" lang="en">
 <head>
  <title>
</title>
<meta http-equiv="Content-Type" content="text/html;charset=utf-8" />
  <meta name='ocr-system' content='tesseract 3.04.00' />
  <meta name='ocr-capabilities' content='ocr_page ocr_carea ocr_par ocr_line ocrx_word'/>
</head>
<body>
  <div class='ocr_page' id='page_1' title='image "./patrologiaecurs125unkngoog/patrologiaecurs125unkngoog_0245.png"; bbox 0 0 3984 6034; ppageno 0'>
   <div class='ocr_carea' id='block_1_1' title="bbox 115 197 1867 268">
    <p class='ocr_par' dir='ltr' id='par_1_1' title="bbox 115 197 1867 268">
     <span class='ocr_line' id='line_1_1' title="bbox 115 197 1867 268; baseline 0.001 -12"><span class='ocrx_word' id='word_1_1' title='bbox 115 201 164 257; x_wconf 78' lang='lat' dir='ltr'><strong>tat</strong></span> <span class='ocrx_word' id='word_1_2' title='bbox 303 246 307 251; x_wconf 89' lang='lat'><strong>.</strong></span> <span class='ocrx_word' id='word_1_3' title='bbox 753 199 896 260; x_wconf 77' lang='lat' dir='ltr'><strong>scivias.</strong></span> <span class='ocrx_word' id='word_1_4' title='bbox 908 233 943 242; x_wconf 97' lang='lat'><em>-</em></span> <span class='ocrx_word' id='word_1_5' title='bbox 954 199 1018 257; x_wconf 76' lang='grc' dir='ltr'><strong>ΗΒ.</strong></span> <span class='ocrx_word' id='word_1_6' title='bbox 1038 201 1072 268; x_wconf 86' lang='lat' dir='ltr'><strong>ll,</strong></span> <span class='ocrx_word' id='word_1_7' title='bbox 1094 197 1186 258; x_wconf 80' lang='lat' dir='ltr'>VISIO</span> <span class='ocrx_word' id='word_1_8' title='bbox 1207 199 1237 256; x_wconf 90' lang='lat' dir='ltr'><strong>V.</strong></span> <span class='ocrx_word' id='word_1_9' title='bbox 1815 203 1867 258; x_wconf 78' lang='lat' dir='ltr'><strong>tur</strong></span> 
     </span>
    </p>
   </div>
   <div class='ocr_carea' id='block_1_2' title="bbox 109 328 1923 5099">
    <p class='ocr_par' dir='ltr' id='par_1_2' title="bbox 112 328 1868 582">
     <span class='ocr_line' id='line_1_2' title="bbox 114 328 1868 404; baseline 0.002 -17"><span class='ocrx_word' id='word_1_10' title='bbox 114 333 229 404; x_wconf 88' lang='lat' dir='ltr'><strong>gelice:</strong></span> <span class='ocrx_word' id='word_1_11' title='bbox 252 331 388 400; x_wconf 73' lang='lat' dir='ltr'>declarat,</span> <span class='ocrx_word' id='word_1_12' title='bbox 414 329 482 402; x_wconf 80' lang='lat' dir='ltr'><strong>qrria</strong></span> <span class='ocrx_word' id='word_1_13' title='bbox 506 330 538 386; x_wconf 88' lang='lat' dir='ltr'><strong>in</strong></span> <span class='ocrx_word' id='word_1_14' title='bbox 564 331 724 387; x_wconf 86' lang='lat' dir='ltr'><strong>reverentia</strong></span> <span class='ocrx_word' id='word_1_15' title='bbox 745 331 883 388; x_wconf 86' lang='lat' dir='ltr'><strong>eastitatis</strong></span> <span class='ocrx_word' id='word_1_16' title='bbox 905 347 964 388; x_wconf 76' lang='lat' dir='ltr'><strong>suae</strong></span> <span class='ocrx_word' id='word_1_17' title='bbox 982 331 1122 395; x_wconf 66' lang='lat' dir='ltr'><strong>titiuere</strong></span> <span class='ocrx_word' id='word_1_18' title='bbox 1146 328 1390 387; x_wconf 88' lang='lat' dir='ltr'><strong>demonstrabant.</strong></span> <span class='ocrx_word' id='word_1_19' title='bbox 1415 332 1488 397; x_wconf 84' lang='lat' dir='ltr'>Quid</span> <span class='ocrx_word' id='word_1_20' title='bbox 1524 332 1600 388; x_wconf 88' lang='lat' dir='ltr'><strong>hoc?</strong></span> <span class='ocrx_word' id='word_1_21' title='bbox 1638 333 1711 400; x_wconf 81' lang='lat' dir='ltr'><strong>Quia</strong></span> <span class='ocrx_word' id='word_1_22' title='bbox 1737 335 1813 390; x_wconf 85' lang='lat' dir='ltr'><strong>Deus</strong></span> <span class='ocrx_word' id='word_1_23' title='bbox 1836 335 1868 391; x_wconf 92' lang='lat' dir='ltr'><strong>in</strong></span> 
     </span>
     <span class='ocr_line' id='line_1_3' title="bbox 113 419 1867 494; baseline 0.003 -19"><span class='ocrx_word' id='word_1_24' title='bbox 113 420 368 475; x_wconf 88' lang='lat' dir='ltr'><strong>mansuetudinem</strong></span> <span class='ocrx_word' id='word_1_25' title='bbox 388 420 441 474; x_wconf 88' lang='lat' dir='ltr'><strong>tilii</strong></span> <span class='ocrx_word' id='word_1_26' title='bbox 459 419 509 474; x_wconf 82' lang='lat' dir='ltr'><strong>liei</strong></span> <span class='ocrx_word' id='word_1_27' title='bbox 536 419 738 490; x_wconf 88' lang='lat' dir='ltr'><strong>imitabuntur,</strong></span> <span class='ocrx_word' id='word_1_28' title='bbox 772 421 964 492; x_wconf 79' lang='lat' dir='ltr'><strong>petulantiam</strong></span> <span class='ocrx_word' id='word_1_29' title='bbox 1018 437 1092 478; x_wconf 89' lang='lat' dir='ltr'><strong>nova</strong></span> <span class='ocrx_word' id='word_1_30' title='bbox 1119 421 1212 494; x_wconf 89' lang='lat' dir='ltr'><strong>gratia</strong></span> <span class='ocrx_word' id='word_1_31' title='bbox 1245 420 1442 476; x_wconf 78' lang='lat' dir='ltr'><strong>austeritatem</strong></span> <span class='ocrx_word' id='word_1_32' title='bbox 1465 421 1588 493; x_wconf 74' lang='lat' dir='ltr'><strong>antiquos</strong></span> <span class='ocrx_word' id='word_1_33' title='bbox 1607 422 1797 479; x_wconf 86' lang='lat' dir='ltr'><strong>institutionis</strong></span> <span class='ocrx_word' id='word_1_34' title='bbox 1817 423 1867 480; x_wconf 88' lang='lat' dir='ltr'><strong>de·</strong></span> 
     </span>
     <span class='ocr_line' id='line_1_4' title="bbox 112 507 1120 582; baseline -0.001 -17"><span class='ocrx_word' id='word_1_35' title='bbox 112 509 232 582; x_wconf 80' lang='lat' dir='ltr'>superbi</span> <span class='ocrx_word' id='word_1_36' title='bbox 254 509 321 562; x_wconf 90' lang='lat' dir='ltr'><strong>colli</strong></span> <span class='ocrx_word' id='word_1_37' title='bbox 340 509 529 579; x_wconf 71' lang='lat' dir='ltr'><strong>deponentes,</strong></span> <span class='ocrx_word' id='word_1_38' title='bbox 557 513 587 562; x_wconf 90' lang='lat' dir='ltr'><strong>et</strong></span> <span class='ocrx_word' id='word_1_39' title='bbox 602 509 712 580; x_wconf 88' lang='lat' dir='ltr'><strong>seipsos</strong></span> <span class='ocrx_word' id='word_1_40' title='bbox 735 509 850 581; x_wconf 84' lang='lat' dir='ltr'><strong>tragiles</strong></span> <span class='ocrx_word' id='word_1_41' title='bbox 874 511 966 567; x_wconf 89' lang='lat' dir='ltr'><strong>bomi-</strong></span> <span class='ocrx_word' id='word_1_42' title='bbox 1018 507 1120 564; x_wconf 84' lang='lat' dir='ltr'><strong>linivit.</strong></span> 
     </span>
    </p>

    <p class='ocr_par' dir='ltr' id='par_1_3' title="bbox 111 596 1869 3236">
     <span class='ocr_line' id='line_1_5' title="bbox 113 596 1865 671; baseline 0.001 -18"><span class='ocrx_word' id='word_1_43' title='bbox 113 615 166 653; x_wconf 89' lang='lat' dir='ltr'><strong>nes</strong></span> <span class='ocrx_word' id='word_1_44' title='bbox 182 598 406 665; x_wconf 79' lang='lat' dir='ltr'><strong>considerantes,</strong></span> <span class='ocrx_word' id='word_1_45' title='bbox 430 596 461 651; x_wconf 90' lang='lat' dir='ltr'><strong>iu</strong></span> <span class='ocrx_word' id='word_1_46' title='bbox 485 599 677 668; x_wconf 83' lang='lat' dir='ltr'><strong>prosperitate</strong></span> <span class='ocrx_word' id='word_1_47' title='bbox 696 598 784 653; x_wconf 85' lang='lat' dir='ltr'><strong>etiam</strong></span> <span class='ocrx_word' id='word_1_48' title='bbox 807 599 965 654; x_wconf 85' lang='lat' dir='ltr'><strong>auditionis</strong></span> <span class='ocrx_word' id='word_1_49' title='bbox 1051 596 1106 653; x_wconf 87' lang='lat' dir='ltr'><strong>Sed</strong></span> <span class='ocrx_word' id='word_1_50' title='bbox 1121 597 1191 670; x_wconf 87' lang='lat' dir='ltr'><strong>quia</strong></span> <span class='ocrx_word' id='word_1_51' title='bbox 1212 596 1362 669; x_wconf 90' lang='lat' dir='ltr'><strong>virginitas</strong></span> <span class='ocrx_word' id='word_1_52' title='bbox 1376 603 1435 653; x_wconf 91' lang='lat' dir='ltr'><strong>tam</strong></span> <span class='ocrx_word' id='word_1_53' title='bbox 1458 597 1585 671; x_wconf 88' lang='lat' dir='ltr'><strong>gloriosa</strong></span> <span class='ocrx_word' id='word_1_54' title='bbox 1600 604 1668 656; x_wconf 87' lang='lat' dir='ltr'><strong>ante</strong></span> <span class='ocrx_word' id='word_1_55' title='bbox 1693 600 1782 656; x_wconf 86' lang='lat' dir='ltr'><strong>ileum</strong></span> <span class='ocrx_word' id='word_1_56' title='bbox 1810 605 1865 669; x_wconf 91' lang='lat' dir='ltr'><strong>est,</strong></span> 
     </span>
     <span class='ocr_line' id='line_1_6' title="bbox 113 684 1866 759; baseline 0.002 -18"><span class='ocrx_word' id='word_1_57' title='bbox 113 703 175 742; x_wconf 78' lang='lat' dir='ltr'><strong>suoe</strong></span> <span class='ocrx_word' id='word_1_58' title='bbox 203 702 301 742; x_wconf 85' lang='lat' dir='ltr'><strong>veram</strong></span> <span class='ocrx_word' id='word_1_59' title='bbox 330 692 358 741; x_wconf 77' lang='lat' dir='ltr'><strong>et</strong></span> <span class='ocrx_word' id='word_1_60' title='bbox 377 686 591 741; x_wconf 77' lang='lat' dir='ltr'><strong>indeficientem</strong></span> <span class='ocrx_word' id='word_1_61' title='bbox 620 685 769 742; x_wconf 88' lang='lat' dir='ltr'><strong>scientiam</strong></span> <span class='ocrx_word' id='word_1_62' title='bbox 793 688 966 759; x_wconf 91' lang='lat' dir='ltr'><strong>amplecten—</strong></span> <span class='ocrx_word' id='word_1_63' title='bbox 1017 684 1082 741; x_wconf 92' lang='lat' dir='ltr'><strong>ideo</strong></span> <span class='ocrx_word' id='word_1_64' title='bbox 1104 685 1173 757; x_wconf 85' lang='lat' dir='ltr'><strong>quia</strong></span> <span class='ocrx_word' id='word_1_65' title='bbox 1201 699 1265 740; x_wconf 87' lang='lat' dir='ltr'><strong>eam</strong></span> <span class='ocrx_word' id='word_1_66' title='bbox 1294 701 1327 740; x_wconf 84' lang='lat' dir='ltr'><strong>er</strong></span> <span class='ocrx_word' id='word_1_67' title='bbox 1348 686 1493 741; x_wconf 86' lang='lat' dir='ltr'><strong>voluntate</strong></span> <span class='ocrx_word' id='word_1_68' title='bbox 1524 703 1577 741; x_wconf 91' lang='lat' dir='ltr'><strong>sua</strong></span> <span class='ocrx_word' id='word_1_69' title='bbox 1601 686 1657 741; x_wconf 82' lang='lat' dir='ltr'><strong>lieo</strong></span> <span class='ocrx_word' id='word_1_70' title='bbox 1688 689 1866 756; x_wconf 90' lang='lat' dir='ltr'><strong>obtulerunt,</strong></span> 
     </span>
     <span class='ocr_line' id='line_1_7' title="bbox 112 767 1867 846; baseline 0.001 -15"><span class='ocrx_word' id='word_1_71' title='bbox 112 782 167 846; x_wconf 87' lang='lat' dir='ltr'><strong>tes,</strong></span> <span class='ocrx_word' id='word_1_72' title='bbox 189 791 223 831; x_wconf 90' lang='lat' dir='ltr'><strong>ac</strong></span> <span class='ocrx_word' id='word_1_73' title='bbox 250 776 280 830; x_wconf 92' lang='lat' dir='ltr'><strong>in</strong></span> <span class='ocrx_word' id='word_1_74' title='bbox 298 767 471 830; x_wconf 68' lang='lat' dir='ltr'><strong>&#39;omursante</strong></span> <span class='ocrx_word' id='word_1_75' title='bbox 492 774 663 831; x_wconf 85' lang='lat' dir='ltr'><strong>adversitate</strong></span> <span class='ocrx_word' id='word_1_76' title='bbox 687 775 817 845; x_wconf 83' lang='lat' dir='ltr'><strong>ejusdem</strong></span> <span class='ocrx_word' id='word_1_77' title='bbox 848 776 965 832; x_wconf 88' lang='lat' dir='ltr'><strong>auscul·</strong></span> <span class='ocrx_word' id='word_1_78' title='bbox 1017 789 1081 829; x_wconf 85' lang='lat' dir='ltr'><strong>earn</strong></span> <span class='ocrx_word' id='word_1_79' title='bbox 1108 774 1267 845; x_wconf 84' lang='lat' dir='ltr'><strong>prudenter</strong></span> <span class='ocrx_word' id='word_1_80' title='bbox 1282 779 1460 842; x_wconf 87' lang='lat' dir='ltr'><strong>conservent,</strong></span> <span class='ocrx_word' id='word_1_81' title='bbox 1490 774 1627 846; x_wconf 90' lang='lat' dir='ltr'><strong>quoniam</strong></span> <span class='ocrx_word' id='word_1_82' title='bbox 1658 776 1712 830; x_wconf 94' lang='lat' dir='ltr'><strong>boc</strong></span> <span class='ocrx_word' id='word_1_83' title='bbox 1736 783 1867 833; x_wconf 88' lang='lat' dir='ltr'><strong>sanctum</strong></span> 
     </span>
     <span class='ocr_line' id='line_1_8' title="bbox 112 862 1868 936; baseline -0.001 -15"><span class='ocrx_word' id='word_1_84' title='bbox 112 865 231 921; x_wconf 87' lang='lat' dir='ltr'><strong>tationis</strong></span> <span class='ocrx_word' id='word_1_85' title='bbox 244 880 306 920; x_wconf 73' lang='lat' dir='ltr'><strong>suar</strong></span> <span class='ocrx_word' id='word_1_86' title='bbox 330 863 460 936; x_wconf 86' lang='lat' dir='ltr'><strong>angelica</strong></span> <span class='ocrx_word' id='word_1_87' title='bbox 483 863 620 935; x_wconf 85' lang='lat' dir='ltr'><strong>praesidia</strong></span> <span class='ocrx_word' id='word_1_88' title='bbox 640 868 817 936; x_wconf 81' lang='lat' dir='ltr'><strong>appetentes,</strong></span> <span class='ocrx_word' id='word_1_89' title='bbox 832 865 872 920; x_wconf 89' lang='lat' dir='ltr'><strong>ita</strong></span> <span class='ocrx_word' id='word_1_90' title='bbox 887 865 964 936; x_wconf 86' lang='lat' dir='ltr'><strong>quod</strong></span> <span class='ocrx_word' id='word_1_91' title='bbox 1018 862 1199 934; x_wconf 91' lang='lat' dir='ltr'><strong>propositum</strong></span> <span class='ocrx_word' id='word_1_92' title='bbox 1220 877 1285 917; x_wconf 90' lang='lat' dir='ltr'><strong>cum</strong></span> <span class='ocrx_word' id='word_1_93' title='bbox 1309 877 1421 918; x_wconf 88' lang='lat' dir='ltr'><strong>summe</strong></span> <span class='ocrx_word' id='word_1_94' title='bbox 1442 862 1595 918; x_wconf 90' lang='lat' dir='ltr'><strong>devotione</strong></span> <span class='ocrx_word' id='word_1_95' title='bbox 1619 862 1793 934; x_wconf 79' lang='lat' dir='ltr'><strong>virginitatis</strong></span> <span class='ocrx_word' id='word_1_96' title='bbox 1808 880 1868 920; x_wconf 90' lang='lat' dir='ltr'><strong>sus·</strong></span> 
     </span>
     <span class='ocr_line' id='line_1_9' title="bbox 114 951 1868 1026; baseline 0 -16"><span class='ocrx_word' id='word_1_97' title='bbox 114 960 145 1010; x_wconf 90' lang='lat' dir='ltr'><strong>el</strong></span> <span class='ocrx_word' id='word_1_98' title='bbox 165 955 202 1010; x_wconf 91' lang='lat' dir='ltr'><strong>de</strong></span> <span class='ocrx_word' id='word_1_99' title='bbox 228 953 291 1026; x_wconf 89' lang='lat' dir='ltr'><strong>ipsa</strong></span> <span class='ocrx_word' id='word_1_100' title='bbox 322 952 511 1008; x_wconf 80' lang='lat' dir='ltr'><strong>similitudine</strong></span> <span class='ocrx_word' id='word_1_101' title='bbox 536 953 636 1023; x_wconf 76' lang='lat' dir='ltr'><strong>glorie</strong></span> <span class='ocrx_word' id='word_1_102' title='bbox 655 968 790 1024; x_wconf 78' lang='lat' dir='ltr'><strong>superne·</strong></span> <span class='ocrx_word' id='word_1_103' title='bbox 817 953 965 1009; x_wconf 72' lang='lat' dir='ltr'><strong>trinitatis</strong></span> <span class='ocrx_word' id='word_1_104' title='bbox 1017 951 1280 1022; x_wconf 87' lang='lat' dir='ltr'><strong>ceptum,lldelitar</strong></span> <span class='ocrx_word' id='word_1_105' title='bbox 1300 951 1519 1008; x_wconf 86' lang='lat' dir='ltr'><strong>custodiendum</strong></span> <span class='ocrx_word' id='word_1_106' title='bbox 1540 957 1591 1006; x_wconf 89' lang='lat' dir='ltr'><strong>est.</strong></span> <span class='ocrx_word' id='word_1_107' title='bbox 1611 952 1688 1007; x_wconf 89' lang='lat' dir='ltr'><strong>Unde</strong></span> <span class='ocrx_word' id='word_1_108' title='bbox 1711 953 1796 1008; x_wconf 90' lang='lat' dir='ltr'><strong>etiem</strong></span> <span class='ocrx_word' id='word_1_109' title='bbox 1817 955 1868 1025; x_wconf 90' lang='lat' dir='ltr'><strong>qui</strong></span> 
     </span>
     <span class='ocr_line' id='line_1_10' title="bbox 115 1037 1868 1112; baseline 0.002 -18"><span class='ocrx_word' id='word_1_110' title='bbox 115 1042 152 1095; x_wconf 88' lang='lat' dir='ltr'><strong>ad</strong></span> <span class='ocrx_word' id='word_1_111' title='bbox 183 1042 235 1096; x_wconf 88' lang='lat' dir='ltr'><strong>bas</strong></span> <span class='ocrx_word' id='word_1_112' title='bbox 268 1041 375 1112; x_wconf 88' lang='lat' dir='ltr'><strong>speeies</strong></span> <span class='ocrx_word' id='word_1_113' title='bbox 405 1041 488 1112; x_wconf 86' lang='lat' dir='ltr'><strong>quasi</strong></span> <span class='ocrx_word' id='word_1_114' title='bbox 517 1057 622 1096; x_wconf 71' lang='lat' dir='ltr'><strong>aramus</strong></span> <span class='ocrx_word' id='word_1_115' title='bbox 650 1041 749 1097; x_wconf 86' lang='lat' dir='ltr'><strong>radius</strong></span> <span class='ocrx_word' id='word_1_116' title='bbox 772 1057 803 1097; x_wconf 90' lang='lat' dir='ltr'><strong>se</strong></span> <span class='ocrx_word' id='word_1_117' title='bbox 825 1043 963 1111; x_wconf 83' lang='lat' dir='ltr'><strong>extendit,</strong></span> <span class='ocrx_word' id='word_1_118' title='bbox 1019 1037 1094 1094; x_wconf 90' lang='lat' dir='ltr'><strong>idem</strong></span> <span class='ocrx_word' id='word_1_119' title='bbox 1120 1045 1331 1095; x_wconf 84' lang='lat' dir='ltr'><strong>sacramentum</strong></span> <span class='ocrx_word' id='word_1_120' title='bbox 1358 1041 1502 1109; x_wconf 83' lang='lat' dir='ltr'><strong>adierunt,</strong></span> <span class='ocrx_word' id='word_1_121' title='bbox 1519 1046 1636 1095; x_wconf 87' lang='lat' dir='ltr'><strong>caveant</strong></span> <span class='ocrx_word' id='word_1_122' title='bbox 1657 1056 1695 1096; x_wconf 92' lang='lat' dir='ltr'><strong>ne</strong></span> <span class='ocrx_word' id='word_1_123' title='bbox 1710 1047 1868 1098; x_wconf 86' lang='lat' dir='ltr'><strong>retrorsum</strong></span> 
     </span>
     <span class='ocr_line' id='line_1_11' title="bbox 114 1126 1868 1200; baseline 0.002 -17"><span class='ocrx_word' id='word_1_124' title='bbox 114 1130 254 1200; x_wconf 86' lang='lat' dir='ltr'><strong>quoniam</strong></span> <span class='ocrx_word' id='word_1_125' title='bbox 279 1127 433 1184; x_wconf 79' lang='lat' dir='ltr'><strong>ineffabilis</strong></span> <span class='ocrx_word' id='word_1_126' title='bbox 463 1127 586 1184; x_wconf 82' lang='lat' dir='ltr'><strong>Trinitas</strong></span> <span class='ocrx_word' id='word_1_127' title='bbox 610 1127 776 1184; x_wconf 87' lang='lat' dir='ltr'><strong>infidelibus</strong></span> <span class='ocrx_word' id='word_1_128' title='bbox 798 1129 965 1185; x_wconf 90' lang='lat' dir='ltr'><strong>hominibus</strong></span> <span class='ocrx_word' id='word_1_129' title='bbox 1019 1126 1161 1182; x_wconf 87' lang='lat' dir='ltr'><strong>incedant.</strong></span> <span class='ocrx_word' id='word_1_130' title='bbox 1184 1129 1255 1183; x_wconf 87' lang='lat' dir='ltr'><strong>Nam</strong></span> <span class='ocrx_word' id='word_1_131' title='bbox 1279 1128 1335 1198; x_wconf 90' lang='lat' dir='ltr'><strong>ipsi</strong></span> <span class='ocrx_word' id='word_1_132' title='bbox 1363 1127 1522 1183; x_wconf 83' lang='lat' dir='ltr'><strong>charissimi</strong></span> <span class='ocrx_word' id='word_1_133' title='bbox 1543 1127 1702 1184; x_wconf 87' lang='lat' dir='ltr'><strong>imitatores</strong></span> <span class='ocrx_word' id='word_1_134' title='bbox 1729 1130 1782 1185; x_wconf 87' lang='lat' dir='ltr'><strong>tilii</strong></span> <span class='ocrx_word' id='word_1_135' title='bbox 1811 1131 1868 1188; x_wconf 92' lang='lat' dir='ltr'><strong>mei</strong></span> 
     </span>
     <span class='ocr_line' id='line_1_12' title="bbox 114 1215 1867 1290; baseline 0.003 -18"><span class='ocrx_word' id='word_1_136' title='bbox 114 1218 168 1289; x_wconf 84' lang='lat' dir='ltr'><strong>qui</strong></span> <span class='ocrx_word' id='word_1_137' title='bbox 197 1218 314 1274; x_wconf 89' lang='lat' dir='ltr'><strong>virtutes</strong></span> <span class='ocrx_word' id='word_1_138' title='bbox 354 1223 490 1289; x_wconf 72' lang='lat' dir='ltr'><strong>querunt</strong></span> <span class='ocrx_word' id='word_1_139' title='bbox 519 1221 549 1272; x_wconf 91' lang='lat' dir='ltr'><strong>et</strong></span> <span class='ocrx_word' id='word_1_140' title='bbox 591 1215 746 1273; x_wconf 89' lang='lat' dir='ltr'><strong>diabolicas</strong></span> <span class='ocrx_word' id='word_1_141' title='bbox 783 1218 965 1274; x_wconf 80' lang='lat' dir='ltr'><strong>seductiones</strong></span> <span class='ocrx_word' id='word_1_142' title='bbox 1018 1219 1094 1282; x_wconf 91' lang='lat' dir='ltr'><strong>sunt,</strong></span> <span class='ocrx_word' id='word_1_143' title='bbox 1117 1231 1182 1270; x_wconf 89' lang='lat' dir='ltr'><strong>cum</strong></span> <span class='ocrx_word' id='word_1_144' title='bbox 1203 1232 1233 1272; x_wconf 90' lang='lat' dir='ltr'><strong>se</strong></span> <span class='ocrx_word' id='word_1_145' title='bbox 1245 1217 1285 1272; x_wconf 92' lang='lat' dir='ltr'><strong>ita</strong></span> <span class='ocrx_word' id='word_1_146' title='bbox 1309 1218 1367 1273; x_wconf 86' lang='lat' dir='ltr'><strong>Deo</strong></span> <span class='ocrx_word' id='word_1_147' title='bbox 1386 1216 1511 1272; x_wconf 79' lang='lat' dir='ltr'><strong>offerunt</strong></span> <span class='ocrx_word' id='word_1_148' title='bbox 1534 1221 1566 1272; x_wconf 93' lang='lat' dir='ltr'><strong>ut</strong></span> <span class='ocrx_word' id='word_1_149' title='bbox 1587 1233 1645 1272; x_wconf 91' lang='lat' dir='ltr'><strong>non</strong></span> <span class='ocrx_word' id='word_1_150' title='bbox 1669 1218 1727 1275; x_wconf 89' lang='lat' dir='ltr'><strong>sint</strong></span> <span class='ocrx_word' id='word_1_151' title='bbox 1742 1220 1824 1290; x_wconf 90' lang='lat' dir='ltr'><strong>ligati</strong></span> <span class='ocrx_word' id='word_1_152' title='bbox 1837 1221 1867 1278; x_wconf 91' lang='lat' dir='ltr'><strong>in</strong></span> 
     </span>
     <span class='ocr_line' id='line_1_13' title="bbox 114 1302 1869 1380; baseline 0.001 -18"><span class='ocrx_word' id='word_1_153' title='bbox 114 1306 242 1378; x_wconf 80' lang='lat' dir='ltr'><strong>tugiunt,</strong></span> <span class='ocrx_word' id='word_1_154' title='bbox 272 1306 417 1361; x_wconf 87' lang='lat' dir='ltr'><strong>mirabilia</strong></span> <span class='ocrx_word' id='word_1_155' title='bbox 446 1305 650 1362; x_wconf 89' lang='lat' dir='ltr'><strong>miraculorum</strong></span> <span class='ocrx_word' id='word_1_156' title='bbox 683 1306 834 1378; x_wconf 79' lang='lat' dir='ltr'><strong>profundae</strong></span> <span class='ocrx_word' id='word_1_157' title='bbox 854 1307 965 1380; x_wconf 90' lang='lat' dir='ltr'><strong>sapien·</strong></span> <span class='ocrx_word' id='word_1_158' title='bbox 1019 1302 1155 1375; x_wconf 88' lang='lat' dir='ltr'><strong>opinione</strong></span> <span class='ocrx_word' id='word_1_159' title='bbox 1176 1304 1315 1378; x_wconf 87' lang='lat' dir='ltr'><strong>conjugii,</strong></span> <span class='ocrx_word' id='word_1_160' title='bbox 1332 1321 1384 1360; x_wconf 90' lang='lat' dir='ltr'><strong>uec</strong></span> <span class='ocrx_word' id='word_1_161' title='bbox 1410 1306 1521 1362; x_wconf 88' lang='lat' dir='ltr'><strong>onerati</strong></span> <span class='ocrx_word' id='word_1_162' title='bbox 1542 1307 1674 1364; x_wconf 82' lang='lat' dir='ltr'><strong>saecrderi</strong></span> <span class='ocrx_word' id='word_1_163' title='bbox 1702 1323 1787 1364; x_wconf 89' lang='lat' dir='ltr'><strong>causa</strong></span> <span class='ocrx_word' id='word_1_164' title='bbox 1810 1325 1869 1364; x_wconf 86' lang='lat' dir='ltr'><strong>car-</strong></span> 
     </span>
     <span class='ocr_line' id='line_1_14' title="bbox 114 1392 1867 1468; baseline 0.002 -18"><span class='ocrx_word' id='word_1_165' title='bbox 114 1396 163 1450; x_wconf 81' lang='lat' dir='ltr'><strong>tiaa</strong></span> <span class='ocrx_word' id='word_1_166' title='bbox 187 1411 247 1450; x_wconf 75' lang='lat' dir='ltr'><strong>sues</strong></span> <span class='ocrx_word' id='word_1_167' title='bbox 272 1395 386 1467; x_wconf 90' lang='lat' dir='ltr'><strong>operari</strong></span> <span class='ocrx_word' id='word_1_168' title='bbox 415 1411 475 1450; x_wconf 92' lang='lat' dir='ltr'><strong>non</strong></span> <span class='ocrx_word' id='word_1_169' title='bbox 500 1395 615 1451; x_wconf 87' lang='lat' dir='ltr'><strong>desiuit.</strong></span> <span class='ocrx_word' id='word_1_170' title='bbox 644 1396 698 1452; x_wconf 88' lang='lat' dir='ltr'><strong>Sed</strong></span> <span class='ocrx_word' id='word_1_171' title='bbox 718 1396 795 1452; x_wconf 89' lang='lat' dir='ltr'><strong>iuter</strong></span> <span class='ocrx_word' id='word_1_172' title='bbox 827 1397 881 1452; x_wconf 88' lang='lat' dir='ltr'><strong>bos</strong></span> <span class='ocrx_word' id='word_1_173' title='bbox 899 1397 964 1468; x_wconf 90' lang='lat' dir='ltr'><strong>qui·</strong></span> <span class='ocrx_word' id='word_1_174' title='bbox 1019 1392 1113 1448; x_wconf 87' lang='lat' dir='ltr'><strong>nalem</strong></span> <span class='ocrx_word' id='word_1_175' title='bbox 1138 1395 1270 1465; x_wconf 88' lang='lat' dir='ltr'><strong>copulem</strong></span> <span class='ocrx_word' id='word_1_176' title='bbox 1286 1399 1462 1465; x_wconf 80' lang='lat' dir='ltr'><strong>respuentes,</strong></span> <span class='ocrx_word' id='word_1_177' title='bbox 1483 1411 1519 1451; x_wconf 91' lang='lat' dir='ltr'><strong>ne</strong></span> <span class='ocrx_word' id='word_1_178' title='bbox 1534 1395 1576 1450; x_wconf 91' lang='lat' dir='ltr'><strong>illi</strong></span> <span class='ocrx_word' id='word_1_179' title='bbox 1591 1397 1748 1452; x_wconf 88' lang='lat' dir='ltr'><strong>cumomni</strong></span> <span class='ocrx_word' id='word_1_180' title='bbox 1763 1398 1867 1453; x_wconf 88' lang='lat' dir='ltr'><strong>sollici·</strong></span> 
     </span>
     <span class='ocr_line' id='line_1_15' title="bbox 113 1481 1868 1556; baseline 0.001 -17"><span class='ocrx_word' id='word_1_181' title='bbox 113 1485 182 1539; x_wconf 91' lang='lat' dir='ltr'><strong>dam</strong></span> <span class='ocrx_word' id='word_1_182' title='bbox 204 1483 253 1539; x_wconf 90' lang='lat' dir='ltr'><strong>elii</strong></span> <span class='ocrx_word' id='word_1_183' title='bbox 277 1487 428 1555; x_wconf 85' lang='lat' dir='ltr'><strong>apparent,</strong></span> <span class='ocrx_word' id='word_1_184' title='bbox 449 1483 499 1556; x_wconf 90' lang='lat' dir='ltr'><strong>qui</strong></span> <span class='ocrx_word' id='word_1_185' title='bbox 522 1483 632 1538; x_wconf 90' lang='lat' dir='ltr'><strong>insulas</strong></span> <span class='ocrx_word' id='word_1_186' title='bbox 656 1483 685 1539; x_wconf 90' lang='lat' dir='ltr'><strong>in</strong></span> <span class='ocrx_word' id='word_1_187' title='bbox 703 1484 848 1556; x_wconf 76' lang='lat' dir='ltr'><strong>capitibus</strong></span> <span class='ocrx_word' id='word_1_188' title='bbox 862 1486 921 1540; x_wconf 87' lang='lat' dir='ltr'><strong>suis</strong></span> <span class='ocrx_word' id='word_1_189' title='bbox 935 1489 965 1540; x_wconf 90' lang='lat' dir='ltr'><strong>et</strong></span> <span class='ocrx_word' id='word_1_190' title='bbox 1018 1481 1119 1536; x_wconf 88' lang='lat' dir='ltr'><strong>tudine</strong></span> <span class='ocrx_word' id='word_1_191' title='bbox 1137 1482 1230 1536; x_wconf 87' lang='lat' dir='ltr'><strong>carnis</strong></span> <span class='ocrx_word' id='word_1_192' title='bbox 1253 1497 1312 1536; x_wconf 87' lang='lat' dir='ltr'><strong>sure</strong></span> <span class='ocrx_word' id='word_1_193' title='bbox 1336 1482 1456 1553; x_wconf 88' lang='lat' dir='ltr'><strong>subjecti</strong></span> <span class='ocrx_word' id='word_1_194' title='bbox 1478 1483 1554 1551; x_wconf 90' lang='lat' dir='ltr'><strong>siut;</strong></span> <span class='ocrx_word' id='word_1_195' title='bbox 1579 1485 1629 1539; x_wconf 89' lang='lat' dir='ltr'><strong>sed</strong></span> <span class='ocrx_word' id='word_1_196' title='bbox 1649 1485 1703 1540; x_wconf 87' lang='lat' dir='ltr'><strong>hoe</strong></span> <span class='ocrx_word' id='word_1_197' title='bbox 1721 1487 1868 1556; x_wconf 89' lang='lat' dir='ltr'><strong>cupientes</strong></span> 
     </span>
     <span class='ocr_line' id='line_1_16' title="bbox 111 1570 1866 1644; baseline 0.003 -19"><span class='ocrx_word' id='word_1_198' title='bbox 111 1571 202 1642; x_wconf 87' lang='lat' dir='ltr'><strong>pallia</strong></span> <span class='ocrx_word' id='word_1_199' title='bbox 234 1571 403 1642; x_wconf 86' lang='lat' dir='ltr'><strong>episcopalis</strong></span> <span class='ocrx_word' id='word_1_200' title='bbox 437 1571 525 1626; x_wconf 85' lang='lat' dir='ltr'><strong>otlicii</strong></span> <span class='ocrx_word' id='word_1_201' title='bbox 567 1572 642 1626; x_wconf 90' lang='lat' dir='ltr'><strong>circa</strong></span> <span class='ocrx_word' id='word_1_202' title='bbox 679 1573 815 1628; x_wconf 89' lang='lat' dir='ltr'><strong>humeros</strong></span> <span class='ocrx_word' id='word_1_203' title='bbox 845 1574 963 1642; x_wconf 89' lang='lat' dir='ltr'><strong>babent,</strong></span> <span class='ocrx_word' id='word_1_204' title='bbox 1019 1574 1050 1624; x_wconf 91' lang='lat' dir='ltr'><strong>ut</strong></span> <span class='ocrx_word' id='word_1_205' title='bbox 1069 1570 1202 1640; x_wconf 73' lang='lat' dir='ltr'><strong>gloriose</strong></span> <span class='ocrx_word' id='word_1_206' title='bbox 1223 1570 1396 1626; x_wconf 70' lang='lat' dir='ltr'><strong>innocentiae</strong></span> <span class='ocrx_word' id='word_1_207' title='bbox 1419 1571 1580 1627; x_wconf 88' lang='lat' dir='ltr'><strong>innocentis</strong></span> <span class='ocrx_word' id='word_1_208' title='bbox 1601 1573 1675 1644; x_wconf 79' lang='lat' dir='ltr'><strong>Agri</strong></span> <span class='ocrx_word' id='word_1_209' title='bbox 1693 1574 1866 1632; x_wconf 72' lang='lat' dir='ltr'><strong>adhereant.</strong></span> 
     </span>
     <span class='ocr_line' id='line_1_17' title="bbox 112 1637 1869 1731; baseline 0.003 -19"><span class='ocrx_word' id='word_1_210' title='bbox 112 1659 252 1730; x_wconf 76' lang='lat' dir='ltr'><strong>quioniam</strong></span> <span class='ocrx_word' id='word_1_211' title='bbox 277 1660 353 1714; x_wconf 84' lang='lat' dir='ltr'><strong>inter</strong></span> <span class='ocrx_word' id='word_1_212' title='bbox 375 1659 440 1713; x_wconf 91' lang='lat' dir='ltr'><strong>illos</strong></span> <span class='ocrx_word' id='word_1_213' title='bbox 462 1659 564 1731; x_wconf 83' lang='lat' dir='ltr'><strong>quiin</strong></span> <span class='ocrx_word' id='word_1_214' title='bbox 587 1660 760 1731; x_wconf 88' lang='lat' dir='ltr'><strong>virginitatis</strong></span> <span class='ocrx_word' id='word_1_215' title='bbox 783 1661 894 1716; x_wconf 88' lang='lat' dir='ltr'><strong>honore</strong></span> <span class='ocrx_word' id='word_1_216' title='bbox 912 1661 965 1717; x_wconf 88' lang='lat' dir='ltr'><strong>llo·</strong></span> <span class='ocrx_word' id='word_1_217' title='bbox 983 1637 1198 1728; x_wconf 72' lang='lat' dir='ltr'><strong>fluuaproptar</strong></span> <span class='ocrx_word' id='word_1_218' title='bbox 1216 1658 1260 1712; x_wconf 87' lang='lat' dir='ltr'><strong>vir</strong></span> <span class='ocrx_word' id='word_1_219' title='bbox 1283 1658 1331 1712; x_wconf 89' lang='lat' dir='ltr'><strong>ille</strong></span> <span class='ocrx_word' id='word_1_220' title='bbox 1350 1659 1401 1730; x_wconf 87' lang='lat' dir='ltr'><strong>qui</strong></span> <span class='ocrx_word' id='word_1_221' title='bbox 1426 1659 1457 1713; x_wconf 94' lang='lat' dir='ltr'><strong>in</strong></span> <span class='ocrx_word' id='word_1_222' title='bbox 1480 1657 1577 1714; x_wconf 92' lang='lat' dir='ltr'><strong>animo</strong></span> <span class='ocrx_word' id='word_1_223' title='bbox 1600 1675 1652 1715; x_wconf 90' lang='lat' dir='ltr'><strong>suo</strong></span> <span class='ocrx_word' id='word_1_224' title='bbox 1679 1659 1818 1717; x_wconf 82' lang='lat' dir='ltr'><strong>deliberat</strong></span> <span class='ocrx_word' id='word_1_225' title='bbox 1838 1667 1869 1718; x_wconf 91' lang='lat' dir='ltr'><strong>ut</strong></span> 
     </span>
     <span class='ocr_line' id='line_1_18' title="bbox 111 1747 1867 1820; baseline 0.002 -18"><span class='ocrx_word' id='word_1_226' title='bbox 111 1753 189 1814; x_wconf 86' lang='lat' dir='ltr'><strong>rent,</strong></span> <span class='ocrx_word' id='word_1_227' title='bbox 212 1748 301 1802; x_wconf 88' lang='lat' dir='ltr'><strong>etiam</strong></span> <span class='ocrx_word' id='word_1_228' title='bbox 322 1748 440 1820; x_wconf 86' lang='lat' dir='ltr'><strong>quidem</strong></span> <span class='ocrx_word' id='word_1_229' title='bbox 464 1749 494 1803; x_wconf 92' lang='lat' dir='ltr'><strong>in</strong></span> <span class='ocrx_word' id='word_1_230' title='bbox 509 1764 635 1819; x_wconf 88' lang='lat' dir='ltr'><strong>superna</strong></span> <span class='ocrx_word' id='word_1_231' title='bbox 654 1749 769 1804; x_wconf 88' lang='lat' dir='ltr'><strong>civitate</strong></span> <span class='ocrx_word' id='word_1_232' title='bbox 790 1751 962 1816; x_wconf 90' lang='lat' dir='ltr'><strong>consistunt,</strong></span> <span class='ocrx_word' id='word_1_233' title='bbox 1018 1747 1127 1802; x_wconf 87' lang='lat' dir='ltr'><strong>nullam</strong></span> <span class='ocrx_word' id='word_1_234' title='bbox 1142 1751 1251 1802; x_wconf 87' lang='lat' dir='ltr'><strong>costam</strong></span> <span class='ocrx_word' id='word_1_235' title='bbox 1272 1747 1327 1803; x_wconf 90' lang='lat' dir='ltr'><strong>sibi</strong></span> <span class='ocrx_word' id='word_1_236' title='bbox 1349 1748 1472 1819; x_wconf 91' lang='lat' dir='ltr'><strong>copulet,</strong></span> <span class='ocrx_word' id='word_1_237' title='bbox 1490 1748 1540 1803; x_wconf 91' lang='lat' dir='ltr'><strong>sed</strong></span> <span class='ocrx_word' id='word_1_238' title='bbox 1563 1748 1615 1803; x_wconf 88' lang='lat' dir='ltr'><strong>hoc</strong></span> <span class='ocrx_word' id='word_1_239' title='bbox 1630 1748 1774 1804; x_wconf 87' lang='lat' dir='ltr'><strong>desiderat</strong></span> <span class='ocrx_word' id='word_1_240' title='bbox 1789 1755 1820 1805; x_wconf 91' lang='lat' dir='ltr'><strong>ut</strong></span> <span class='ocrx_word' id='word_1_241' title='bbox 1836 1751 1867 1805; x_wconf 88' lang='lat' dir='ltr'><strong>in</strong></span> 
     </span>
     <span class='ocr_line' id='line_1_19' title="bbox 113 1834 1868 1910; baseline 0.001 -20"><span class='ocrx_word' id='word_1_242' title='bbox 113 1836 164 1907; x_wconf 87' lang='lat' dir='ltr'><strong>qni</strong></span> <span class='ocrx_word' id='word_1_243' title='bbox 189 1834 359 1908; x_wconf 86' lang='lat' dir='ltr'><strong>dignitatern</strong></span> <span class='ocrx_word' id='word_1_244' title='bbox 383 1837 568 1908; x_wconf 85' lang='lat' dir='ltr'><strong>antiquorum</strong></span> <span class='ocrx_word' id='word_1_245' title='bbox 589 1842 705 1910; x_wconf 90' lang='lat' dir='ltr'><strong>patrum</strong></span> <span class='ocrx_word' id='word_1_246' title='bbox 726 1845 756 1893; x_wconf 91' lang='lat' dir='ltr'><strong>et</strong></span> <span class='ocrx_word' id='word_1_247' title='bbox 780 1839 903 1910; x_wconf 88' lang='lat' dir='ltr'><strong>gloriam</strong></span> <span class='ocrx_word' id='word_1_248' title='bbox 918 1855 964 1893; x_wconf 92' lang='lat' dir='ltr'><strong>su·</strong></span> <span class='ocrx_word' id='word_1_249' title='bbox 1017 1834 1130 1907; x_wconf 90' lang='lat' dir='ltr'><strong>pudore</strong></span> <span class='ocrx_word' id='word_1_250' title='bbox 1152 1835 1328 1908; x_wconf 76' lang='lat' dir='ltr'><strong>virginitatis</strong></span> <span class='ocrx_word' id='word_1_251' title='bbox 1341 1842 1460 1908; x_wconf 90' lang='lat' dir='ltr'><strong>propter</strong></span> <span class='ocrx_word' id='word_1_252' title='bbox 1475 1852 1603 1892; x_wconf 91' lang='lat' dir='ltr'><strong>amorem</strong></span> <span class='ocrx_word' id='word_1_253' title='bbox 1623 1837 1687 1892; x_wconf 82' lang='lat' dir='ltr'><strong>Filii</strong></span> <span class='ocrx_word' id='word_1_254' title='bbox 1701 1838 1758 1892; x_wconf 92' lang='lat' dir='ltr'><strong>mei</strong></span> <span class='ocrx_word' id='word_1_255' title='bbox 1773 1853 1868 1910; x_wconf 81' lang='lat' dir='ltr'><strong>perse·</strong></span> 
     </span>
     <span class='ocr_line' id='line_1_20' title="bbox 111 1925 1867 1998; baseline 0.001 -18"><span class='ocrx_word' id='word_1_256' title='bbox 111 1925 248 1996; x_wconf 83' lang='lat' dir='ltr'><strong>periuris.</strong></span> <span class='ocrx_word' id='word_1_257' title='bbox 263 1925 419 1997; x_wconf 87' lang='lat' dir='ltr'><strong>magisterii</strong></span> <span class='ocrx_word' id='word_1_258' title='bbox 444 1925 475 1980; x_wconf 91' lang='lat' dir='ltr'><strong>io</strong></span> <span class='ocrx_word' id='word_1_259' title='bbox 500 1926 606 1981; x_wconf 77' lang='lat' dir='ltr'><strong>seculo</strong></span> <span class='ocrx_word' id='word_1_260' title='bbox 628 1931 745 1982; x_wconf 86' lang='lat' dir='ltr'><strong>strenue</strong></span> <span class='ocrx_word' id='word_1_261' title='bbox 767 1933 899 1998; x_wconf 78' lang='lat' dir='ltr'><strong>gerentes</strong></span> <span class='ocrx_word' id='word_1_262' title='bbox 917 1928 965 1983; x_wconf 91' lang='lat' dir='ltr'><strong>de-</strong></span> <span class='ocrx_word' id='word_1_263' title='bbox 1018 1931 1107 1993; x_wconf 88' lang='lat' dir='ltr'><strong>veret,</strong></span> <span class='ocrx_word' id='word_1_264' title='bbox 1130 1925 1310 1980; x_wconf 89' lang='lat' dir='ltr'><strong>sodalitatem</strong></span> <span class='ocrx_word' id='word_1_265' title='bbox 1325 1927 1387 1996; x_wconf 88' lang='lat' dir='ltr'><strong>ejus</strong></span> <span class='ocrx_word' id='word_1_266' title='bbox 1401 1925 1532 1997; x_wconf 83' lang='lat' dir='ltr'><strong>accipiet,</strong></span> <span class='ocrx_word' id='word_1_267' title='bbox 1548 1925 1571 1980; x_wconf 90' lang='lat' dir='ltr'><strong>si</strong></span> <span class='ocrx_word' id='word_1_268' title='bbox 1592 1931 1688 1981; x_wconf 88' lang='lat' dir='ltr'><strong>tamen</strong></span> <span class='ocrx_word' id='word_1_269' title='bbox 1717 1927 1748 1980; x_wconf 92' lang='lat' dir='ltr'><strong>in</strong></span> <span class='ocrx_word' id='word_1_270' title='bbox 1771 1928 1867 1998; x_wconf 92' lang='lat' dir='ltr'><strong>operi·</strong></span> 
     </span>
     <span class='ocr_line' id='line_1_21' title="bbox 113 2012 1867 2088; baseline 0.002 -20"><span class='ocrx_word' id='word_1_271' title='bbox 113 2029 212 2068; x_wconf 87' lang='lat' dir='ltr'><strong>cerem</strong></span> <span class='ocrx_word' id='word_1_272' title='bbox 238 2018 336 2068; x_wconf 68' lang='lat' dir='ltr'><strong>umen</strong></span> <span class='ocrx_word' id='word_1_273' title='bbox 369 2013 544 2085; x_wconf 90' lang='lat' dir='ltr'><strong>virginitatis</strong></span> <span class='ocrx_word' id='word_1_274' title='bbox 566 2030 625 2070; x_wconf 91' lang='lat' dir='ltr'><strong>non</strong></span> <span class='ocrx_word' id='word_1_275' title='bbox 654 2015 851 2088; x_wconf 90' lang='lat' dir='ltr'><strong>perdiderunt.</strong></span> <span class='ocrx_word' id='word_1_276' title='bbox 883 2015 964 2075; x_wconf 86' lang='lat' dir='ltr'><strong>Unda</strong></span> <span class='ocrx_word' id='word_1_277' title='bbox 1018 2012 1176 2084; x_wconf 88' lang='lat' dir='ltr'><strong>busipsius</strong></span> <span class='ocrx_word' id='word_1_278' title='bbox 1199 2013 1337 2068; x_wconf 88' lang='lat' dir='ltr'><strong>castitatis</strong></span> <span class='ocrx_word' id='word_1_279' title='bbox 1359 2013 1593 2084; x_wconf 81' lang='lat' dir='ltr'><strong>perseveraverit,</strong></span> <span class='ocrx_word' id='word_1_280' title='bbox 1613 2014 1867 2086; x_wconf 82' lang='lat' dir='ltr'><strong>quiahrecsancta</strong></span> 
     </span>
     <span class='ocr_line' id='line_1_22' title="bbox 114 2101 1867 2175; baseline 0.001 -18"><span class='ocrx_word' id='word_1_281' title='bbox 114 2101 204 2158; x_wconf 87' lang='lat' dir='ltr'><strong>etiem</strong></span> <span class='ocrx_word' id='word_1_282' title='bbox 227 2107 261 2156; x_wconf 90' lang='lat' dir='ltr'><strong>ut</strong></span> <span class='ocrx_word' id='word_1_283' title='bbox 283 2101 367 2157; x_wconf 90' lang='lat' dir='ltr'><strong>audis</strong></span> <span class='ocrx_word' id='word_1_284' title='bbox 389 2117 491 2157; x_wconf 89' lang='lat' dir='ltr'><strong>omues</strong></span> <span class='ocrx_word' id='word_1_285' title='bbox 509 2102 556 2157; x_wconf 90' lang='lat' dir='ltr'><strong>isti</strong></span> <span class='ocrx_word' id='word_1_286' title='bbox 580 2103 717 2175; x_wconf 84' lang='lat' dir='ltr'><strong>quicum</strong></span> <span class='ocrx_word' id='word_1_287' title='bbox 746 2105 878 2175; x_wconf 90' lang='lat' dir='ltr'><strong>suspiriis</strong></span> <span class='ocrx_word' id='word_1_288' title='bbox 904 2104 964 2160; x_wconf 91' lang='lat' dir='ltr'><strong>suis</strong></span> <span class='ocrx_word' id='word_1_289' title='bbox 1018 2117 1150 2172; x_wconf 88' lang='lat' dir='ltr'><strong>munera,</strong></span> <span class='ocrx_word' id='word_1_290' title='bbox 1166 2105 1197 2158; x_wconf 88' lang='lat' dir='ltr'><strong>in</strong></span> <span class='ocrx_word' id='word_1_291' title='bbox 1211 2106 1278 2156; x_wconf 90' lang='lat' dir='ltr'><strong>voto</strong></span> <span class='ocrx_word' id='word_1_292' title='bbox 1292 2101 1477 2158; x_wconf 82' lang='lat' dir='ltr'><strong>secretissimi</strong></span> <span class='ocrx_word' id='word_1_293' title='bbox 1500 2103 1576 2174; x_wconf 91' lang='lat' dir='ltr'><strong>pacti</strong></span> <span class='ocrx_word' id='word_1_294' title='bbox 1599 2101 1797 2159; x_wconf 78' lang='lat' dir='ltr'><strong>ecclesiasticus</strong></span> <span class='ocrx_word' id='word_1_295' title='bbox 1821 2119 1867 2159; x_wconf 89' lang='lat' dir='ltr'><strong>re·</strong></span> 
     </span>
     <span class='ocr_line' id='line_1_23' title="bbox 113 2187 1867 2262; baseline 0.002 -18"><span class='ocrx_word' id='word_1_296' title='bbox 113 2206 168 2262; x_wconf 90' lang='lat' dir='ltr'><strong>pro</strong></span> <span class='ocrx_word' id='word_1_297' title='bbox 191 2191 297 2246; x_wconf 76' lang='lat' dir='ltr'><strong>caelesti</strong></span> <span class='ocrx_word' id='word_1_298' title='bbox 326 2206 424 2246; x_wconf 88' lang='lat' dir='ltr'><strong>amore</strong></span> <span class='ocrx_word' id='word_1_299' title='bbox 447 2190 643 2262; x_wconf 90' lang='lat' dir='ltr'><strong>integritatem</strong></span> <span class='ocrx_word' id='word_1_300' title='bbox 675 2208 757 2249; x_wconf 88' lang='lat' dir='ltr'><strong>suam</strong></span> <span class='ocrx_word' id='word_1_301' title='bbox 780 2209 964 2250; x_wconf 85' lang='lat' dir='ltr'><strong>conservave—</strong></span> <span class='ocrx_word' id='word_1_302' title='bbox 1018 2187 1135 2258; x_wconf 90' lang='lat' dir='ltr'><strong>ligionis</strong></span> <span class='ocrx_word' id='word_1_303' title='bbox 1155 2189 1193 2244; x_wconf 92' lang='lat' dir='ltr'><strong>oh</strong></span> <span class='ocrx_word' id='word_1_304' title='bbox 1210 2189 1332 2260; x_wconf 87' lang='lat' dir='ltr'><strong>gloriam</strong></span> <span class='ocrx_word' id='word_1_305' title='bbox 1356 2206 1489 2262; x_wconf 76' lang='lat' dir='ltr'><strong>superne</strong></span> <span class='ocrx_word' id='word_1_306' title='bbox 1507 2191 1751 2247; x_wconf 86' lang='lat' dir='ltr'><strong>remunerationis</strong></span> <span class='ocrx_word' id='word_1_307' title='bbox 1773 2192 1867 2248; x_wconf 86' lang='lat' dir='ltr'><strong>eidem</strong></span> 
     </span>
     <span class='ocr_line' id='line_1_24' title="bbox 112 2277 1867 2352; baseline 0.001 -18"><span class='ocrx_word' id='word_1_308' title='bbox 112 2283 194 2345; x_wconf 88' lang='lat' dir='ltr'><strong>runt,</strong></span> <span class='ocrx_word' id='word_1_309' title='bbox 226 2279 259 2334; x_wconf 91' lang='lat' dir='ltr'><strong>in</strong></span> <span class='ocrx_word' id='word_1_310' title='bbox 287 2279 396 2334; x_wconf 85' lang='lat' dir='ltr'><strong>coelesti</strong></span> <span class='ocrx_word' id='word_1_311' title='bbox 425 2279 603 2335; x_wconf 86' lang='lat' dir='ltr'><strong>habitatione</strong></span> <span class='ocrx_word' id='word_1_312' title='bbox 628 2279 695 2336; x_wconf 77' lang='lat' dir='ltr'><strong>iilia</strong></span> <span class='ocrx_word' id='word_1_313' title='bbox 723 2281 791 2336; x_wconf 91' lang='lat' dir='ltr'><strong>Sion</strong></span> <span class='ocrx_word' id='word_1_314' title='bbox 818 2282 962 2351; x_wconf 90' lang='lat' dir='ltr'><strong>dicuutur,</strong></span> <span class='ocrx_word' id='word_1_315' title='bbox 1018 2277 1089 2334; x_wconf 84' lang='lat' dir='ltr'><strong>Filio</strong></span> <span class='ocrx_word' id='word_1_316' title='bbox 1108 2293 1174 2333; x_wconf 89' lang='lat' dir='ltr'><strong>meo</strong></span> <span class='ocrx_word' id='word_1_317' title='bbox 1201 2277 1315 2334; x_wconf 89' lang='lat' dir='ltr'><strong>obtulit.</strong></span> <span class='ocrx_word' id='word_1_318' title='bbox 1332 2279 1386 2335; x_wconf 88' lang='lat' dir='ltr'><strong>Sed</strong></span> <span class='ocrx_word' id='word_1_319' title='bbox 1406 2279 1431 2334; x_wconf 94' lang='lat' dir='ltr'><strong>si</strong></span> <span class='ocrx_word' id='word_1_320' title='bbox 1454 2279 1503 2334; x_wconf 91' lang='lat' dir='ltr'><strong>ille</strong></span> <span class='ocrx_word' id='word_1_321' title='bbox 1520 2283 1622 2352; x_wconf 85' lang='lat' dir='ltr'><strong>postea</strong></span> <span class='ocrx_word' id='word_1_322' title='bbox 1648 2279 1724 2335; x_wconf 89' lang='lat' dir='ltr'><strong>idem</strong></span> <span class='ocrx_word' id='word_1_323' title='bbox 1749 2285 1867 2350; x_wconf 88' lang='lat' dir='ltr'><strong>pactum</strong></span> 
     </span>
     <span class='ocr_line' id='line_1_25' title="bbox 113 2365 1868 2440; baseline 0.001 -18"><span class='ocrx_word' id='word_1_324' title='bbox 113 2383 173 2439; x_wconf 85' lang='lat' dir='ltr'><strong>qua</strong></span> <span class='ocrx_word' id='word_1_325' title='bbox 188 2367 281 2423; x_wconf 86' lang='lat' dir='ltr'><strong>lilium</strong></span> <span class='ocrx_word' id='word_1_326' title='bbox 311 2384 409 2423; x_wconf 89' lang='lat' dir='ltr'><strong>meum</strong></span> <span class='ocrx_word' id='word_1_327' title='bbox 433 2368 608 2440; x_wconf 85' lang='lat' dir='ltr'><strong>virginitatis</strong></span> <span class='ocrx_word' id='word_1_328' title='bbox 629 2385 728 2425; x_wconf 87' lang='lat' dir='ltr'><strong>amore</strong></span> <span class='ocrx_word' id='word_1_329' title='bbox 756 2368 861 2426; x_wconf 89' lang='lat' dir='ltr'><strong>imitati</strong></span> <span class='ocrx_word' id='word_1_330' title='bbox 885 2377 962 2425; x_wconf 88' lang='lat' dir='ltr'><strong>sunt.</strong></span> <span class='ocrx_word' id='word_1_331' title='bbox 1018 2365 1185 2438; x_wconf 88' lang='lat' dir='ltr'><strong>relinquens</strong></span> <span class='ocrx_word' id='word_1_332' title='bbox 1223 2371 1339 2439; x_wconf 90' lang='lat' dir='ltr'><strong>propter</strong></span> <span class='ocrx_word' id='word_1_333' title='bbox 1366 2372 1481 2439; x_wconf 87' lang='lat' dir='ltr'><strong>turpem</strong></span> <span class='ocrx_word' id='word_1_334' title='bbox 1520 2368 1670 2424; x_wconf 91' lang='lat' dir='ltr'><strong>stimulum</strong></span> <span class='ocrx_word' id='word_1_335' title='bbox 1689 2369 1782 2424; x_wconf 89' lang='lat' dir='ltr'><strong>carnis</strong></span> <span class='ocrx_word' id='word_1_336' title='bbox 1808 2385 1868 2426; x_wconf 85' lang='lat' dir='ltr'><strong>ause</strong></span> 
     </span>
     <span class='ocr_line' id='line_1_26' title="bbox 114 2454 1868 2530; baseline 0.001 -20"><span class='ocrx_word' id='word_1_337' title='bbox 114 2457 241 2528; x_wconf 87' lang='lat' dir='ltr'><strong>ideoque</strong></span> <span class='ocrx_word' id='word_1_338' title='bbox 257 2460 286 2511; x_wconf 93' lang='lat' dir='ltr'><strong>et</strong></span> <span class='ocrx_word' id='word_1_339' title='bbox 304 2471 371 2510; x_wconf 89' lang='lat' dir='ltr'><strong>cum</strong></span> <span class='ocrx_word' id='word_1_340' title='bbox 394 2456 437 2510; x_wconf 89' lang='lat' dir='ltr'><strong>eis</strong></span> <span class='ocrx_word' id='word_1_341' title='bbox 458 2462 536 2520; x_wconf 92' lang='lat' dir='ltr'><strong>sunt,</strong></span> <span class='ocrx_word' id='word_1_342' title='bbox 552 2459 725 2513; x_wconf 85' lang='lat' dir='ltr'><strong>resonantias</strong></span> <span class='ocrx_word' id='word_1_343' title='bbox 745 2473 882 2513; x_wconf 89' lang='lat' dir='ltr'><strong>sonorum</strong></span> <span class='ocrx_word' id='word_1_344' title='bbox 903 2459 964 2530; x_wconf 89' lang='lat' dir='ltr'><strong>spi·</strong></span> <span class='ocrx_word' id='word_1_345' title='bbox 1018 2454 1191 2510; x_wconf 84' lang='lat' dir='ltr'><strong>adulterium</strong></span> <span class='ocrx_word' id='word_1_346' title='bbox 1205 2459 1429 2526; x_wconf 85' lang='lat' dir='ltr'><strong>perpetraverat,</strong></span> <span class='ocrx_word' id='word_1_347' title='bbox 1451 2457 1612 2513; x_wconf 88' lang='lat' dir='ltr'><strong>libertatem</strong></span> <span class='ocrx_word' id='word_1_348' title='bbox 1632 2473 1712 2513; x_wconf 88' lang='lat' dir='ltr'><strong>suam</strong></span> <span class='ocrx_word' id='word_1_349' title='bbox 1727 2458 1756 2512; x_wconf 93' lang='lat' dir='ltr'><strong>in</strong></span> <span class='ocrx_word' id='word_1_350' title='bbox 1780 2460 1868 2513; x_wconf 89' lang='lat' dir='ltr'><strong>servi·</strong></span> 
     </span>
     <span class='ocr_line' id='line_1_27' title="bbox 113 2543 1868 2622; baseline 0.003 -25"><span class='ocrx_word' id='word_1_351' title='bbox 113 2544 264 2599; x_wconf 88' lang='lat' dir='ltr'><strong>ritualium</strong></span> <span class='ocrx_word' id='word_1_352' title='bbox 283 2548 313 2599; x_wconf 88' lang='lat' dir='ltr'><strong>et</strong></span> <span class='ocrx_word' id='word_1_353' title='bbox 346 2543 540 2600; x_wconf 81' lang='lat' dir='ltr'><strong>insecutiones</strong></span> <span class='ocrx_word' id='word_1_354' title='bbox 570 2546 792 2618; x_wconf 87' lang='lat' dir='ltr'><strong>omnigenarum</strong></span> <span class='ocrx_word' id='word_1_355' title='bbox 822 2546 964 2602; x_wconf 82' lang='lat' dir='ltr'><strong>melodia·</strong></span> <span class='ocrx_word' id='word_1_356' title='bbox 1018 2547 1109 2598; x_wconf 88' lang='lat' dir='ltr'><strong>tutem</strong></span> <span class='ocrx_word' id='word_1_357' title='bbox 1122 2543 1243 2614; x_wconf 78' lang='lat' dir='ltr'><strong>redegit,</strong></span> <span class='ocrx_word' id='word_1_358' title='bbox 1263 2545 1398 2616; x_wconf 85' lang='lat' dir='ltr'><strong>quoniam</strong></span> <span class='ocrx_word' id='word_1_359' title='bbox 1413 2543 1629 2602; x_wconf 86' lang='lat' dir='ltr'><strong>bonoremcolli</strong></span> <span class='ocrx_word' id='word_1_360' title='bbox 1643 2546 1751 2602; x_wconf 90' lang='lat' dir='ltr'><strong>suiubi</strong></span> <span class='ocrx_word' id='word_1_361' title='bbox 1765 2547 1868 2622; x_wconf 79' lang='lat' dir='ltr'><strong>Filium</strong></span> 
     </span>
     <span class='ocr_line' id='line_1_28' title="bbox 113 2631 1868 2707; baseline 0.002 -21"><span class='ocrx_word' id='word_1_362' title='bbox 113 2649 179 2686; x_wconf 90' lang='lat' dir='ltr'><strong>rum</strong></span> <span class='ocrx_word' id='word_1_363' title='bbox 203 2637 234 2686; x_wconf 88' lang='lat' dir='ltr'><strong>et</strong></span> <span class='ocrx_word' id='word_1_364' title='bbox 253 2632 389 2703; x_wconf 76' lang='lat' dir='ltr'><strong>agilitatis</strong></span> <span class='ocrx_word' id='word_1_365' title='bbox 402 2640 574 2688; x_wconf 88' lang='lat' dir='ltr'><strong>ornamenta</strong></span> <span class='ocrx_word' id='word_1_366' title='bbox 595 2651 800 2707; x_wconf 85' lang='lat' dir='ltr'><strong>prosperarum</strong></span> <span class='ocrx_word' id='word_1_367' title='bbox 823 2635 964 2690; x_wconf 86' lang='lat' dir='ltr'><strong>mentium</strong></span> <span class='ocrx_word' id='word_1_368' title='bbox 1019 2647 1115 2696; x_wconf 82' lang='lat' dir='ltr'><strong>mcum</strong></span> <span class='ocrx_word' id='word_1_369' title='bbox 1127 2631 1230 2704; x_wconf 88' lang='lat' dir='ltr'><strong>pudice</strong></span> <span class='ocrx_word' id='word_1_370' title='bbox 1241 2632 1347 2688; x_wconf 88' lang='lat' dir='ltr'><strong>imitari</strong></span> <span class='ocrx_word' id='word_1_371' title='bbox 1361 2633 1471 2704; x_wconf 90' lang='lat' dir='ltr'><strong>debuit,</strong></span> <span class='ocrx_word' id='word_1_372' title='bbox 1491 2649 1544 2706; x_wconf 90' lang='lat' dir='ltr'><strong>per</strong></span> <span class='ocrx_word' id='word_1_373' title='bbox 1564 2635 1773 2706; x_wconf 90' lang='lat' dir='ltr'><strong>turpitudinem</strong></span> <span class='ocrx_word' id='word_1_374' title='bbox 1791 2636 1868 2690; x_wconf 84' lang='lat' dir='ltr'><strong>dele·</strong></span> 
     </span>
     <span class='ocr_line' id='line_1_29' title="bbox 113 2719 1868 2795; baseline 0.003 -22"><span class='ocrx_word' id='word_1_375' title='bbox 113 2726 143 2775; x_wconf 90' lang='lat' dir='ltr'><strong>et</strong></span> <span class='ocrx_word' id='word_1_376' title='bbox 163 2736 254 2776; x_wconf 85' lang='lat' dir='ltr'><strong>aurea</strong></span> <span class='ocrx_word' id='word_1_377' title='bbox 272 2719 349 2775; x_wconf 91' lang='lat' dir='ltr'><strong>visio</strong></span> <span class='ocrx_word' id='word_1_378' title='bbox 371 2721 543 2792; x_wconf 79' lang='lat' dir='ltr'><strong>fulgentium</strong></span> <span class='ocrx_word' id='word_1_379' title='bbox 573 2723 700 2795; x_wconf 90' lang='lat' dir='ltr'><strong>lapidum</strong></span> <span class='ocrx_word' id='word_1_380' title='bbox 718 2739 752 2777; x_wconf 88' lang='lat' dir='ltr'><strong>ec</strong></span> <span class='ocrx_word' id='word_1_381' title='bbox 773 2738 963 2793; x_wconf 88' lang='lat' dir='ltr'><strong>gemmarum.</strong></span> <span class='ocrx_word' id='word_1_382' title='bbox 1019 2719 1151 2775; x_wconf 77' lang='lat' dir='ltr'><strong>stationis</strong></span> <span class='ocrx_word' id='word_1_383' title='bbox 1181 2735 1238 2774; x_wconf 74' lang='lat' dir='ltr'><strong>sua</strong></span> <span class='ocrx_word' id='word_1_384' title='bbox 1268 2719 1403 2792; x_wconf 78' lang='lat' dir='ltr'><strong>nequiiter</strong></span> <span class='ocrx_word' id='word_1_385' title='bbox 1430 2721 1574 2794; x_wconf 79' lang='lat' dir='ltr'><strong>corrupit3</strong></span> <span class='ocrx_word' id='word_1_386' title='bbox 1602 2727 1632 2777; x_wconf 86' lang='lat' dir='ltr'><strong>et</strong></span> <span class='ocrx_word' id='word_1_387' title='bbox 1658 2723 1727 2794; x_wconf 88' lang='lat' dir='ltr'><strong>quia</strong></span> <span class='ocrx_word' id='word_1_388' title='bbox 1752 2725 1868 2779; x_wconf 90' lang='lat' dir='ltr'><strong>menda·</strong></span> 
     </span>
     <span class='ocr_line' id='line_1_30' title="bbox 114 2807 1868 2883; baseline 0.002 -20"><span class='ocrx_word' id='word_1_389' title='bbox 114 2807 287 2874; x_wconf 76' lang='lat' dir='ltr'><strong>Quomodo?</strong></span> <span class='ocrx_word' id='word_1_390' title='bbox 302 2809 375 2874; x_wconf 85' lang='lat' dir='ltr'><strong>Quia</strong></span> <span class='ocrx_word' id='word_1_391' title='bbox 397 2811 451 2866; x_wconf 91' lang='lat' dir='ltr'><strong>hoc</strong></span> <span class='ocrx_word' id='word_1_392' title='bbox 474 2810 582 2867; x_wconf 88' lang='lat' dir='ltr'><strong>babent</strong></span> <span class='ocrx_word' id='word_1_393' title='bbox 604 2810 640 2866; x_wconf 91' lang='lat' dir='ltr'><strong>de</strong></span> <span class='ocrx_word' id='word_1_394' title='bbox 664 2811 736 2866; x_wconf 78' lang='lat' dir='ltr'><strong>Filio</strong></span> <span class='ocrx_word' id='word_1_395' title='bbox 751 2811 801 2866; x_wconf 83' lang='lat' dir='ltr'><strong>liei</strong></span> <span class='ocrx_word' id='word_1_396' title='bbox 827 2812 906 2883; x_wconf 87' lang='lat' dir='ltr'><strong>qnod</strong></span> <span class='ocrx_word' id='word_1_397' title='bbox 929 2812 964 2867; x_wconf 91' lang='lat' dir='ltr'><strong>de</strong></span> <span class='ocrx_word' id='word_1_398' title='bbox 1019 2809 1095 2864; x_wconf 87' lang='lat' dir='ltr'><strong>cium</strong></span> <span class='ocrx_word' id='word_1_399' title='bbox 1116 2809 1244 2880; x_wconf 90' lang='lat' dir='ltr'><strong>protulit,</strong></span> <span class='ocrx_word' id='word_1_400' title='bbox 1265 2823 1370 2864; x_wconf 89' lang='lat' dir='ltr'><strong>vovens</strong></span> <span class='ocrx_word' id='word_1_401' title='bbox 1397 2825 1427 2863; x_wconf 91' lang='lat' dir='ltr'><strong>se</strong></span> <span class='ocrx_word' id='word_1_402' title='bbox 1444 2815 1520 2865; x_wconf 88' lang='lat' dir='ltr'><strong>caste</strong></span> <span class='ocrx_word' id='word_1_403' title='bbox 1540 2811 1634 2865; x_wconf 89' lang='lat' dir='ltr'><strong>vivero</strong></span> <span class='ocrx_word' id='word_1_404' title='bbox 1649 2811 1726 2883; x_wconf 84' lang='lat' dir='ltr'><strong>quod</strong></span> <span class='ocrx_word' id='word_1_405' title='bbox 1746 2827 1802 2866; x_wconf 92' lang='lat' dir='ltr'><strong>non</strong></span> <span class='ocrx_word' id='word_1_406' title='bbox 1817 2811 1868 2866; x_wconf 89' lang='lat' dir='ltr'><strong>iru-</strong></span> 
     </span>
     <span class='ocr_line' id='line_1_31' title="bbox 113 2895 1867 2990; baseline 0.001 -38"><span class='ocrx_word' id='word_1_407' title='bbox 113 2898 221 2953; x_wconf 90' lang='lat' dir='ltr'><strong>throno</strong></span> <span class='ocrx_word' id='word_1_408' title='bbox 245 2913 334 2953; x_wconf 90' lang='lat' dir='ltr'><strong>sonus</strong></span> <span class='ocrx_word' id='word_1_409' title='bbox 356 2899 424 2963; x_wconf 87' lang='lat' dir='ltr'><strong>exit,</strong></span> <span class='ocrx_word' id='word_1_410' title='bbox 451 2900 498 2954; x_wconf 88' lang='lat' dir='ltr'><strong>cui</strong></span> <span class='ocrx_word' id='word_1_411' title='bbox 519 2900 615 2955; x_wconf 90' lang='lat' dir='ltr'><strong>omnis</strong></span> <span class='ocrx_word' id='word_1_412' title='bbox 635 2899 741 2954; x_wconf 90' lang='lat' dir='ltr'><strong>chorus</strong></span> <span class='ocrx_word' id='word_1_413' title='bbox 763 2900 909 2972; x_wconf 89' lang='lat' dir='ltr'><strong>virginum</strong></span> <span class='ocrx_word' id='word_1_414' title='bbox 934 2902 964 2957; x_wconf 91' lang='lat' dir='ltr'><strong>in</strong></span> <span class='ocrx_word' id='word_1_415' title='bbox 983 2897 1118 2990; x_wconf 69' lang='lat' dir='ltr'><strong>cplevit.</strong></span> <span class='ocrx_word' id='word_1_416' title='bbox 1144 2897 1222 2952; x_wconf 89' lang='lat' dir='ltr'><strong>Unde</strong></span> <span class='ocrx_word' id='word_1_417' title='bbox 1239 2895 1368 2952; x_wconf 89' lang='lat' dir='ltr'><strong>etiamsi</strong></span> <span class='ocrx_word' id='word_1_418' title='bbox 1384 2897 1415 2952; x_wconf 92' lang='lat' dir='ltr'><strong>in</strong></span> <span class='ocrx_word' id='word_1_419' title='bbox 1436 2899 1521 2970; x_wconf 88' lang='lat' dir='ltr'><strong>culpe</strong></span> <span class='ocrx_word' id='word_1_420' title='bbox 1541 2899 1711 2954; x_wconf 87' lang='lat' dir='ltr'><strong>temeritatis</strong></span> <span class='ocrx_word' id='word_1_421' title='bbox 1726 2915 1786 2954; x_wconf 80' lang='lat' dir='ltr'><strong>strae</strong></span> <span class='ocrx_word' id='word_1_422' title='bbox 1799 2915 1867 2971; x_wconf 88' lang='lat' dir='ltr'><strong>per·</strong></span> 
     </span>
     <span class='ocr_line' id='line_1_32' title="bbox 113 2985 1868 3059; baseline 0.002 -19"><span class='ocrx_word' id='word_1_423' title='bbox 113 2986 243 3042; x_wconf 85' lang='lat' dir='ltr'><strong>marimo</strong></span> <span class='ocrx_word' id='word_1_424' title='bbox 271 2986 413 3043; x_wconf 91' lang='lat' dir='ltr'><strong>desiderio</strong></span> <span class='ocrx_word' id='word_1_425' title='bbox 439 2987 574 3055; x_wconf 89' lang='lat' dir='ltr'><strong>concinit,</strong></span> <span class='ocrx_word' id='word_1_426' title='bbox 600 2988 733 3043; x_wconf 77' lang='lat' dir='ltr'><strong>videlicet</strong></span> <span class='ocrx_word' id='word_1_427' title='bbox 761 3004 869 3044; x_wconf 89' lang='lat' dir='ltr'><strong>novum</strong></span> <span class='ocrx_word' id='word_1_428' title='bbox 893 3005 965 3045; x_wconf 91' lang='lat' dir='ltr'><strong>can-</strong></span> <span class='ocrx_word' id='word_1_429' title='bbox 1019 2985 1202 3052; x_wconf 78' lang='lat' dir='ltr'><strong>reseraverit,</strong></span> <span class='ocrx_word' id='word_1_430' title='bbox 1226 2985 1388 3041; x_wconf 89' lang='lat' dir='ltr'><strong>districtum</strong></span> <span class='ocrx_word' id='word_1_431' title='bbox 1414 2985 1556 3058; x_wconf 87' lang='lat' dir='ltr'><strong>judicium</strong></span> <span class='ocrx_word' id='word_1_432' title='bbox 1583 2987 1737 3059; x_wconf 89' lang='lat' dir='ltr'><strong>justissimi</strong></span> <span class='ocrx_word' id='word_1_433' title='bbox 1761 2986 1868 3058; x_wconf 76' lang='lat' dir='ltr'><strong>&#39;judicis</strong></span> 
     </span>
     <span class='ocr_line' id='line_1_33' title="bbox 112 3073 1866 3150; baseline 0.001 -20"><span class='ocrx_word' id='word_1_434' title='bbox 112 3081 177 3130; x_wconf 94' lang='lat' dir='ltr'><strong>tum</strong></span> <span class='ocrx_word' id='word_1_435' title='bbox 214 3075 472 3147; x_wconf 82' lang='lat' dir='ltr'><strong>symphonizando,</strong></span> <span class='ocrx_word' id='word_1_436' title='bbox 505 3081 536 3131; x_wconf 91' lang='lat' dir='ltr'><strong>ut</strong></span> <span class='ocrx_word' id='word_1_437' title='bbox 568 3077 693 3132; x_wconf 80' lang='lat' dir='ltr'><strong>loannes</strong></span> <span class='ocrx_word' id='word_1_438' title='bbox 732 3077 853 3133; x_wconf 86' lang='lat' dir='ltr'><strong>dilectus</strong></span> <span class='ocrx_word' id='word_1_439' title='bbox 882 3077 965 3150; x_wconf 87' lang='lat' dir='ltr'><strong>virgo</strong></span> <span class='ocrx_word' id='word_1_440' title='bbox 1018 3074 1084 3130; x_wconf 88' lang='lat' dir='ltr'><strong>iude</strong></span> <span class='ocrx_word' id='word_1_441' title='bbox 1096 3073 1259 3142; x_wconf 91' lang='lat' dir='ltr'><strong>sustinebit,</strong></span> <span class='ocrx_word' id='word_1_442' title='bbox 1280 3074 1418 3147; x_wconf 88' lang='lat' dir='ltr'><strong>quonium</strong></span> <span class='ocrx_word' id='word_1_443' title='bbox 1433 3090 1486 3131; x_wconf 89' lang='lat' dir='ltr'><strong>nee</strong></span> <span class='ocrx_word' id='word_1_444' title='bbox 1502 3076 1651 3148; x_wconf 89' lang='lat' dir='ltr'><strong>turpitudo</strong></span> <span class='ocrx_word' id='word_1_445' title='bbox 1672 3091 1724 3132; x_wconf 89' lang='lat' dir='ltr'><strong>nec</strong></span> <span class='ocrx_word' id='word_1_446' title='bbox 1750 3077 1866 3132; x_wconf 90' lang='lat' dir='ltr'><strong>menda·</strong></span> 
     </span>
     <span class='ocr_line' id='line_1_34' title="bbox 112 3162 1535 3236; baseline 0.001 -18"><span class='ocrx_word' id='word_1_447' title='bbox 112 3169 238 3219; x_wconf 88' lang='lat' dir='ltr'><strong>testatur</strong></span> <span class='ocrx_word' id='word_1_448' title='bbox 250 3165 349 3220; x_wconf 92' lang='lat' dir='ltr'><strong>diceus</strong></span> <span class='ocrx_word' id='word_1_449' title='bbox 365 3181 372 3220; x_wconf 92' lang='lat'>:</span> <span class='ocrx_word' id='word_1_450' title='bbox 389 3165 431 3220; x_wconf 77' lang='lat' dir='ltr'><strong>ut</strong></span> <span class='ocrx_word' id='word_1_451' title='bbox 443 3163 678 3236; x_wconf 82' lang='lat' dir='ltr'><strong>contabotquosr&#39;</strong></span> <span class='ocrx_word' id='word_1_452' title='bbox 696 3164 842 3221; x_wconf 75' lang='lat' dir='ltr'><strong>malicum</strong></span> <span class='ocrx_word' id='word_1_453' title='bbox 858 3182 965 3222; x_wconf 82' lang='lat' dir='ltr'><strong>nocem</strong></span> <span class='ocrx_word' id='word_1_454' title='bbox 1018 3162 1094 3218; x_wconf 84' lang='lat' dir='ltr'><strong>oium</strong></span> <span class='ocrx_word' id='word_1_455' title='bbox 1110 3163 1140 3217; x_wconf 91' lang='lat' dir='ltr'><strong>in</strong></span> <span class='ocrx_word' id='word_1_456' title='bbox 1152 3162 1360 3234; x_wconf 83' lang='lat' dir='ltr'><strong>coelestigloria</strong></span> <span class='ocrx_word' id='word_1_457' title='bbox 1375 3162 1535 3235; x_wconf 88' lang='lat' dir='ltr'><strong>apparebit.</strong></span> 
     </span>
    </p>

    <p class='ocr_par' dir='ltr' id='par_1_4' title="bbox 109 3251 1923 5099">
     <span class='ocr_line' id='line_1_35' title="bbox 112 3251 1923 3325; baseline 0.002 -18"><span class='ocrx_word' id='word_1_458' title='bbox 112 3256 183 3308; x_wconf 81' lang='lat' dir='ltr'><strong>onte</strong></span> <span class='ocrx_word' id='word_1_459' title='bbox 201 3252 300 3308; x_wconf 84' lang='lat' dir='ltr'><strong>sedem</strong></span> <span class='ocrx_word' id='word_1_460' title='bbox 320 3256 350 3308; x_wconf 86' lang='lat' dir='ltr'><strong>et</strong></span> <span class='ocrx_word' id='word_1_461' title='bbox 375 3255 445 3308; x_wconf 83' lang='lat' dir='ltr'><strong>onte</strong></span> <span class='ocrx_word' id='word_1_462' title='bbox 472 3256 597 3325; x_wconf 79' lang='lat' dir='ltr'><strong>perotuor</strong></span> <span class='ocrx_word' id='word_1_463' title='bbox 620 3252 763 3309; x_wconf 81' lang='lat' dir='ltr'><strong>animalia</strong></span> <span class='ocrx_word' id='word_1_464' title='bbox 791 3257 820 3309; x_wconf 86' lang='lat' dir='ltr'><strong>et</strong></span> <span class='ocrx_word' id='word_1_465' title='bbox 836 3254 966 3312; x_wconf 79' lang='lat' dir='ltr'><strong>seniores</strong></span> <span class='ocrx_word' id='word_1_466' title='bbox 1052 3251 1171 3317; x_wconf 87' lang='lat' dir='ltr'><strong>Quodsi</strong></span> <span class='ocrx_word' id='word_1_467' title='bbox 1186 3267 1283 3306; x_wconf 87' lang='lat' dir='ltr'><strong>amaro</strong></span> <span class='ocrx_word' id='word_1_468' title='bbox 1298 3251 1444 3308; x_wconf 88' lang='lat' dir='ltr'><strong>ssetuente</strong></span> <span class='ocrx_word' id='word_1_469' title='bbox 1459 3251 1547 3308; x_wconf 88' lang='lat' dir='ltr'><strong>fluam</strong></span> <span class='ocrx_word' id='word_1_470' title='bbox 1561 3251 1694 3308; x_wconf 89' lang='lat' dir='ltr'><strong>snumde</strong></span> <span class='ocrx_word' id='word_1_471' title='bbox 1710 3254 1764 3309; x_wconf 88' lang='lat' dir='ltr'><strong>hoe</strong></span> <span class='ocrx_word' id='word_1_472' title='bbox 1785 3257 1869 3310; x_wconf 87' lang='lat' dir='ltr'><strong>reatu</strong></span> <span class='ocrx_word' id='word_1_473' title='bbox 1921 3311 1923 3316; x_wconf 82' lang='grc'>,</span> 
     </span>
     <span class='ocr_line' id='line_1_36' title="bbox 114 3339 1868 3415; baseline -0.001 -17"><span class='ocrx_word' id='word_1_474' title='bbox 114 3342 212 3414; x_wconf 73' lang='lat' dir='ltr'><strong>(apoc.</strong></span> <span class='ocrx_word' id='word_1_475' title='bbox 236 3341 302 3413; x_wconf 83' lang='lat' dir='ltr'><strong>rav).</strong></span> <span class='ocrx_word' id='word_1_476' title='bbox 322 3341 396 3408; x_wconf 81' lang='lat' dir='ltr'><strong>Quid</strong></span> <span class='ocrx_word' id='word_1_477' title='bbox 417 3342 491 3398; x_wconf 81' lang='lat' dir='ltr'><strong>hoel</strong></span> <span class='ocrx_word' id='word_1_478' title='bbox 520 3344 552 3398; x_wconf 90' lang='lat' dir='ltr'><strong>in</strong></span> <span class='ocrx_word' id='word_1_479' title='bbox 575 3342 634 3398; x_wconf 89' lang='lat' dir='ltr'><strong>illis</strong></span> <span class='ocrx_word' id='word_1_480' title='bbox 661 3342 795 3398; x_wconf 89' lang='lat' dir='ltr'><strong>lidelibus</strong></span> <span class='ocrx_word' id='word_1_481' title='bbox 817 3343 868 3415; x_wconf 89' lang='lat' dir='ltr'><strong>qni</strong></span> <span class='ocrx_word' id='word_1_482' title='bbox 891 3344 966 3399; x_wconf 92' lang='lat' dir='ltr'><strong>bona</strong></span> <span class='ocrx_word' id='word_1_483' title='bbox 1018 3355 1070 3394; x_wconf 91' lang='lat' dir='ltr'><strong>suo</strong></span> <span class='ocrx_word' id='word_1_484' title='bbox 1084 3339 1284 3412; x_wconf 88' lang='lat' dir='ltr'><strong>poenitentiam</strong></span> <span class='ocrx_word' id='word_1_485' title='bbox 1304 3340 1413 3408; x_wconf 87' lang='lat' dir='ltr'><strong>lecerit,</strong></span> <span class='ocrx_word' id='word_1_486' title='bbox 1436 3346 1505 3396; x_wconf 90' lang='lat' dir='ltr'><strong>tunc</strong></span> <span class='ocrx_word' id='word_1_487' title='bbox 1526 3341 1604 3396; x_wconf 91' lang='lat' dir='ltr'><strong>unda</strong></span> <span class='ocrx_word' id='word_1_488' title='bbox 1628 3341 1777 3414; x_wconf 87' lang='lat' dir='ltr'><strong>sanguinis</strong></span> <span class='ocrx_word' id='word_1_489' title='bbox 1803 3342 1868 3398; x_wconf 79' lang='lat' dir='ltr'><strong>i&#39;ilii</strong></span> 
     </span>
     <span class='ocr_line' id='line_1_37' title="bbox 112 3427 1869 3503; baseline 0.001 -18"><span class='ocrx_word' id='word_1_490' title='bbox 112 3429 275 3486; x_wconf 88' lang='lat' dir='ltr'><strong>intentione</strong></span> <span class='ocrx_word' id='word_1_491' title='bbox 304 3430 466 3487; x_wconf 89' lang='lat' dir='ltr'><strong>castitatem</strong></span> <span class='ocrx_word' id='word_1_492' title='bbox 517 3433 733 3502; x_wconf 86' lang='lat' dir='ltr'><strong>amplectentes,</strong></span> <span class='ocrx_word' id='word_1_493' title='bbox 769 3431 964 3503; x_wconf 86' lang='lat' dir='ltr'><strong>virginitatem</strong></span> <span class='ocrx_word' id='word_1_494' title='bbox 1018 3429 1075 3484; x_wconf 87' lang='lat' dir='ltr'><strong>mei</strong></span> <span class='ocrx_word' id='word_1_495' title='bbox 1090 3429 1172 3485; x_wconf 92' lang='lat' dir='ltr'><strong>illum</strong></span> <span class='ocrx_word' id='word_1_496' title='bbox 1188 3428 1307 3500; x_wconf 89' lang='lat' dir='ltr'><strong>suscipit</strong></span> <span class='ocrx_word' id='word_1_497' title='bbox 1320 3427 1388 3501; x_wconf 85' lang='lat' dir='ltr'><strong>quin</strong></span> <span class='ocrx_word' id='word_1_498' title='bbox 1400 3429 1514 3502; x_wconf 87' lang='lat' dir='ltr'><strong>culpam</strong></span> <span class='ocrx_word' id='word_1_499' title='bbox 1529 3445 1610 3486; x_wconf 87' lang='lat' dir='ltr'><strong>suam</strong></span> <span class='ocrx_word' id='word_1_500' title='bbox 1631 3432 1794 3500; x_wconf 75' lang='lat' dir='ltr'><strong>exhorruit;</strong></span> <span class='ocrx_word' id='word_1_501' title='bbox 1812 3447 1869 3487; x_wconf 92' lang='lat' dir='ltr'><strong>uon</strong></span> 
     </span>
     <span class='ocr_line' id='line_1_38' title="bbox 111 3517 1867 3592; baseline 0.001 -19"><span class='ocrx_word' id='word_1_502' title='bbox 111 3535 196 3574; x_wconf 89' lang='lat' dir='ltr'><strong>suam</strong></span> <span class='ocrx_word' id='word_1_503' title='bbox 212 3535 267 3591; x_wconf 93' lang='lat' dir='ltr'><strong>pro</strong></span> <span class='ocrx_word' id='word_1_504' title='bbox 301 3520 354 3575; x_wconf 85' lang='lat' dir='ltr'><strong>Dei</strong></span> <span class='ocrx_word' id='word_1_505' title='bbox 374 3536 472 3576; x_wconf 91' lang='lat' dir='ltr'><strong>amore</strong></span> <span class='ocrx_word' id='word_1_506' title='bbox 499 3521 639 3576; x_wconf 81' lang='lat' dir='ltr'><strong>illibatam</strong></span> <span class='ocrx_word' id='word_1_507' title='bbox 675 3527 855 3588; x_wconf 89' lang='lat' dir='ltr'><strong>conservant,</strong></span> <span class='ocrx_word' id='word_1_508' title='bbox 889 3521 965 3576; x_wconf 93' lang='lat' dir='ltr'><strong>bona</strong></span> <span class='ocrx_word' id='word_1_509' title='bbox 1019 3523 1115 3572; x_wconf 86' lang='lat' dir='ltr'><strong>autem</strong></span> <span class='ocrx_word' id='word_1_510' title='bbox 1131 3518 1226 3589; x_wconf 89' lang='lat' dir='ltr'><strong>ipsum</strong></span> <span class='ocrx_word' id='word_1_511' title='bbox 1239 3517 1315 3572; x_wconf 91' lang='lat' dir='ltr'><strong>inter</strong></span> <span class='ocrx_word' id='word_1_512' title='bbox 1334 3518 1446 3574; x_wconf 89' lang='lat' dir='ltr'><strong>sodales</strong></span> <span class='ocrx_word' id='word_1_513' title='bbox 1465 3535 1531 3573; x_wconf 89' lang='lat' dir='ltr'><strong>suus</strong></span> <span class='ocrx_word' id='word_1_514' title='bbox 1544 3519 1595 3591; x_wconf 83' lang='lat' dir='ltr'><strong>qui</strong></span> <span class='ocrx_word' id='word_1_515' title='bbox 1610 3519 1702 3590; x_wconf 88' lang='lat' dir='ltr'><strong>gloria</strong></span> <span class='ocrx_word' id='word_1_516' title='bbox 1715 3520 1867 3592; x_wconf 88' lang='lat' dir='ltr'><strong>iutegrita-</strong></span> 
     </span>
     <span class='ocr_line' id='line_1_39' title="bbox 110 3605 1869 3679; baseline 0.003 -20"><span class='ocrx_word' id='word_1_517' title='bbox 110 3607 247 3662; x_wconf 82' lang='lat' dir='ltr'><strong>voluntas</strong></span> <span class='ocrx_word' id='word_1_518' title='bbox 273 3611 405 3679; x_wconf 84' lang='lat' dir='ltr'><strong>ipsorum</strong></span> <span class='ocrx_word' id='word_1_519' title='bbox 425 3607 456 3662; x_wconf 91' lang='lat' dir='ltr'><strong>in</strong></span> <span class='ocrx_word' id='word_1_520' title='bbox 485 3608 599 3664; x_wconf 89' lang='lat' dir='ltr'><strong>laudem</strong></span> <span class='ocrx_word' id='word_1_521' title='bbox 631 3609 774 3664; x_wconf 83' lang='lat' dir='ltr'><strong>Crantoris</strong></span> <span class='ocrx_word' id='word_1_522' title='bbox 800 3609 844 3664; x_wconf 91' lang='lat' dir='ltr'><strong>sui</strong></span> <span class='ocrx_word' id='word_1_523' title='bbox 877 3609 964 3664; x_wconf 87' lang='lat' dir='ltr'><strong>mira·</strong></span> <span class='ocrx_word' id='word_1_524' title='bbox 1018 3607 1054 3662; x_wconf 90' lang='lat' dir='ltr'><strong>tis</strong></span> <span class='ocrx_word' id='word_1_525' title='bbox 1068 3605 1172 3662; x_wconf 87' lang='lat' dir='ltr'><strong>florent</strong></span> <span class='ocrx_word' id='word_1_526' title='bbox 1186 3607 1309 3677; x_wconf 88' lang='lat' dir='ltr'><strong>reponit,</strong></span> <span class='ocrx_word' id='word_1_527' title='bbox 1326 3606 1464 3678; x_wconf 86' lang='lat' dir='ltr'><strong>quonium</strong></span> <span class='ocrx_word' id='word_1_528' title='bbox 1488 3607 1655 3663; x_wconf 90' lang='lat' dir='ltr'><strong>societatem</strong></span> <span class='ocrx_word' id='word_1_529' title='bbox 1673 3607 1790 3664; x_wconf 87' lang='lat' dir='ltr'><strong>illorum</strong></span> <span class='ocrx_word' id='word_1_530' title='bbox 1817 3609 1869 3666; x_wconf 89' lang='lat' dir='ltr'><strong>de-</strong></span> 
     </span>
     <span class='ocr_line' id='line_1_40' title="bbox 111 3693 1869 3769; baseline 0.001 -20"><span class='ocrx_word' id='word_1_531' title='bbox 111 3695 211 3750; x_wconf 87' lang='lat' dir='ltr'><strong>bililer</strong></span> <span class='ocrx_word' id='word_1_532' title='bbox 234 3694 372 3764; x_wconf 88' lang='lat' dir='ltr'><strong>erumpit.</strong></span> <span class='ocrx_word' id='word_1_533' title='bbox 402 3694 572 3760; x_wconf 79' lang='lat' dir='ltr'><strong>Quomodo?</strong></span> <span class='ocrx_word' id='word_1_534' title='bbox 594 3696 666 3761; x_wconf 81' lang='lat' dir='ltr'><strong>Quia</strong></span> <span class='ocrx_word' id='word_1_535' title='bbox 686 3696 718 3751; x_wconf 93' lang='lat' dir='ltr'><strong>in</strong></span> <span class='ocrx_word' id='word_1_536' title='bbox 745 3712 849 3752; x_wconf 91' lang='lat' dir='ltr'><strong>aurore</strong></span> <span class='ocrx_word' id='word_1_537' title='bbox 875 3697 964 3769; x_wconf 89' lang='lat' dir='ltr'><strong>virgi·</strong></span> <span class='ocrx_word' id='word_1_538' title='bbox 1019 3709 1117 3749; x_wconf 89' lang='lat' dir='ltr'><strong>serens</strong></span> <span class='ocrx_word' id='word_1_539' title='bbox 1129 3693 1291 3750; x_wconf 90' lang='lat' dir='ltr'><strong>libertatem</strong></span> <span class='ocrx_word' id='word_1_540' title='bbox 1313 3694 1390 3764; x_wconf 87' lang='lat' dir='ltr'><strong>pacti</strong></span> <span class='ocrx_word' id='word_1_541' title='bbox 1405 3695 1450 3749; x_wconf 92' lang='lat' dir='ltr'><strong>sui</strong></span> <span class='ocrx_word' id='word_1_542' title='bbox 1463 3694 1576 3766; x_wconf 85' lang='lat' dir='ltr'><strong>abjecit,</strong></span> <span class='ocrx_word' id='word_1_543' title='bbox 1600 3702 1629 3750; x_wconf 91' lang='lat' dir='ltr'><strong>et</strong></span> <span class='ocrx_word' id='word_1_544' title='bbox 1642 3711 1706 3750; x_wconf 89' lang='lat' dir='ltr'><strong>eam</strong></span> <span class='ocrx_word' id='word_1_545' title='bbox 1728 3697 1758 3751; x_wconf 91' lang='lat' dir='ltr'><strong>in</strong></span> <span class='ocrx_word' id='word_1_546' title='bbox 1780 3696 1869 3752; x_wconf 82' lang='lat' dir='ltr'><strong>servi·</strong></span> 
     </span>
     <span class='ocr_line' id='line_1_41' title="bbox 113 3781 1867 3855; baseline 0.001 -17"><span class='ocrx_word' id='word_1_547' title='bbox 113 3783 214 3838; x_wconf 88' lang='lat' dir='ltr'><strong>nitatis</strong></span> <span class='ocrx_word' id='word_1_548' title='bbox 242 3782 405 3854; x_wconf 67' lang='lat' dir='ltr'><strong>quesitio</strong></span> <span class='ocrx_word' id='word_1_549' title='bbox 432 3783 482 3838; x_wconf 84' lang='lat' dir='ltr'><strong>ilci</strong></span> <span class='ocrx_word' id='word_1_550' title='bbox 508 3798 624 3854; x_wconf 90' lang='lat' dir='ltr'><strong>semper</strong></span> <span class='ocrx_word' id='word_1_551' title='bbox 648 3784 785 3854; x_wconf 83' lang='lat' dir='ltr'><strong>adhaeret,</strong></span> <span class='ocrx_word' id='word_1_552' title='bbox 811 3784 965 3840; x_wconf 75' lang='lat' dir='ltr'><strong>fortissima</strong></span> <span class='ocrx_word' id='word_1_553' title='bbox 1018 3788 1110 3838; x_wconf 89' lang='lat' dir='ltr'><strong>tutem</strong></span> <span class='ocrx_word' id='word_1_554' title='bbox 1124 3781 1232 3855; x_wconf 85' lang='lat' dir='ltr'><strong>peccati</strong></span> <span class='ocrx_word' id='word_1_555' title='bbox 1248 3783 1368 3853; x_wconf 88' lang='lat' dir='ltr'><strong>redegit.</strong></span> <span class='ocrx_word' id='word_1_556' title='bbox 1383 3782 1438 3838; x_wconf 86' lang='lat' dir='ltr'><strong>Sed</strong></span> <span class='ocrx_word' id='word_1_557' title='bbox 1453 3787 1482 3839; x_wconf 88' lang='lat' dir='ltr'><strong>et</strong></span> <span class='ocrx_word' id='word_1_558' title='bbox 1497 3784 1594 3855; x_wconf 88' lang='lat' dir='ltr'><strong>puella</strong></span> <span class='ocrx_word' id='word_1_559' title='bbox 1613 3799 1678 3855; x_wconf 74' lang='lat' dir='ltr'><strong>que</strong></span> <span class='ocrx_word' id='word_1_560' title='bbox 1706 3800 1739 3839; x_wconf 83' lang='lat' dir='ltr'><strong>ex</strong></span> <span class='ocrx_word' id='word_1_561' title='bbox 1763 3786 1867 3840; x_wconf 89' lang='lat' dir='ltr'><strong>volun·</strong></span> 
     </span>
     <span class='ocr_line' id='line_1_42' title="bbox 111 3870 1867 3943; baseline 0.001 -17"><span class='ocrx_word' id='word_1_562' title='bbox 111 3870 360 3927; x_wconf 86' lang='lat' dir='ltr'><strong>lausabseondita</strong></span> <span class='ocrx_word' id='word_1_563' title='bbox 381 3876 435 3940; x_wconf 90' lang='lat' dir='ltr'><strong>est,</strong></span> <span class='ocrx_word' id='word_1_564' title='bbox 454 3871 501 3926; x_wconf 88' lang='lat' dir='ltr'><strong>oui</strong></span> <span class='ocrx_word' id='word_1_565' title='bbox 520 3873 632 3926; x_wconf 91' lang='lat' dir='ltr'><strong>nullum</strong></span> <span class='ocrx_word' id='word_1_566' title='bbox 653 3875 801 3928; x_wconf 87' lang='lat' dir='ltr'><strong>terrenum</strong></span> <span class='ocrx_word' id='word_1_567' title='bbox 824 3873 962 3943; x_wconf 84' lang='lat' dir='ltr'><strong>otilcium,</strong></span> <span class='ocrx_word' id='word_1_568' title='bbox 1017 3876 1075 3927; x_wconf 86' lang='lat' dir='ltr'><strong>tute</strong></span> <span class='ocrx_word' id='word_1_569' title='bbox 1106 3887 1158 3927; x_wconf 91' lang='lat' dir='ltr'><strong>sua</strong></span> <span class='ocrx_word' id='word_1_570' title='bbox 1186 3871 1217 3926; x_wconf 93' lang='lat' dir='ltr'><strong>in</strong></span> <span class='ocrx_word' id='word_1_571' title='bbox 1248 3871 1425 3926; x_wconf 87' lang='lat' dir='ltr'><strong>sanctissima</strong></span> <span class='ocrx_word' id='word_1_572' title='bbox 1453 3871 1674 3942; x_wconf 87' lang='lat' dir='ltr'><strong>desponsatione</strong></span> <span class='ocrx_word' id='word_1_573' title='bbox 1709 3871 1770 3927; x_wconf 87' lang='lat' dir='ltr'><strong>tilio</strong></span> <span class='ocrx_word' id='word_1_574' title='bbox 1804 3888 1867 3928; x_wconf 91' lang='lat' dir='ltr'><strong>meo</strong></span> 
     </span>
     <span class='ocr_line' id='line_1_43' title="bbox 111 3959 1866 4034; baseline 0 -18"><span class='ocrx_word' id='word_1_575' title='bbox 111 3977 166 4016; x_wconf 90' lang='lat' dir='ltr'><strong>uec</strong></span> <span class='ocrx_word' id='word_1_576' title='bbox 197 3960 258 4014; x_wconf 90' lang='lat' dir='ltr'><strong>ulla</strong></span> <span class='ocrx_word' id='word_1_577' title='bbox 287 3959 413 4031; x_wconf 87' lang='lat' dir='ltr'><strong>ligatura</strong></span> <span class='ocrx_word' id='word_1_578' title='bbox 437 3960 509 4030; x_wconf 86' lang='lat' dir='ltr'><strong>legis</strong></span> <span class='ocrx_word' id='word_1_579' title='bbox 536 3959 672 4016; x_wconf 88' lang='lat' dir='ltr'><strong>resistere</strong></span> <span class='ocrx_word' id='word_1_580' title='bbox 707 3965 802 4017; x_wconf 77' lang='lat' dir='ltr'><strong>vetem</strong></span> <span class='ocrx_word' id='word_1_581' title='bbox 831 3964 902 4034; x_wconf 88' lang='lat' dir='ltr'><strong>quin</strong></span> <span class='ocrx_word' id='word_1_582' title='bbox 932 3963 963 4018; x_wconf 91' lang='lat' dir='ltr'><strong>in</strong></span> <span class='ocrx_word' id='word_1_583' title='bbox 1018 3959 1152 4028; x_wconf 63' lang='lat' dir='ltr'><strong>offertum</strong></span> <span class='ocrx_word' id='word_1_584' title='bbox 1169 3960 1530 4017; x_wconf 86' lang='lat' dir='ltr'><strong>abeodemdecentissime</strong></span> <span class='ocrx_word' id='word_1_585' title='bbox 1550 3959 1714 4032; x_wconf 89' lang='lat' dir='ltr'><strong>suscipitur,</strong></span> <span class='ocrx_word' id='word_1_586' title='bbox 1730 3961 1780 4033; x_wconf 91' lang='lat' dir='ltr'><strong>qui</strong></span> <span class='ocrx_word' id='word_1_587' title='bbox 1802 3977 1866 4016; x_wconf 89' lang='lat' dir='ltr'><strong>eam</strong></span> 
     </span>
     <span class='ocr_line' id='line_1_44' title="bbox 110 4047 1867 4120; baseline 0.002 -18"><span class='ocrx_word' id='word_1_588' title='bbox 110 4065 180 4104; x_wconf 83' lang='lat' dir='ltr'><strong>voce</strong></span> <span class='ocrx_word' id='word_1_589' title='bbox 206 4047 407 4104; x_wconf 85' lang='lat' dir='ltr'><strong>exsultationis</strong></span> <span class='ocrx_word' id='word_1_590' title='bbox 428 4049 463 4102; x_wconf 92' lang='lat' dir='ltr'><strong>ad</strong></span> <span class='ocrx_word' id='word_1_591' title='bbox 489 4049 612 4120; x_wconf 90' lang='lat' dir='ltr'><strong>gloriam</strong></span> <span class='ocrx_word' id='word_1_592' title='bbox 633 4050 684 4104; x_wconf 84' lang='lat' dir='ltr'><strong>ilci</strong></span> <span class='ocrx_word' id='word_1_593' title='bbox 706 4051 821 4106; x_wconf 77' lang='lat' dir='ltr'><strong>caeleste</strong></span> <span class='ocrx_word' id='word_1_594' title='bbox 848 4066 963 4106; x_wconf 89' lang='lat' dir='ltr'><strong>carmen</strong></span> <span class='ocrx_word' id='word_1_595' title='bbox 1018 4049 1072 4104; x_wconf 90' lang='lat' dir='ltr'><strong>hoc</strong></span> <span class='ocrx_word' id='word_1_596' title='bbox 1087 4050 1173 4104; x_wconf 91' lang='lat' dir='ltr'><strong>modo</strong></span> <span class='ocrx_word' id='word_1_597' title='bbox 1186 4049 1240 4104; x_wconf 90' lang='lat' dir='ltr'><strong>sibi</strong></span> <span class='ocrx_word' id='word_1_598' title='bbox 1255 4049 1437 4120; x_wconf 87' lang='lat' dir='ltr'><strong>conjunctam</strong></span> <span class='ocrx_word' id='word_1_599' title='bbox 1457 4049 1518 4104; x_wconf 91' lang='lat' dir='ltr'><strong>vult</strong></span> <span class='ocrx_word' id='word_1_600' title='bbox 1539 4048 1645 4104; x_wconf 86' lang='lat' dir='ltr'><strong>habere</strong></span> <span class='ocrx_word' id='word_1_601' title='bbox 1667 4049 1698 4104; x_wconf 89' lang='lat' dir='ltr'><strong>iu</strong></span> <span class='ocrx_word' id='word_1_602' title='bbox 1723 4051 1867 4107; x_wconf 89' lang='lat' dir='ltr'><strong>consortio</strong></span> 
     </span>
     <span class='ocr_line' id='line_1_45' title="bbox 111 4136 1869 4210; baseline 0.001 -17"><span class='ocrx_word' id='word_1_603' title='bbox 111 4138 257 4193; x_wconf 86' lang='lat' dir='ltr'><strong>decantet.</strong></span> <span class='ocrx_word' id='word_1_604' title='bbox 284 4136 456 4202; x_wconf 77' lang='lat' dir='ltr'><strong>Quomodo?</strong></span> <span class='ocrx_word' id='word_1_605' title='bbox 477 4137 615 4192; x_wconf 82' lang='lat' dir='ltr'><strong>Videlicet</strong></span> <span class='ocrx_word' id='word_1_606' title='bbox 641 4140 777 4210; x_wconf 88' lang='lat' dir='ltr'><strong>quoniam</strong></span> <span class='ocrx_word' id='word_1_607' title='bbox 802 4140 883 4195; x_wconf 83' lang='lat' dir='ltr'><strong>velox</strong></span> <span class='ocrx_word' id='word_1_608' title='bbox 907 4139 964 4194; x_wconf 88' lang='lat' dir='ltr'><strong>iter</strong></span> <span class='ocrx_word' id='word_1_609' title='bbox 1018 4153 1081 4192; x_wconf 91' lang='lat' dir='ltr'><strong>suo.</strong></span> <span class='ocrx_word' id='word_1_610' title='bbox 1092 4136 1264 4202; x_wconf 83' lang='lat' dir='ltr'><strong>Quomodo?</strong></span> <span class='ocrx_word' id='word_1_611' title='bbox 1282 4137 1317 4192; x_wconf 93' lang='lat' dir='ltr'><strong>Ut</strong></span> <span class='ocrx_word' id='word_1_612' title='bbox 1339 4137 1421 4192; x_wconf 92' lang='lat' dir='ltr'><strong>illum</strong></span> <span class='ocrx_word' id='word_1_613' title='bbox 1437 4142 1513 4192; x_wconf 87' lang='lat' dir='ltr'><strong>easta</strong></span> <span class='ocrx_word' id='word_1_614' title='bbox 1536 4137 1689 4193; x_wconf 88' lang='lat' dir='ltr'><strong>dilectione</strong></span> <span class='ocrx_word' id='word_1_615' title='bbox 1712 4139 1869 4210; x_wconf 89' lang='lat' dir='ltr'><strong>amplecte·</strong></span> 
     </span>
     <span class='ocr_line' id='line_1_46' title="bbox 111 4225 1869 4299; baseline 0 -17"><span class='ocrx_word' id='word_1_616' title='bbox 111 4227 233 4294; x_wconf 86' lang='lat' dir='ltr'><strong>babens,</strong></span> <span class='ocrx_word' id='word_1_617' title='bbox 258 4226 401 4282; x_wconf 78' lang='lat' dir='ltr'><strong>caudeam</strong></span> <span class='ocrx_word' id='word_1_618' title='bbox 436 4225 509 4281; x_wconf 89' lang='lat' dir='ltr'><strong>iliud</strong></span> <span class='ocrx_word' id='word_1_619' title='bbox 534 4226 564 4281; x_wconf 93' lang='lat' dir='ltr'><strong>in</strong></span> <span class='ocrx_word' id='word_1_620' title='bbox 591 4227 716 4282; x_wconf 88' lang='lat' dir='ltr'><strong>novitate</strong></span> <span class='ocrx_word' id='word_1_621' title='bbox 742 4228 881 4283; x_wconf 86' lang='lat' dir='ltr'><strong>libertatis</strong></span> <span class='ocrx_word' id='word_1_622' title='bbox 908 4229 964 4284; x_wconf 92' lang='lat' dir='ltr'><strong>mi·</strong></span> <span class='ocrx_word' id='word_1_623' title='bbox 983 4229 1078 4293; x_wconf 84' lang='lat' dir='ltr'><strong>ntur,</strong></span> <span class='ocrx_word' id='word_1_624' title='bbox 1094 4225 1167 4281; x_wconf 87' lang='lat' dir='ltr'><strong>sicut</strong></span> <span class='ocrx_word' id='word_1_625' title='bbox 1182 4231 1211 4281; x_wconf 91' lang='lat' dir='ltr'><strong>et</strong></span> <span class='ocrx_word' id='word_1_626' title='bbox 1224 4225 1285 4297; x_wconf 89' lang='lat' dir='ltr'><strong>ipse</strong></span> <span class='ocrx_word' id='word_1_627' title='bbox 1297 4239 1361 4280; x_wconf 90' lang='lat' dir='ltr'><strong>sem</strong></span> <span class='ocrx_word' id='word_1_628' title='bbox 1374 4227 1404 4280; x_wconf 92' lang='lat' dir='ltr'><strong>in</strong></span> <span class='ocrx_word' id='word_1_629' title='bbox 1419 4231 1527 4280; x_wconf 88' lang='lat' dir='ltr'><strong>secreto</strong></span> <span class='ocrx_word' id='word_1_630' title='bbox 1538 4241 1590 4280; x_wconf 89' lang='lat' dir='ltr'><strong>suo</strong></span> <span class='ocrx_word' id='word_1_631' title='bbox 1610 4226 1715 4299; x_wconf 89' lang='lat' dir='ltr'><strong>diligit,</strong></span> <span class='ocrx_word' id='word_1_632' title='bbox 1731 4226 1869 4299; x_wconf 90' lang='lat' dir='ltr'><strong>quoniam</strong></span> 
     </span>
     <span class='ocr_line' id='line_1_47' title="bbox 110 4312 1870 4388; baseline 0 -18"><span class='ocrx_word' id='word_1_633' title='bbox 110 4316 244 4370; x_wconf 84' lang='lat' dir='ltr'><strong>rabiliter</strong></span> <span class='ocrx_word' id='word_1_634' title='bbox 271 4315 391 4387; x_wconf 92' lang='lat' dir='ltr'><strong>promit,</strong></span> <span class='ocrx_word' id='word_1_635' title='bbox 426 4314 504 4387; x_wconf 83' lang='lat' dir='ltr'><strong>qnod</strong></span> <span class='ocrx_word' id='word_1_636' title='bbox 528 4319 684 4387; x_wconf 83' lang='lat' dir='ltr'><strong>antequam</strong></span> <span class='ocrx_word' id='word_1_637' title='bbox 716 4317 885 4388; x_wconf 91' lang='lat' dir='ltr'><strong>unigenitus</strong></span> <span class='ocrx_word' id='word_1_638' title='bbox 915 4317 966 4372; x_wconf 82' lang='lat' dir='ltr'><strong>liei</strong></span> <span class='ocrx_word' id='word_1_639' title='bbox 1020 4312 1335 4386; x_wconf 88' lang='lat' dir='ltr'><strong>illisemperamabilis</strong></span> <span class='ocrx_word' id='word_1_640' title='bbox 1350 4318 1401 4380; x_wconf 89' lang='lat' dir='ltr'><strong>est,</strong></span> <span class='ocrx_word' id='word_1_641' title='bbox 1418 4313 1487 4384; x_wconf 89' lang='lat' dir='ltr'><strong>quia</strong></span> <span class='ocrx_word' id='word_1_642' title='bbox 1502 4314 1594 4386; x_wconf 88' lang='lat' dir='ltr'><strong>magis</strong></span> <span class='ocrx_word' id='word_1_643' title='bbox 1610 4329 1677 4370; x_wconf 88' lang='lat' dir='ltr'><strong>euru</strong></span> <span class='ocrx_word' id='word_1_644' title='bbox 1699 4331 1787 4386; x_wconf 89' lang='lat' dir='ltr'><strong>quam</strong></span> <span class='ocrx_word' id='word_1_645' title='bbox 1815 4321 1870 4370; x_wconf 87' lang='lat' dir='ltr'><strong>ter·</strong></span> 
     </span>
     <span class='ocr_line' id='line_1_48' title="bbox 112 4402 1871 4476; baseline -0.001 -16"><span class='ocrx_word' id='word_1_646' title='bbox 112 4405 178 4476; x_wconf 80' lang='lat' dir='ltr'><strong>(qui</strong></span> <span class='ocrx_word' id='word_1_647' title='bbox 196 4419 282 4458; x_wconf 89' lang='lat' dir='ltr'><strong>verns</strong></span> <span class='ocrx_word' id='word_1_648' title='bbox 309 4403 364 4459; x_wconf 88' lang='lat' dir='ltr'><strong>llos</strong></span> <span class='ocrx_word' id='word_1_649' title='bbox 385 4403 559 4476; x_wconf 89' lang='lat' dir='ltr'><strong>virginitatis</strong></span> <span class='ocrx_word' id='word_1_650' title='bbox 572 4408 626 4472; x_wconf 89' lang='lat' dir='ltr'><strong>est)</strong></span> <span class='ocrx_word' id='word_1_651' title='bbox 644 4405 811 4460; x_wconf 87' lang='lat' dir='ltr'><strong>incarnatus</strong></span> <span class='ocrx_word' id='word_1_652' title='bbox 824 4406 861 4462; x_wconf 92' lang='lat' dir='ltr'><strong>de</strong></span> <span class='ocrx_word' id='word_1_653' title='bbox 880 4421 966 4461; x_wconf 87' lang='lat' dir='ltr'><strong>mnn-</strong></span> <span class='ocrx_word' id='word_1_654' title='bbox 1020 4419 1122 4458; x_wconf 87' lang='lat' dir='ltr'><strong>renum</strong></span> <span class='ocrx_word' id='word_1_655' title='bbox 1137 4417 1275 4474; x_wconf 90' lang='lat' dir='ltr'><strong>sponsum</strong></span> <span class='ocrx_word' id='word_1_656' title='bbox 1290 4403 1404 4474; x_wconf 86' lang='lat' dir='ltr'><strong>qnaerit.</strong></span> <span class='ocrx_word' id='word_1_657' title='bbox 1422 4402 1539 4468; x_wconf 82' lang='lat' dir='ltr'><strong>Quodsi</strong></span> <span class='ocrx_word' id='word_1_658' title='bbox 1563 4407 1681 4474; x_wconf 89' lang='lat' dir='ltr'><strong>pactum</strong></span> <span class='ocrx_word' id='word_1_659' title='bbox 1696 4407 1758 4474; x_wconf 86' lang='lat' dir='ltr'><strong>ejus</strong></span> <span class='ocrx_word' id='word_1_660' title='bbox 1773 4410 1871 4476; x_wconf 89' lang='lat' dir='ltr'><strong>postea</strong></span> 
     </span>
     <span class='ocr_line' id='line_1_49' title="bbox 111 4491 1869 4564; baseline -0.001 -16"><span class='ocrx_word' id='word_1_661' title='bbox 111 4496 149 4548; x_wconf 94' lang='lat' dir='ltr'><strong>do</strong></span> <span class='ocrx_word' id='word_1_662' title='bbox 174 4493 212 4546; x_wconf 88' lang='lat' dir='ltr'><strong>ad</strong></span> <span class='ocrx_word' id='word_1_663' title='bbox 241 4494 330 4548; x_wconf 82' lang='lat' dir='ltr'><strong>cretos</strong></span> <span class='ocrx_word' id='word_1_664' title='bbox 354 4493 479 4559; x_wconf 86' lang='lat' dir='ltr'><strong>rediens,</strong></span> <span class='ocrx_word' id='word_1_665' title='bbox 507 4492 543 4548; x_wconf 88' lang='lat' dir='ltr'><strong>ad</strong></span> <span class='ocrx_word' id='word_1_666' title='bbox 565 4493 695 4549; x_wconf 85' lang='lat' dir='ltr'><strong>dextram</strong></span> <span class='ocrx_word' id='word_1_667' title='bbox 721 4493 812 4549; x_wconf 87' lang='lat' dir='ltr'><strong>Patris</strong></span> <span class='ocrx_word' id='word_1_668' title='bbox 835 4495 964 4550; x_wconf 86' lang='lat' dir='ltr'><strong>resedit:</strong></span> <span class='ocrx_word' id='word_1_669' title='bbox 1021 4496 1196 4563; x_wconf 89' lang='lat' dir='ltr'><strong>transgressa</strong></span> <span class='ocrx_word' id='word_1_670' title='bbox 1219 4491 1315 4559; x_wconf 87' lang='lat' dir='ltr'><strong>luerit,</strong></span> <span class='ocrx_word' id='word_1_671' title='bbox 1345 4495 1415 4546; x_wconf 87' lang='lat' dir='ltr'><strong>tunc</strong></span> <span class='ocrx_word' id='word_1_672' title='bbox 1438 4507 1534 4546; x_wconf 88' lang='lat' dir='ltr'><strong>corum</strong></span> <span class='ocrx_word' id='word_1_673' title='bbox 1565 4492 1602 4546; x_wconf 93' lang='lat' dir='ltr'><strong>iis</strong></span> <span class='ocrx_word' id='word_1_674' title='bbox 1628 4493 1677 4564; x_wconf 91' lang='lat' dir='ltr'><strong>qui</strong></span> <span class='ocrx_word' id='word_1_675' title='bbox 1703 4491 1734 4546; x_wconf 92' lang='lat' dir='ltr'><strong>in</strong></span> <span class='ocrx_word' id='word_1_676' title='bbox 1762 4493 1869 4547; x_wconf 83' lang='lat' dir='ltr'><strong>coelesti</strong></span> 
     </span>
     <span class='ocr_line' id='line_1_50' title="bbox 110 4579 1868 4655; baseline 0.001 -20"><span class='ocrx_word' id='word_1_677' title='bbox 110 4580 245 4638; x_wconf 88' lang='lat' dir='ltr'><strong>anditum</strong></span> <span class='ocrx_word' id='word_1_678' title='bbox 273 4587 407 4651; x_wconf 90' lang='lat' dir='ltr'><strong>nonest,</strong></span> <span class='ocrx_word' id='word_1_679' title='bbox 432 4581 481 4636; x_wconf 91' lang='lat' dir='ltr'><strong>sed</strong></span> <span class='ocrx_word' id='word_1_680' title='bbox 505 4585 574 4637; x_wconf 90' lang='lat' dir='ltr'><strong>tunc</strong></span> <span class='ocrx_word' id='word_1_681' title='bbox 598 4581 681 4654; x_wconf 88' lang='lat' dir='ltr'><strong>quasi</strong></span> <span class='ocrx_word' id='word_1_682' title='bbox 706 4583 773 4640; x_wconf 88' lang='lat' dir='ltr'><strong>novi</strong></span> <span class='ocrx_word' id='word_1_683' title='bbox 799 4599 893 4638; x_wconf 80' lang='lat' dir='ltr'><strong>osores</strong></span> <span class='ocrx_word' id='word_1_684' title='bbox 916 4583 966 4655; x_wconf 84' lang='lat' dir='ltr'><strong>qui</strong></span> <span class='ocrx_word' id='word_1_685' title='bbox 1020 4581 1125 4652; x_wconf 87' lang='lat' dir='ltr'><strong>gaudio</strong></span> <span class='ocrx_word' id='word_1_686' title='bbox 1139 4585 1217 4650; x_wconf 90' lang='lat' dir='ltr'><strong>suut,</strong></span> <span class='ocrx_word' id='word_1_687' title='bbox 1240 4579 1351 4651; x_wconf 91' lang='lat' dir='ltr'><strong>polluta</strong></span> <span class='ocrx_word' id='word_1_688' title='bbox 1374 4579 1438 4636; x_wconf 87' lang='lat' dir='ltr'><strong>erit.</strong></span> <span class='ocrx_word' id='word_1_689' title='bbox 1466 4579 1545 4636; x_wconf 88' lang='lat' dir='ltr'><strong>Unde</strong></span> <span class='ocrx_word' id='word_1_690' title='bbox 1572 4579 1700 4636; x_wconf 89' lang='lat' dir='ltr'><strong>etiamsi</strong></span> <span class='ocrx_word' id='word_1_691' title='bbox 1723 4579 1868 4636; x_wconf 89' lang='lat' dir='ltr'><strong>iueadem</strong></span> 
     </span>
     <span class='ocr_line' id='line_1_51' title="bbox 110 4667 1869 4744; baseline 0 -20"><span class='ocrx_word' id='word_1_692' title='bbox 110 4671 192 4742; x_wconf 87' lang='lat' dir='ltr'><strong>prius</strong></span> <span class='ocrx_word' id='word_1_693' title='bbox 213 4669 267 4725; x_wconf 90' lang='lat' dir='ltr'><strong>visi</strong></span> <span class='ocrx_word' id='word_1_694' title='bbox 287 4686 346 4725; x_wconf 88' lang='lat' dir='ltr'><strong>non</strong></span> <span class='ocrx_word' id='word_1_695' title='bbox 364 4676 441 4738; x_wconf 90' lang='lat' dir='ltr'><strong>sunt,</strong></span> <span class='ocrx_word' id='word_1_696' title='bbox 464 4687 531 4726; x_wconf 91' lang='lat' dir='ltr'><strong>cum</strong></span> <span class='ocrx_word' id='word_1_697' title='bbox 552 4671 694 4740; x_wconf 91' lang='lat' dir='ltr'><strong>videntur,</strong></span> <span class='ocrx_word' id='word_1_698' title='bbox 716 4672 747 4726; x_wconf 94' lang='lat' dir='ltr'><strong>in</strong></span> <span class='ocrx_word' id='word_1_699' title='bbox 769 4676 888 4744; x_wconf 89' lang='lat' dir='ltr'><strong>stupore</strong></span> <span class='ocrx_word' id='word_1_700' title='bbox 913 4672 966 4726; x_wconf 83' lang='lat' dir='ltr'><strong>lua·</strong></span> <span class='ocrx_word' id='word_1_701' title='bbox 1019 4669 1180 4726; x_wconf 84' lang='lat' dir='ltr'><strong>temeritate</strong></span> <span class='ocrx_word' id='word_1_702' title='bbox 1207 4669 1439 4741; x_wconf 84' lang='lat' dir='ltr'><strong>perseveraverit,</strong></span> <span class='ocrx_word' id='word_1_703' title='bbox 1463 4685 1586 4740; x_wconf 89' lang='lat' dir='ltr'><strong>superne</strong></span> <span class='ocrx_word' id='word_1_704' title='bbox 1614 4667 1707 4740; x_wconf 89' lang='lat' dir='ltr'><strong>gloria</strong></span> <span class='ocrx_word' id='word_1_705' title='bbox 1724 4669 1802 4740; x_wconf 84' lang='lat' dir='ltr'><strong>justo</strong></span> <span class='ocrx_word' id='word_1_706' title='bbox 1821 4668 1869 4741; x_wconf 90' lang='lat' dir='ltr'><strong>ju·</strong></span> 
     </span>
     <span class='ocr_line' id='line_1_52' title="bbox 109 4755 1868 4838; baseline -0.001 -24"><span class='ocrx_word' id='word_1_707' title='bbox 109 4760 228 4828; x_wconf 90' lang='lat' dir='ltr'><strong>beutur,</strong></span> <span class='ocrx_word' id='word_1_708' title='bbox 245 4759 287 4814; x_wconf 91' lang='lat' dir='ltr'><strong>ita</strong></span> <span class='ocrx_word' id='word_1_709' title='bbox 315 4760 372 4816; x_wconf 89' lang='lat' dir='ltr'><strong>hoc</strong></span> <span class='ocrx_word' id='word_1_710' title='bbox 387 4775 495 4815; x_wconf 88' lang='lat' dir='ltr'><strong>novum</strong></span> <span class='ocrx_word' id='word_1_711' title='bbox 516 4760 685 4832; x_wconf 84' lang='lat' dir='ltr'><strong>mysterium</strong></span> <span class='ocrx_word' id='word_1_712' title='bbox 708 4760 786 4831; x_wconf 84' lang='lat' dir='ltr'><strong>qnod</strong></span> <span class='ocrx_word' id='word_1_713' title='bbox 810 4762 891 4832; x_wconf 89' lang='lat' dir='ltr'><strong>prius</strong></span> <span class='ocrx_word' id='word_1_714' title='bbox 911 4776 966 4815; x_wconf 89' lang='lat' dir='ltr'><strong>au-</strong></span> <span class='ocrx_word' id='word_1_715' title='bbox 1020 4758 1094 4814; x_wconf 89' lang='lat' dir='ltr'><strong>dicio</strong></span> <span class='ocrx_word' id='word_1_716' title='bbox 1108 4758 1225 4814; x_wconf 88' lang='lat' dir='ltr'><strong>carebit.</strong></span> <span class='ocrx_word' id='word_1_717' title='bbox 1242 4758 1296 4813; x_wconf 87' lang='lat' dir='ltr'><strong>Sed</strong></span> <span class='ocrx_word' id='word_1_718' title='bbox 1312 4756 1335 4812; x_wconf 92' lang='lat' dir='ltr'><strong>si</strong></span> <span class='ocrx_word' id='word_1_719' title='bbox 1358 4756 1527 4838; x_wconf 73' lang='lat' dir='ltr'><strong>paenituerit</strong></span> <span class='ocrx_word' id='word_1_720' title='bbox 1550 4757 1702 4829; x_wconf 90' lang='lat' dir='ltr'><strong>suscipitur</strong></span> <span class='ocrx_word' id='word_1_721' title='bbox 1724 4755 1797 4812; x_wconf 89' lang='lat' dir='ltr'><strong>sicut</strong></span> <span class='ocrx_word' id='word_1_722' title='bbox 1818 4773 1868 4812; x_wconf 88' lang='lat' dir='ltr'><strong>an-</strong></span> 
     </span>
     <span class='ocr_line' id='line_1_53' title="bbox 109 4845 1868 4918; baseline -0.001 -15"><span class='ocrx_word' id='word_1_723' title='bbox 109 4847 206 4903; x_wconf 89' lang='lat' dir='ltr'><strong>ditum</strong></span> <span class='ocrx_word' id='word_1_724' title='bbox 227 4854 363 4918; x_wconf 88' lang='lat' dir='ltr'><strong>nonest,</strong></span> <span class='ocrx_word' id='word_1_725' title='bbox 387 4854 456 4904; x_wconf 91' lang='lat' dir='ltr'><strong>tuuc</strong></span> <span class='ocrx_word' id='word_1_726' title='bbox 480 4848 511 4905; x_wconf 89' lang='lat' dir='ltr'><strong>iu</strong></span> <span class='ocrx_word' id='word_1_727' title='bbox 525 4849 689 4906; x_wconf 77' lang='lat' dir='ltr'><strong>caelestibus</strong></span> <span class='ocrx_word' id='word_1_728' title='bbox 708 4865 847 4905; x_wconf 90' lang='lat' dir='ltr'><strong>resonans</strong></span> <span class='ocrx_word' id='word_1_729' title='bbox 864 4851 895 4904; x_wconf 90' lang='lat' dir='ltr'><strong>iu</strong></span> <span class='ocrx_word' id='word_1_730' title='bbox 913 4849 966 4904; x_wconf 90' lang='lat' dir='ltr'><strong>ho·</strong></span> <span class='ocrx_word' id='word_1_731' title='bbox 1020 4847 1085 4902; x_wconf 89' lang='lat' dir='ltr'><strong>cilia</strong></span> <span class='ocrx_word' id='word_1_732' title='bbox 1106 4851 1136 4902; x_wconf 89' lang='lat' dir='ltr'><strong>at</strong></span> <span class='ocrx_word' id='word_1_733' title='bbox 1159 4863 1219 4902; x_wconf 90' lang='lat' dir='ltr'><strong>non</strong></span> <span class='ocrx_word' id='word_1_734' title='bbox 1241 4845 1314 4902; x_wconf 90' lang='lat' dir='ltr'><strong>sicut</strong></span> <span class='ocrx_word' id='word_1_735' title='bbox 1345 4845 1473 4914; x_wconf 87' lang='lat' dir='ltr'><strong>domine,</strong></span> <span class='ocrx_word' id='word_1_736' title='bbox 1499 4845 1635 4917; x_wconf 89' lang='lat' dir='ltr'><strong>quoniam</strong></span> <span class='ocrx_word' id='word_1_737' title='bbox 1669 4845 1794 4917; x_wconf 85' lang='lat' dir='ltr'><strong>regalem</strong></span> <span class='ocrx_word' id='word_1_738' title='bbox 1816 4846 1868 4902; x_wconf 89' lang='lat' dir='ltr'><strong>de-</strong></span> 
     </span>
     <span class='ocr_line' id='line_1_54' title="bbox 109 4934 1870 5008; baseline -0.001 -17"><span class='ocrx_word' id='word_1_739' title='bbox 109 4953 183 4992; x_wconf 90' lang='lat' dir='ltr'><strong>nora</strong></span> <span class='ocrx_word' id='word_1_740' title='bbox 210 4936 387 5008; x_wconf 87' lang='lat' dir='ltr'><strong>virginitatis</strong></span> <span class='ocrx_word' id='word_1_741' title='bbox 409 4937 558 5008; x_wconf 84' lang='lat' dir='ltr'><strong>cognitum</strong></span> <span class='ocrx_word' id='word_1_742' title='bbox 585 4941 629 4993; x_wconf 90' lang='lat' dir='ltr'><strong>est</strong></span> <span class='ocrx_word' id='word_1_743' title='bbox 651 4943 718 4994; x_wconf 90' lang='lat' dir='ltr'><strong>ante</strong></span> <span class='ocrx_word' id='word_1_744' title='bbox 742 4937 849 4993; x_wconf 85' lang='lat' dir='ltr'><strong>scillcet</strong></span> <span class='ocrx_word' id='word_1_745' title='bbox 872 4938 966 5008; x_wconf 83' lang='lat' dir='ltr'><strong>uraje·</strong></span> <span class='ocrx_word' id='word_1_746' title='bbox 1019 4935 1232 5007; x_wconf 88' lang='lat' dir='ltr'><strong>sponsatiunem</strong></span> <span class='ocrx_word' id='word_1_747' title='bbox 1252 4934 1389 5002; x_wconf 88' lang='lat' dir='ltr'><strong>deseruit,</strong></span> <span class='ocrx_word' id='word_1_748' title='bbox 1405 4940 1433 4990; x_wconf 89' lang='lat' dir='ltr'><strong>et</strong></span> <span class='ocrx_word' id='word_1_749' title='bbox 1455 4935 1524 5006; x_wconf 91' lang='lat' dir='ltr'><strong>quia</strong></span> <span class='ocrx_word' id='word_1_750' title='bbox 1545 4934 1637 5006; x_wconf 89' lang='lat' dir='ltr'><strong>magis</strong></span> <span class='ocrx_word' id='word_1_751' title='bbox 1659 4935 1748 4989; x_wconf 90' lang='lat' dir='ltr'><strong>elium</strong></span> <span class='ocrx_word' id='word_1_752' title='bbox 1764 4934 1870 4990; x_wconf 85' lang='lat' dir='ltr'><strong>amavit</strong></span> 
     </span>
     <span class='ocr_line' id='line_1_55' title="bbox 109 5021 1867 5099; baseline -0.001 -19"><span class='ocrx_word' id='word_1_753' title='bbox 109 5031 217 5081; x_wconf 64' lang='lat' dir='ltr'><strong>usum</strong></span> <span class='ocrx_word' id='word_1_754' title='bbox 239 5025 302 5093; x_wconf 78' lang='lat' dir='ltr'><strong>liei,</strong></span> <span class='ocrx_word' id='word_1_755' title='bbox 325 5041 384 5097; x_wconf 84' lang='lat' dir='ltr'><strong>que</strong></span> <span class='ocrx_word' id='word_1_756' title='bbox 416 5026 491 5081; x_wconf 85' lang='lat' dir='ltr'><strong>Deus</strong></span> <span class='ocrx_word' id='word_1_757' title='bbox 511 5027 566 5082; x_wconf 88' lang='lat' dir='ltr'><strong>hoc</strong></span> <span class='ocrx_word' id='word_1_758' title='bbox 600 5027 694 5083; x_wconf 76' lang='lat' dir='ltr'><strong>lacem</strong></span> <span class='ocrx_word' id='word_1_759' title='bbox 720 5028 825 5099; x_wconf 90' lang='lat' dir='ltr'><strong>potuit,</strong></span> <span class='ocrx_word' id='word_1_760' title='bbox 855 5032 966 5082; x_wconf 85' lang='lat' dir='ltr'><strong>etanta</strong></span> <span class='ocrx_word' id='word_1_761' title='bbox 1020 5041 1106 5098; x_wconf 90' lang='lat' dir='ltr'><strong>quam</strong></span> <span class='ocrx_word' id='word_1_762' title='bbox 1126 5024 1209 5080; x_wconf 92' lang='lat' dir='ltr'><strong>illum</strong></span> <span class='ocrx_word' id='word_1_763' title='bbox 1235 5039 1320 5096; x_wconf 90' lang='lat' dir='ltr'><strong>quem</strong></span> <span class='ocrx_word' id='word_1_764' title='bbox 1345 5037 1442 5078; x_wconf 88' lang='lat' dir='ltr'><strong>amare</strong></span> <span class='ocrx_word' id='word_1_765' title='bbox 1469 5021 1579 5078; x_wconf 88' lang='lat' dir='ltr'><strong>debuit.</strong></span> <span class='ocrx_word' id='word_1_766' title='bbox 1604 5023 1654 5078; x_wconf 88' lang='lat' dir='ltr'><strong>Ille</strong></span> <span class='ocrx_word' id='word_1_767' title='bbox 1678 5028 1793 5094; x_wconf 87' lang='lat' dir='ltr'><strong>quoque</strong></span> <span class='ocrx_word' id='word_1_768' title='bbox 1817 5023 1867 5094; x_wconf 89' lang='lat' dir='ltr'><strong>qui</strong></span> 
     </span>
    </p>
   </div>
   <div class='ocr_carea' id='block_1_3' title="bbox 109 5109 1986 5194">
    <p class='ocr_par' dir='ltr' id='par_1_5' title="bbox 109 5109 1986 5194">
     <span class='ocr_line' id='line_1_56' title="bbox 109 5109 1986 5194; baseline -0.001 -26"><span class='ocrx_word' id='word_1_769' title='bbox 109 5119 237 5187; x_wconf 88' lang='lat' dir='ltr'><strong>quatuor</strong></span> <span class='ocrx_word' id='word_1_770' title='bbox 257 5120 336 5170; x_wconf 89' lang='lat' dir='ltr'><strong>rotas</strong></span> <span class='ocrx_word' id='word_1_771' title='bbox 361 5129 426 5186; x_wconf 75' lang='lat' dir='ltr'><strong>quar</strong></span> <span class='ocrx_word' id='word_1_772' title='bbox 447 5121 571 5188; x_wconf 83' lang='lat' dir='ltr'><strong>qrratuor</strong></span> <span class='ocrx_word' id='word_1_773' title='bbox 591 5120 694 5194; x_wconf 83' lang='lat' dir='ltr'><strong>partes</strong></span> <span class='ocrx_word' id='word_1_774' title='bbox 718 5115 821 5171; x_wconf 92' lang='lat' dir='ltr'><strong>mundi</strong></span> <span class='ocrx_word' id='word_1_775' title='bbox 849 5131 965 5187; x_wconf 89' lang='lat' dir='ltr'><strong>percur-</strong></span> <span class='ocrx_word' id='word_1_776' title='bbox 1020 5131 1082 5170; x_wconf 86' lang='lat' dir='ltr'><strong>earu</strong></span> <span class='ocrx_word' id='word_1_777' title='bbox 1105 5113 1267 5169; x_wconf 88' lang='lat' dir='ltr'><strong>seducendo</strong></span> <span class='ocrx_word' id='word_1_778' title='bbox 1283 5110 1407 5179; x_wconf 87' lang='lat' dir='ltr'><strong>violavit,</strong></span> <span class='ocrx_word' id='word_1_779' title='bbox 1430 5109 1452 5164; x_wconf 93' lang='lat' dir='ltr'><strong>si</strong></span> <span class='ocrx_word' id='word_1_780' title='bbox 1468 5110 1582 5182; x_wconf 89' lang='lat' dir='ltr'><strong>culpam</strong></span> <span class='ocrx_word' id='word_1_781' title='bbox 1609 5125 1690 5164; x_wconf 91' lang='lat' dir='ltr'><strong>suam</strong></span> <span class='ocrx_word' id='word_1_782' title='bbox 1714 5110 1869 5166; x_wconf 87' lang='lat' dir='ltr'><strong>emendare</strong></span> <span class='ocrx_word' id='word_1_783' title='bbox 1985 5191 1986 5194; x_wconf 7' lang='grc' dir='ltr'><strong>Ἴ</strong></span> 
     </span>
    </p>
   </div>
   <div class='ocr_carea' id='block_1_4' title="bbox 108 5197 1869 5545">
    <p class='ocr_par' dir='ltr' id='par_1_6' title="bbox 108 5197 1869 5545">
     <span class='ocr_line' id='line_1_57' title="bbox 109 5197 1868 5276; baseline -0.004 -17"><span class='ocrx_word' id='word_1_784' title='bbox 109 5207 209 5259; x_wconf 65' lang='lat' dir='ltr'><strong>renus</strong></span> <span class='ocrx_word' id='word_1_785' title='bbox 244 5202 397 5259; x_wconf 68' lang='lat' dir='ltr'><strong>renisum</strong></span> <span class='ocrx_word' id='word_1_786' title='bbox 429 5204 525 5260; x_wconf 91' lang='lat' dir='ltr'><strong>omnis</strong></span> <span class='ocrx_word' id='word_1_787' title='bbox 556 5204 679 5276; x_wconf 77' lang='lat' dir='ltr'><strong>justitiae</strong></span> <span class='ocrx_word' id='word_1_788' title='bbox 706 5209 737 5261; x_wconf 92' lang='lat' dir='ltr'><strong>et</strong></span> <span class='ocrx_word' id='word_1_789' title='bbox 775 5204 965 5261; x_wconf 86' lang='lat' dir='ltr'><strong>humanitatis</strong></span> <span class='ocrx_word' id='word_1_790' title='bbox 1020 5203 1151 5270; x_wconf 90' lang='lat' dir='ltr'><strong>voluerit,</strong></span> <span class='ocrx_word' id='word_1_791' title='bbox 1175 5201 1215 5256; x_wconf 89' lang='lat' dir='ltr'><strong>ita</strong></span> <span class='ocrx_word' id='word_1_792' title='bbox 1239 5201 1377 5273; x_wconf 77' lang='lat' dir='ltr'><strong>peniteat</strong></span> <span class='ocrx_word' id='word_1_793' title='bbox 1400 5199 1481 5270; x_wconf 85' lang='lat' dir='ltr'><strong>qussi</strong></span> <span class='ocrx_word' id='word_1_794' title='bbox 1503 5199 1607 5253; x_wconf 86' lang='lat' dir='ltr'><strong>coslum</strong></span> <span class='ocrx_word' id='word_1_795' title='bbox 1629 5197 1763 5270; x_wconf 90' lang='lat' dir='ltr'><strong>rupisset,</strong></span> <span class='ocrx_word' id='word_1_796' title='bbox 1780 5213 1817 5252; x_wconf 92' lang='lat' dir='ltr'><strong>ue</strong></span> <span class='ocrx_word' id='word_1_797' title='bbox 1837 5199 1868 5252; x_wconf 91' lang='lat' dir='ltr'><strong>in</strong></span> 
     </span>
     <span class='ocr_line' id='line_1_58' title="bbox 108 5287 1869 5365; baseline -0.005 -15"><span class='ocrx_word' id='word_1_798' title='bbox 108 5292 267 5350; x_wconf 80' lang='lat' dir='ltr'><strong>Salvatoris</strong></span> <span class='ocrx_word' id='word_1_799' title='bbox 300 5291 377 5350; x_wconf 89' lang='lat' dir='ltr'><strong>velut</strong></span> <span class='ocrx_word' id='word_1_800' title='bbox 404 5293 541 5349; x_wconf 88' lang='lat' dir='ltr'><strong>animalia</strong></span> <span class='ocrx_word' id='word_1_801' title='bbox 574 5293 605 5349; x_wconf 92' lang='lat' dir='ltr'><strong>in</strong></span> <span class='ocrx_word' id='word_1_802' title='bbox 627 5308 702 5348; x_wconf 88' lang='lat' dir='ltr'><strong>nova</strong></span> <span class='ocrx_word' id='word_1_803' title='bbox 734 5293 796 5365; x_wconf 87' lang='lat' dir='ltr'><strong>lage</strong></span> <span class='ocrx_word' id='word_1_804' title='bbox 823 5291 964 5361; x_wconf 79' lang='lat' dir='ltr'><strong>ferebant,</strong></span> <span class='ocrx_word' id='word_1_805' title='bbox 1018 5288 1212 5363; x_wconf 89' lang='lat' dir='ltr'><strong>perditionem</strong></span> <span class='ocrx_word' id='word_1_806' title='bbox 1227 5289 1327 5344; x_wconf 88' lang='lat' dir='ltr'><strong>mortis</strong></span> <span class='ocrx_word' id='word_1_807' title='bbox 1345 5289 1471 5355; x_wconf 88' lang='lat' dir='ltr'><strong>corruat,</strong></span> <span class='ocrx_word' id='word_1_808' title='bbox 1490 5287 1558 5358; x_wconf 89' lang='lat' dir='ltr'><strong>quia</strong></span> <span class='ocrx_word' id='word_1_809' title='bbox 1573 5302 1727 5358; x_wconf 84' lang='lat' dir='ltr'><strong>supernum</strong></span> <span class='ocrx_word' id='word_1_810' title='bbox 1744 5289 1869 5358; x_wconf 90' lang='lat' dir='ltr'><strong>despon-</strong></span> 
     </span>
     <span class='ocr_line' id='line_1_59' title="bbox 109 5375 1868 5456; baseline -0.003 -20"><span class='ocrx_word' id='word_1_811' title='bbox 109 5385 141 5436; x_wconf 86' lang='lat' dir='ltr'><strong>et</strong></span> <span class='ocrx_word' id='word_1_812' title='bbox 165 5384 234 5436; x_wconf 86' lang='lat' dir='ltr'><strong>ante</strong></span> <span class='ocrx_word' id='word_1_813' title='bbox 257 5381 323 5437; x_wconf 85' lang='lat' dir='ltr'><strong>illos</strong></span> <span class='ocrx_word' id='word_1_814' title='bbox 349 5381 486 5456; x_wconf 86' lang='lat' dir='ltr'><strong>antiquos</strong></span> <span class='ocrx_word' id='word_1_815' title='bbox 514 5398 582 5455; x_wconf 81' lang='lat' dir='ltr'><strong>quae</strong></span> <span class='ocrx_word' id='word_1_816' title='bbox 606 5381 715 5455; x_wconf 88' lang='lat' dir='ltr'><strong>Spiritu</strong></span> <span class='ocrx_word' id='word_1_817' title='bbox 740 5387 840 5438; x_wconf 78' lang='lat' dir='ltr'><strong>uncto</strong></span> <span class='ocrx_word' id='word_1_818' title='bbox 861 5381 966 5439; x_wconf 89' lang='lat' dir='ltr'><strong>imbuti</strong></span> <span class='ocrx_word' id='word_1_819' title='bbox 1019 5379 1159 5435; x_wconf 89' lang='lat' dir='ltr'><strong>sationem</strong></span> <span class='ocrx_word' id='word_1_820' title='bbox 1176 5384 1286 5434; x_wconf 86' lang='lat' dir='ltr'><strong>temere</strong></span> <span class='ocrx_word' id='word_1_821' title='bbox 1307 5378 1445 5449; x_wconf 91' lang='lat' dir='ltr'><strong>corrupit.</strong></span> <span class='ocrx_word' id='word_1_822' title='bbox 1473 5375 1557 5440; x_wconf 85' lang='lat' dir='ltr'><strong>Quod</strong></span> <span class='ocrx_word' id='word_1_823' title='bbox 1581 5380 1623 5430; x_wconf 89' lang='lat' dir='ltr'><strong>est</strong></span> <span class='ocrx_word' id='word_1_824' title='bbox 1647 5376 1724 5431; x_wconf 90' lang='lat' dir='ltr'><strong>boc?</strong></span> <span class='ocrx_word' id='word_1_825' title='bbox 1744 5376 1827 5446; x_wconf 87' lang='lat' dir='ltr'><strong>Nam,</strong></span> <span class='ocrx_word' id='word_1_826' title='bbox 1844 5375 1868 5430; x_wconf 89' lang='lat' dir='ltr'><strong>si</strong></span> 
     </span>
     <span class='ocr_line' id='line_1_60' title="bbox 109 5463 1867 5545; baseline -0.002 -22"><span class='ocrx_word' id='word_1_827' title='bbox 109 5469 189 5526; x_wconf 82' lang='lat' dir='ltr'><strong>siam</strong></span> <span class='ocrx_word' id='word_1_828' title='bbox 217 5470 400 5528; x_wconf 88' lang='lat' dir='ltr'><strong>rectitudinis</strong></span> <span class='ocrx_word' id='word_1_829' title='bbox 431 5472 464 5527; x_wconf 87' lang='lat' dir='ltr'><strong>in</strong></span> <span class='ocrx_word' id='word_1_830' title='bbox 492 5475 589 5529; x_wconf 85' lang='lat' dir='ltr'><strong>vetare</strong></span> <span class='ocrx_word' id='word_1_831' title='bbox 610 5472 675 5545; x_wconf 88' lang='lat' dir='ltr'><strong>lege</strong></span> <span class='ocrx_word' id='word_1_832' title='bbox 705 5471 883 5541; x_wconf 90' lang='lat' dir='ltr'><strong>hominibus,</strong></span> <span class='ocrx_word' id='word_1_833' title='bbox 910 5487 964 5528; x_wconf 90' lang='lat' dir='ltr'><strong>suo</strong></span> <span class='ocrx_word' id='word_1_834' title='bbox 1019 5468 1123 5541; x_wconf 89' lang='lat' dir='ltr'><strong>aliquis</strong></span> <span class='ocrx_word' id='word_1_835' title='bbox 1137 5482 1259 5540; x_wconf 90' lang='lat' dir='ltr'><strong>magnus</strong></span> <span class='ocrx_word' id='word_1_836' title='bbox 1272 5465 1406 5540; x_wconf 88' lang='lat' dir='ltr'><strong>princeps</strong></span> <span class='ocrx_word' id='word_1_837' title='bbox 1419 5479 1554 5538; x_wconf 90' lang='lat' dir='ltr'><strong>sponsam</strong></span> <span class='ocrx_word' id='word_1_838' title='bbox 1573 5463 1628 5521; x_wconf 90' lang='lat' dir='ltr'><strong>sibi</strong></span> <span class='ocrx_word' id='word_1_839' title='bbox 1645 5464 1726 5522; x_wconf 87' lang='lat' dir='ltr'><strong>valde</strong></span> <span class='ocrx_word' id='word_1_840' title='bbox 1750 5465 1867 5522; x_wconf 88' lang='lat' dir='ltr'><strong>charam</strong></span> 
     </span>
    </p>
   </div>
   <div class='ocr_carea' id='block_1_5' title="bbox 0 0 1996 6034">
    <p class='ocr_par' dir='ltr' id='par_1_7' title="bbox 0 0 1996 6034">
     <span class='ocr_line' id='line_1_61' title="bbox 0 0 1996 6034; baseline 0 0"><span class='ocrx_word' id='word_1_841' title='bbox 0 0 1996 6034; x_wconf 95' lang='lat' dir='ltr'><strong> </strong></span> 
     </span>
    </p>
   </div>
  </div>
 </body>
</html>
