3984 6034
156 249 191 306 av
490 319 496 329 .
886 248 918 306 s.
941 245 1177 306 praeacutus
1870 249 1907 304 aa

157 395 237 436 mum
250 378 427 446 concinnata,
451 375 496 434 bis
519 377 697 450 temporibus
718 378 753 435 de
777 378 926 436 Societatis
946 378 1000 433 ho·
1018 380 1042 431 Α
1090 381 1152 434 209.
1170 379 1274 434 Verum
1293 394 1359 434 cum
1383 378 1438 434 boc
1453 379 1630 435 exsecutioni
1653 380 1823 436 mandatnm
1845 394 1906 434 non

157 467 283 523 minibus
314 465 451 538 exposita,
482 482 534 537 per
564 465 807 521 calumniatorum
836 472 1004 522 nostrornm
1059 467 1159 523 fuisset
1172 484 1237 523 cum
1253 472 1332 523 tenta
1350 468 1542 536 accuratione,
1566 475 1704 541 quantam
1726 469 1758 524 in
1782 484 1812 523 re
1832 469 1906 524 tanti

158 571 261 610 manus
274 561 395 626 vagatur
413 569 477 609 cum
498 555 599 625 plausu
614 553 772 625 ignorantis
786 553 889 626 plebis.
908 577 918 605 ι
936 556 1004 612 Ηιι-
1058 557 1196 612 momenti
1218 557 1382 628 requirebat
1404 557 1577 628 Gregorius,
1604 574 1657 630 per
1680 558 1789 613 litteras
1818 558 1906 612 modo

157 651 241 701 tenos
269 642 487 714 papebrochius.
526 643 668 699 Ceterum
705 660 764 698 non
799 645 911 715 reperio
940 661 1004 700 ossa
1059 646 1292 718 recitaricoeptas
1309 645 1386 701 aliud
1403 646 1487 719 jubet
1508 662 1627 701 exemen
1650 647 1774 701 institui.
1798 647 1830 701 ln
1860 645 1906 700 his

156 733 192 789 S.
219 731 400 803 Hildegardis
429 731 520 787 divisa
545 731 642 795 fuisse,
667 737 717 787 eut
742 732 806 788 aliis
828 733 943 789 donate.
967 735 1004 789 At
1058 733 1135 789 enim
1160 735 1280 799 litteris,
1303 752 1380 790 aurio
1404 738 1472 792 1237
1492 736 1585 800 detis,
1610 735 1650 790 ita
1669 736 1765 807 pergit
1787 755 1801 785 ιι
1825 736 1905 800 Quo·

156 819 191 875 de
228 818 337 890 capillis
366 818 476 875 Sancte
509 819 540 874 in
570 819 754 876 veneratione
788 819 894 876 habitis
927 821 1002 893 apud
1060 838 1122 877 rum
1145 824 1180 879 ad
1196 841 1249 879 nos
1269 824 1453 896 inquisitione.
1478 824 1604 893 remissa,
1626 825 1767 896 quosdam
1791 823 1904 878 inveni-

156 907 338 964 Trevirenses
363 911 503 962 testantur
529 910 597 963 Acta
626 907 841 977 miraculorum,
869 925 949 965 num.
975 913 1001 966 5.
1057 911 1164 967 masin
1178 912 1229 967 ills
1250 913 1472 980 defectus;cum
1493 913 1570 967 enim
1594 912 1735 967 habeatnr
1759 912 1792 966 in
1813 912 1905 982 depo-

157 999 291 1056 Gelanios
324 999 410 1055 etiam
441 1001 471 1054 in
497 999 620 1055 Colonia
650 1017 721 1070 sua,
756 1017 906 1056 recensens
939 1000 1004 1056 the·
1057 1000 1210 1056 sitionibus
1231 1001 1347 1056 testium
1370 1000 1405 1055 ad
1425 1007 1553 1055 nostram
1574 1000 1757 1072 presentiam
1779 1000 1906 1055 destina-

157 1104 273 1144 saurom
291 1103 403 1144 sacrum
426 1088 552 1144 ecclesie
565 1089 614 1145 SS.
630 1089 748 1144 loannis
763 1095 792 1145 et
808 1090 949 1159 Cordule,
975 1089 1003 1145 ei
1058 1089 1104 1153 tis,
1129 1090 1207 1161 qnod
1230 1091 1329 1145 eadem
1349 1076 1461 1145 inultos
1484 1094 1634 1144 curaverat
1663 1088 1855 1144 demoniacos
1876 1093 1907 1142 et

156 1194 224 1248 pag.
238 1178 291 1232 445
311 1177 421 1249 aliquid
440 1177 611 1233 adnumerat
635 1199 649 1228 ιι
674 1178 709 1233 de
727 1178 838 1250 capillis
859 1179 887 1234 S.
906 1178 1001 1234 flilde-
1058 1177 1200 1244 infirmos,
1216 1195 1269 1234 nec
1293 1193 1433 1249 persone,
1458 1193 1510 1232 nec
1533 1178 1605 1242 loca,
1630 1193 1682 1230 neo
1698 1184 1830 1248 tempora
1854 1177 1905 1230 de·

158 1265 264 1337 gardis.
276 1287 290 1316 a
1058 1267 1223 1336 signantur3
1239 1281 1334 1338 neque
1350 1264 1492 1338 reperitur
1506 1266 1536 1319 in
1552 1265 1594 1320 eis
1610 1264 1679 1337 quid
1699 1267 1744 1321 vel
1760 1280 1825 1336 que
1843 1280 1904 1319 ma-

192 1356 254 1410 207.
279 1353 410 1410 Sanctam
435 1359 464 1410 et
488 1354 517 1409 in
540 1353 598 1410 vita
621 1358 650 1410 et
672 1359 737 1426 post
761 1360 881 1410 mortem
904 1353 1003 1409 maritis
1059 1355 1148 1424 gistra
1163 1353 1276 1417 dixerit,
1292 1369 1358 1409 eum
1370 1357 1468 1408 emen
1492 1352 1602 1407 dicator
1620 1351 1739 1420 ibidem,
1765 1353 1905 1423 majorem

89 1437 90 1440 ’
158 1443 294 1498 claruisse
317 1443 481 1511 miraculis,
501 1442 609 1498 habent
631 1443 694 1498 Vita
713 1447 742 1498 et
760 1445 827 1499 dcta
849 1443 1003 1499 miraculo·
1058 1449 1170 1515 partem
1198 1446 1355 1497 conventus
1380 1442 1467 1509 idem,
1496 1440 1574 1513 qnod
1610 1440 1757 1511 magistra,
1787 1440 1903 1494 dixisse.

157 1546 250 1586 rum:
281 1531 311 1585 in
343 1531 388 1585 his
417 1536 515 1585 emen
547 1546 628 1585 num.
668 1533 699 1586 10
722 1530 839 1586 additur
865 1531 1003 1586 miracula
1059 1533 1199 1586 Preterea
1222 1546 1288 1587 cum
1302 1530 1440 1602 magistra
1460 1530 1521 1601 ipsa
1546 1528 1640 1601 primo
1662 1527 1905 1598 interrogatade·

158 1616 262 1673 deinde
283 1633 419 1684 cessasse,
443 1617 627 1689 precipiente
647 1619 860 1690 archiepiscopo
885 1619 1002 1690 llogon·
1022 1620 1189 1705 Bposuerit
1203 1619 1282 1674 illam
1296 1621 1387 1674 multe
1407 1618 1490 1690 signa
1508 1618 1617 1684 fecisse,
1639 1618 1668 1672 in
1691 1616 1775 1673 dictis
1790 1615 1906 1687 deposi-

156 1705 229 1774 tino,
255 1727 269 1756 ιι
295 1709 327 1760 nt
349 1705 474 1776 asignis
496 1709 670 1773 cessaret,a
700 1721 736 1761 ue
756 1705 889 1762 videlicet
914 1706 1004 1762 nimio
1059 1708 1188 1765 tionibus
1205 1707 1362 1776 invenitur,
1377 1711 1437 1762 tam
1454 1707 1536 1775 [foma
1554 1703 1677 1778 tantum]
1704 1705 1808 1760 dixisse
1827 1704 1905 1759 idem
1981 1740 1982 1747 .

157 1793 257 1865 populi
283 1792 319 1848 ad
349 1792 458 1849 Sancte
486 1794 650 1865 sepulcrum
681 1795 851 1850 confluentis
877 1794 1004 1850 tumultu
1059 1799 1136 1871 quod
1161 1800 1247 1852 testes
1262 1796 1310 1851 alii
1325 1801 1355 1851 et
1376 1800 1544 1851 conventus.
1565 1795 1700 1860 Quocirca
1721 1793 1904 1862 mandamns,

157 1881 287 1937 divinum
302 1881 429 1936 officinm
444 1886 471 1936 et
493 1881 592 1953 religio
608 1882 777 1938 monialium
800 1883 1002 1938 detrimentum
1059 1891 1202 1958 quatenus
1213 1885 1245 1940 in
1266 1883 1455 1957 inquisitione
1475 1883 1592 1955 prefata
1612 1883 1767 1955 diligenter
1781 1898 1814 1936 ee
1838 1897 1908 1954 pro-

157 1974 323 2041 peteretnr.
352 1969 399 2024 ilis
423 1969 583 2026 conformia
619 1971 717 2026 scribit
751 1971 885 2027 laudatus
918 1988 1005 2044 supra
1058 1976 1217 2046 videjoxta
1235 1974 1358 2030 formem
1382 1973 1439 2028 illis
1460 1974 1596 2028 traditam
1618 1971 1824 2041 procedentes,
1840 1985 1906 2041 que

157 2057 305 2114 Sererins.
329 2079 344 2109 ιι
367 2058 531 2129 Ceterum,
554 2059 667 2130 inquit,
693 2064 792 2115 narrat
819 2060 1005 2117 Germanicus
1058 2064 1235 2132 inveneritis,
1258 2062 1312 2118 sub
1334 2062 1435 2134 sigillis
1456 2061 1557 2116 vestris
1571 2061 1702 2116 distincte
1725 2076 1758 2114 ec
1777 2059 1906 2131 pruden-

157 2147 227 2202 Vite
249 2148 364 2203 libellus
386 2152 429 2202 tot
454 2147 489 2203 ad
511 2148 574 2203 illas
598 2148 660 2219 ejus
690 2148 827 2221 reliquias
858 2149 954 2204 divina
977 2149 1004 2204 vi
1058 2159 1103 2210 ter
1122 2152 1257 2225 exposita,
1280 2168 1371 2223 usqne
1395 2151 1430 2206 ad
1455 2155 1584 2205 nostrum
1606 2148 1816 2220 beneplacitum
1835 2147 1906 2201 fide·

157 2235 373 2292 miraculsfieri
393 2235 487 2304 solita,
509 2240 542 2291 ut
563 2242 680 2309 propter
702 2237 834 2308 ingentes
854 2237 1004 2294 hominnm
1058 2242 1125 2298 litor
1144 2239 1316 2296 conservetis
1341 2239 1403 2294 liat.
1426 2238 1555 2306 viterbii,
1581 2253 1600 2293 ιι
1623 2238 1695 2292 Νοι.
1711 2236 1785 2303 lfaii,
1798 2235 1904 2307 pontif.

157 2338 312 2378 concursus
338 2324 421 2379 valde
452 2322 643 2395 impediretur
673 2323 817 2397 virginum
849 2325 952 2398 quies,
974 2327 1004 2381 in
1058 2328 1149 2385 nostri
1170 2344 1246 2383 enno
1270 2344 1314 2382 ιι.
1340 2347 1355 2377 ι
1376 2327 1477 2382 Utrum
1507 2326 1561 2380 boc
1583 2324 1712 2394 Gregorii
1732 2325 1765 2380 lx
1787 2322 1906 2378 mande-

157 2412 325 2484 temploque
339 2412 430 2484 pietas
453 2427 485 2468 ac
499 2413 621 2485 religio:
641 2414 752 2469 venisse
773 2413 864 2485 igitur
886 2415 1004 2487 lfogun·
1059 2422 1120 2473 tum
1133 2417 1258 2472 exactius
1276 2414 1363 2471 fuerit
1376 2414 1545 2487 perfectum,
1562 2414 1664 2469 nullibi
1677 2413 1804 2468 invenio.
1821 2413 1904 2467 Forte

157 2500 251 2555 tinum
275 2500 532 2574 archiepiscopum,
566 2505 594 2559 et
626 2503 718 2558 Reate
752 2502 806 2574 ipsi
834 2503 1005 2575 precepisse
1058 2505 1171 2576 priores
1193 2504 1236 2560 illi
1256 2504 1461 2559 miraculorum
1487 2501 1673 2573 inquisitores
1696 2499 1906 2572 pertimerent

159 2589 336 2645 mirabilium
364 2589 392 2644 id
423 2605 514 2659 genus
540 2605 659 2662 operum
686 2589 775 2646 fiuent
810 2595 841 2647 nt
867 2592 1003 2649 faceret!
1059 2592 1196 2662 defuncti,
1214 2596 1264 2647 aut
1287 2592 1322 2647 ad
1345 2590 1416 2646 alies
1437 2590 1590 2662 dignitates
1609 2588 1743 2661 promoti.
1761 2589 1801 2642 lix
1822 2587 1905 2641 testi-

158 2677 324 2750 ipsamqne,
365 2682 398 2733 ut
434 2679 592 2748 majoribus
633 2678 849 2750 obsequendum
891 2685 1005 2736 mortua
1060 2682 1211 2738 bnsetiom
1227 2698 1286 2735 non
1302 2679 1385 2754 pauci
1408 2683 1544 2750 poterant
1565 2678 1674 2745 deesse,
1698 2693 1764 2732 earm
1787 2676 1904 2731 interim

157 2766 244 2822 etiam
272 2767 407 2837 doceret,
429 2767 580 2837 paroisse:
604 2766 722 2822 illorum
747 2774 844 2822 tamen
867 2769 911 2824 vel
936 2784 1004 2824 ocu·
1060 2775 1183 2843 quatuor
1198 2769 1268 2824 anni
1288 2774 1353 2840 post
1375 2766 1502 2840 primum
1524 2780 1642 2821 examen
1666 2766 1853 2827 effluxissent,
1877 2769 1906 2818 et

157 2855 248 2926 letos,
274 2857 317 2912 vel
339 2856 490 2928 diligentes
510 2872 542 2911 ac
565 2859 655 2912 certos
688 2857 895 2911 examinatores
917 2857 1005 2912 fuisse
1059 2863 1202 2931 provecte
1226 2856 1318 2912 etatis
1344 2861 1439 2911 essent
1460 2859 1546 2910 testes
1568 2854 1740 2924 complures.
1761 2851 1906 2925 Quidquid

158 2959 351 3016 nonpancos,
376 2944 426 3016 qui
448 2960 524 2999 anno
540 2944 654 3000 Domini
678 2945 936 3013 tetartemoria
958 2929 1146 3004 diecfuerit
1178 2962 1283 3015 eavvse,
1306 2947 1341 3000 de
1373 2944 1494 3015 repetito
1523 2943 1574 2999 illo
1598 2943 1728 2998 examine
1761 2942 1834 2997 nibil
1864 2942 1906 2997 in-

161 3037 203 3101 ft,
231 3032 291 3087 suis
312 3032 490 3088 communita
512 3031 615 3105 sigillis
642 3048 676 3087 as
700 3033 821 3087 Romam
847 3031 1005 3104 mitterent,
1059 3036 1156 3093 venio.

157 3128 186 3177 et
209 3138 225 3176 e
246 3121 311 3176 sede
330 3120 648 3192 peterentspostolica,
675 3126 709 3176 nt
731 3121 762 3176 in
784 3125 948 3177 sanctornm
974 3139 1007 3178 oc
1093 3127 1164 3180 tto.
1189 3122 1376 3180 Innocentius
1400 3123 1453 3191 lv,
1482 3121 1612 3194 Gregorii
1643 3135 1806 3186 successor,
1829 3135 1906 3174 anno

157 3213 321 3266 sanctarum
344 3210 506 3282 catalogum
531 3210 616 3265 beata
634 3209 695 3265 bec
714 3209 911 3266 referretur.»
936 3215 1007 3268 Acta
1062 3215 1128 3268 fild
1153 3211 1222 3268 alias
1236 3211 1314 3267 dedit
1331 3211 1442 3267 litteras
1458 3212 1493 3267 ad
1517 3212 1669 3278 decanum,
1693 3209 1907 3275 scholasticum,

157 3298 234 3354 bvrnc
248 3297 278 3352 in
294 3297 382 3352 tinem
396 3297 527 3353 confecta
541 3297 575 3354 de
597 3298 752 3354 virtutibus
766 3298 877 3354 Sancte
904 3302 932 3354 et
948 3299 1004 3354 mi·
1060 3307 1089 3357 et
1102 3302 1191 3356 alium
1206 3300 1376 3355 canonicum
1402 3299 1611 3372 ffognntinnm,
1627 3303 1761 3369 repetens
1777 3297 1907 3352 defectus

158 3385 273 3452 reculis,
299 3401 364 3456 que
388 3386 451 3457 Jam
475 3386 643 3457 frequenter
673 3387 862 3454 laudavimus,
887 3391 916 3441 et
943 3392 1008 3459 post
1060 3389 1165 3462 prioris
1186 3388 1397 3460 inquisitionis,
1416 3393 1488 3443 teste
1509 3387 1616 3443 ibidem
1639 3387 1788 3459 Raynaldo
1815 3401 1904 3442 num.

158 3475 251 3530 Vitam
266 3475 395 3543 edemus,
412 3475 550 3546 predicta
565 3475 663 3531 omnia
687 3475 800 3530 abunde
822 3475 1005 3531 confirmant.
1060 3479 1105 3544 34,
1121 3483 1150 3533 et
1172 3478 1333 3549 adjungens
1352 3477 1525 3548 sequentia:
1542 3476 1748 3543 effundamus,
1765 3480 1908 3548 quatenus

195 3564 257 3618 208.
281 3563 355 3618 lllud
377 3578 463 3635 porro
484 3579 605 3618 examen
633 3563 796 3620 institutum
821 3580 893 3632 esse,
915 3579 1007 3636 eaque
1060 3566 1085 3622 si
1104 3566 1292 3640 processistis,
1314 3567 1345 3621 in
1358 3565 1548 3639 inquisitione
1568 3565 1748 3635 hujusmodi,
1765 3563 1905 3635 recipien-

157 3652 227 3705 scta
246 3650 374 3706 confecta
398 3648 643 3723 jussuiGregorii
666 3652 703 3706 lli
722 3651 827 3706 summi
852 3652 1006 3725 pontificis,
1060 3655 1098 3711 do
1113 3655 1282 3728 singillatim
1297 3671 1383 3728 super
1396 3654 1551 3727 premissis
1563 3657 1650 3710 testes
1671 3652 1728 3708 fide
1742 3651 1855 3723 dignos,
1878 3657 1907 3705 et

160 3737 296 3795 discimus
325 3754 359 3795 ex
388 3739 548 3795 Annalibus
576 3741 773 3796 ecclesiasticis
800 3740 912 3797 Odorici
935 3742 1008 3814 Ray·
1060 3759 1161 3799 eorum
1184 3743 1274 3812 dicta,
1299 3748 1388 3816 prout
1410 3743 1532 3816 quilibet
1559 3757 1611 3814 per
1634 3756 1664 3796 se
1688 3739 1856 3811 simpliciter
1879 3744 1907 3794 et

159 3826 237 3881 naldi
260 3827 297 3883 ad
321 3843 429 3883 ennnm
454 3831 531 3898 1237,
556 3845 635 3884 nom.
658 3831 701 3884 50.
732 3830 804 3885 Nam
827 3830 867 3885 ibi
889 3831 921 3885 in
942 3830 1007 3885 eliis
1060 3832 1188 3888 seriatim
1218 3831 1364 3904 deposuit,
1391 3830 1523 3887 faciendo
1554 3830 1716 3896 conscribi,
1741 3844 1906 3901 processum

57 3929 59 3935 ’
159 3915 218 3969 suis
254 3913 359 3971 litteris
388 3915 540 3989 Gregorius
568 3917 600 3971 [Χ
628 3917 663 3972 de
691 3917 749 3973 illis
772 3917 812 3972 sic
844 3918 974 3990 loquitur
998 3933 1005 3973 :
1059 3920 1221 3992 ipsumsub
1240 3918 1454 3992 sigillisvastris
1468 3917 1553 3974 nobis
1574 3919 1770 3973 transmittere
1791 3919 1906 3972 stodea-

161 4021 175 4054 e
204 4003 436 4075 Supplicentibus
466 4005 549 4060 nobis
578 4005 648 4059 olim
683 4005 793 4061 dilectis
828 4005 859 4060 in
895 4005 1006 4062 Christo
1061 4008 1107 4064 tis.
1129 4008 1265 4081 Alioquin
1286 4007 1480 4079 depredictis
1505 4005 1650 4074 omnibus,
1669 4013 1698 4061 et
1721 4005 1803 4060 novis
1826 4004 1909 4059 mira-

159 4091 274 4147 filiabus
304 4092 450 4147 abbatissa
477 4098 506 4147 et
528 4094 675 4149 sororibus
699 4093 866 4148 monasterii
890 4095 923 4150 S.
947 4095 1006 4150 ilu-
1060 4100 1140 4169 culis,
1157 4098 1181 4153 si
1196 4115 1261 4171 qne
1275 4097 1374 4153 fecisse
1389 4094 1508 4151 dieitur:
1526 4111 1580 4150 nec
1604 4094 1718 4150 nonde
1741 4094 1800 4147 vito
1816 4092 1908 4163 ipsius

158 4179 400 4252 partideBingia
420 4180 645 4252 ldoguntinensis
667 4182 854 4251 discessiset
878 4183 1006 4238 recolen-
1023 4203 1113 4282 1‚per
1145 4187 1202 4242 fide
1232 4184 1334 4258 dignos
1368 4183 1549 4256 inquirentes
1587 4183 1707 4238 sollicite
1738 4182 1906 4247 veritatem,

160 4268 205 4324 de
220 4269 367 4324 memorie
385 4269 585 4341 llildegardem
600 4269 772 4326 abbatissam
795 4271 924 4341 ejusdem
946 4287 1009 4333 mo.
1062 4276 1138 4331 dicta
1152 4276 1279 4346 ipsorum
1300 4272 1430 4338 testium,
1454 4287 1527 4343 quos
1549 4271 1719 4343 singillatim
1743 4269 1907 4325 examinare

159 4357 288 4426 nestorii,
303 4373 370 4430 que
385 4358 415 4413 in
436 4358 494 4413 vita
508 4363 537 4413 et
551 4365 617 4429 post
640 4363 762 4415 mortem
785 4360 883 4416 multis
905 4359 1010 4418 dicitur
1062 4362 1185 4432 curetis,
1203 4365 1289 4433 prout
1309 4375 1409 4414 eorum
1437 4359 1558 4431 quilibet
1585 4373 1638 4431 per
1658 4375 1688 4414 se
1707 4373 1803 4412 coram
1825 4357 1907 4413 vobis

159 4461 325 4502 coruscasse
347 4445 504 4515 miraculis,
528 4451 691 4503 sanctorum
717 4447 859 4503 ascribere
878 4449 1009 4521 catalogo
1061 4467 1144 4523 puro,
1160 4447 1339 4521 simpliciter,
1356 4451 1385 4502 et
1398 4447 1531 4502 distincte
1555 4463 1587 4502 ac
1609 4447 1740 4503 ordinate
1764 4447 1839 4518 quod
1862 4461 1907 4500 su·

159 4549 337 4598 curaremus,
354 4533 460 4590 deferri
473 4535 510 4590 ad
525 4550 576 4590 nos
588 4534 677 4590 libros
698 4535 799 4608 ipsius,
824 4551 897 4607 qnos
917 4537 1008 4592 sancti
1060 4554 1113 4611 per
1125 4536 1271 4610 praedicus
1291 4535 1425 4591 omnibus
1450 4535 1576 4605 sciverit,
1599 4533 1774 4607 deposuerit,
1796 4533 1906 4589 faciatis

159 4623 282 4695 Spiritus
298 4621 473 4677 revelatione
488 4623 684 4694 composuisse
707 4624 843 4692 creditur,
857 4624 1006 4694 facientes,
1060 4643 1126 4683 cum
1155 4625 1313 4681 attentione
1341 4623 1496 4693 conscribi,
1525 4622 1609 4678 nobis
1640 4623 1690 4678 illa
1718 4622 1771 4677 snb
1802 4620 1905 4693 sigillis

158 4728 225 4768 com
253 4716 359 4784 preter
391 4711 565 4768 Psalterium
590 4713 684 4769 nullas
711 4713 821 4768 litteras
849 4712 1005 4778 didicisset,
1060 4714 1168 4771 eisdem
1188 4709 1313 4769 fideliter
1334 4711 1522 4768 remittentes.
1547 4712 1652 4767 Datum
1674 4712 1764 4767 Later.
1780 4727 1828 4764 vvir
1843 4710 1904 4764 llel.

158 4817 212 4857 nos
233 4799 387 4872 preposito
411 4799 528 4871 majoris
552 4801 679 4857 ecclesie
701 4801 767 4857 W...
793 4801 901 4857 decano
920 4806 949 4857 et
970 4805 1004 4857 s.
1061 4801 1191 4857 Decemb.
1208 4819 1224 4854 a
1243 4801 1334 4865 Quem
1349 4799 1586 4855 boemandatum
1601 4800 1736 4856 babuerit
1757 4797 1902 4864 effectum,

159 4887 326 4945 scholastico
343 4887 371 4944 S.
403 4887 479 4944 Petri
501 4889 661 4961 lfoguntini
682 4890 788 4947 nostris
811 4890 942 4946 dedimus
961 4890 1006 4945 lit·
1058 4891 1160 4962 ignoro
1178 4893 1315 4945 :atcerte
1334 4904 1420 4944 eausa
1438 4887 1467 4944 S.
1483 4886 1659 4959 Hildegevdis
1674 4886 1711 4943 ad
1733 4887 1821 4942 tinem
1841 4901 1903 4956 per-

157 4978 227 5034 teris
249 4977 280 5032 ira
303 4976 446 5044 mandatis
470 4981 501 5031 nt
525 4977 559 5032 de
582 4978 673 5048 ipsius
690 4979 758 5048 sita,
777 4977 1004 5048 conversatione,
1059 4980 1143 5034 docta
1164 4993 1223 5032 non
1247 4979 1290 5031 est
1310 4975 1364 5030 snb
1389 4973 1557 5031 innocentio
1579 4975 1635 5045 lv,
1657 4981 1708 5030 aut
1733 4974 1785 5029 sub
1814 4972 1904 5045 ipsius

157 5066 245 5134 fama,
270 5065 380 5120 meritis
402 5069 430 5121 et
450 5065 607 5136 miraculis,
631 5084 663 5123 ac
690 5068 863 5141 generaliter
884 5067 920 5123 de
941 5081 1004 5121 om·
1058 5065 1268 5122 successoribus
1297 5068 1359 5119 toto
1392 5064 1498 5119 aeonio
1527 5079 1594 5133 xur;
1620 5067 1649 5119 et
1676 5063 1718 5118 sic
1749 5078 1795 5118 res
1817 5061 1904 5117 flebat

159 5152 480 5210 nibnseircumstantiis
492 5169 544 5226 per
564 5159 649 5210 testes
667 5155 723 5211 fide
745 5155 848 5227 dignos
869 5151 1004 5225 inquire·
1057 5170 1172 5224 semper
1187 5153 1278 5225 magis
1290 5150 1427 5208 difficilis.

158 5245 225 5298 rent
254 5241 421 5314 diligentius
451 5243 611 5312 veritatem,
633 5244 717 5299 nobis
739 5244 819 5317 qnod
841 5241 1006 5297 invenirent
1091 5245 1301 5297 tltltttamen
1315 5241 1419 5296 secuto
1433 5255 1478 5297 xvv
1498 5239 1602 5295 iterum
1624 5243 1733 5294 tentate
1751 5242 1795 5294 est
1815 5252 1901 5292 cano-

158 5345 225 5386 cum
255 5329 398 5402 predictis
425 5330 507 5386 libris
537 5332 589 5387 sub
611 5332 712 5404 sigillis
733 5331 791 5386 saris
813 5330 939 5386 fideliter
961 5344 1006 5384 re·
1056 5331 1161 5387 nizatio
1194 5330 1229 5387 S.
1258 5329 1456 5401 llildegardis,
1484 5332 1517 5384 ot
1552 5327 1639 5384 refert
1668 5327 1844 5383 tritbemius
1870 5325 1900 5380 in

159 5419 316 5475 mittentes.
334 5421 427 5475 allec
441 5419 570 5491 pontifex
594 5420 629 5475 de
650 5419 784 5476 mendato
799 5433 859 5486 sno,
873 5418 901 5474 vi
923 5417 1004 5490 cuins
1056 5415 1195 5476 Gltronioo
1210 5415 1417 5489 Hirroupieusi
1430 5417 1465 5473 ad
1480 5431 1588 5471 annum
1607 5418 1683 5482 1317,
1699 5415 1741 5471 ite
1755 5414 1899 5470 scribens:

157 5507 352 5564 laudataActa
366 5513 432 5564 sunt
447 5509 612 5579 composite.
1058 5528 1073 5558 ι
1100 5507 1224 5562 loannes
1243 5519 1319 5578 papa
1341 5502 1493 5561 vicesimus
1511 5503 1652 5559 sccundus
1677 5502 1714 5559 ed
1732 5503 1898 5565 instantiam
