3984 6034
94 241 144 298 tte
762 235 953 295 esistunt-2.
966 235 1123 294 -EPISL
1146 236 1182 292 ll.
1798 241 1848 296 iso

91 375 166 438 sant,
182 369 256 426 latui
283 373 313 424 et
326 369 444 426 inutiles
463 365 649 434 dicerentur;
668 366 721 439 qui
746 382 814 422 vero
837 365 942 439 signati
960 365 1134 439 aequitare
1153 371 1348 440 asperguntur
1365 367 1397 424 in
1415 369 1546 442 neqmtia
1565 369 1684 438 diaboli,
1697 374 1726 427 et
1748 371 1799 444 qui
1816 387 1847 426 se

91 474 150 515 nou
167 461 298 525 feserunt,
313 457 347 513 ad
359 457 429 512 istos
453 455 504 530 qui
531 455 639 528 signati
666 459 748 512 eraut
772 456 942 524 transibant,
996 453 1140 511 contrarie
1158 453 1313 527 porrigunt
1337 455 1374 511 ad
1402 461 1490 527 caput
1512 458 1698 529 prelatorum
1726 474 1846 516 suorum

91 551 117 602 et
128 546 298 601 societatem
321 559 424 599 eorum
446 541 651 615 suscipiebant,
671 546 700 599 at
723 543 789 598 iude
803 543 942 615 optimam
996 559 1049 616 per
1069 541 1249 599 nimietatem
1268 542 1438 616 iniquitatis.
1459 546 1538 618 Fuga
1563 561 1633 616 ergo
1651 546 1716 602 illos
1740 547 1776 602 de
1794 563 1846 620 pe·

91 639 205 707 partem
220 633 275 688 sibi
289 633 450 704 elegerunt.
466 631 545 687 Sicut
559 631 642 686 stella
657 631 831 703 multiplicat
844 632 943 703 splen·
996 632 1095 688 storali
1126 647 1206 700 cura,
1235 649 1301 704 que
1325 648 1441 705 poenam
1466 633 1502 689 de
1528 634 1648 689 canibus
1676 639 1781 706 portat.
1813 637 1845 692 et

90 723 193 778 domm
207 737 294 778 suum
316 721 347 775 in
379 721 467 788 nube,
487 724 516 775 et
527 719 601 775 sieut
614 719 740 775 feminea
754 719 846 775 torma
860 735 942 775 coro·
996 720 1126 793 quamvis
1140 720 1257 793 quidam
1280 722 1393 792 prelati
1411 721 1471 777 sint
1485 721 1664 778 obtenebrati
1683 739 1735 794 per
1763 723 1843 780 vicis·

92 815 180 865 natur
192 810 224 865 in
240 808 414 881 virginitate.
431 809 465 864 Et
485 808 529 863 vir
547 823 670 880 maguus
683 823 769 863 aurea
783 823 856 863 zona
865 823 942 880 pre·
995 807 1154 864 situdinem
1170 824 1295 870 morum,
1316 815 1413 865 umen
1428 826 1488 865 nou
1504 810 1585 867 decet
1602 811 1714 883 aliquos
1741 828 1842 868 eorum

91 898 212 966 cinctus,
229 913 317 970 supra
330 897 430 953 eadem
458 895 581 952 edificia
598 901 688 964 aens,
717 896 848 952 dextrum
877 898 942 953 bra·
994 901 1115 969 propter
1129 897 1270 968 quosdam
1289 897 1418 952 subditos
1441 896 1536 969 abjici.
1561 898 1627 954 ldeo
1654 897 1762 970 inspice
1782 899 1843 955 hee

90 986 190 1042 chium
216 1002 304 1058 supra
327 1001 521 1040 marmoreum
550 984 716 1053 editicium,
733 989 762 1040 et
793 985 942 1042 sinistrum
994 1001 1048 1056 per
1060 985 1248 1058 purissimum
1269 986 1392 1045 oculum.
1411 988 1515 1040 utnon
1530 985 1750 1041 deficiathonor
1764 989 1840 1054 tuus,

89 1092 179 1144 supra
194 1075 273 1130 aliud
292 1072 399 1146 posuit.
419 1073 585 1130 Intellectus
608 1073 672 1141 iste,
697 1073 732 1129 ad
762 1074 819 1130 duo
834 1075 942 1130 iustru-
994 1073 1044 1146 qui
1064 1077 1183 1146 propter
1199 1088 1307 1128 nomeu
1325 1089 1411 1128 suum
1432 1074 1526 1146 tangit
1551 1074 1635 1130 illum
1653 1073 1704 1146 qui
1721 1074 1787 1143 luit,
1812 1080 1842 1131 et

89 1169 190 1220 menta
205 1163 402 1218 aecclesiastice
417 1162 565 1233 diguitatis
591 1166 642 1218 est.
660 1163 849 1234 Omnipotens
863 1163 940 1218 euim
994 1167 1145 1218 estractus
1168 1166 1196 1217 et
1217 1161 1322 1232 justus,
1348 1177 1453 1234 paraus
1478 1163 1540 1216 vias
1577 1178 1644 1217 suas
1661 1161 1693 1217 iu
1707 1163 1841 1218 omuibus

88 1255 174 1308 Pater
189 1251 458 1308 instituituobilem
480 1255 593 1322 partem
612 1251 831 1307 asecularibus
849 1251 942 1308 eaesis
993 1247 1192 1305 instrumentis
1229 1247 1299 1316 suis,
1339 1264 1374 1304 ea
1405 1248 1590 1319 presidente
1622 1253 1689 1306 aute
1711 1249 1842 1306 instituta

87 1345 266 1412 separatam,
289 1344 317 1395 et
335 1340 365 1394 in
391 1339 507 1394 secretis
540 1339 601 1394 suis
630 1354 726 1394 coram
746 1340 804 1395 lieo
828 1339 942 1396 lortiter
993 1338 1106 1394 dierum
1120 1337 1318 1410 antiquorum.
1335 1339 1399 1409 lpse
1413 1337 1498 1393 iaciat
1524 1353 1615 1410 puros
1641 1337 1739 1392 oculos
1764 1343 1840 1402 tuos,

88 1429 260 1485 ardentm:
277 1442 366 1500 quarn
391 1427 512 1500 quidam
539 1426 723 1482 insidiatores
739 1427 939 1498 despicientes,
993 1425 1045 1499 qui
1059 1442 1119 1482 uon
1133 1426 1244 1498 speruit
1270 1426 1414 1497 pupillum
1443 1431 1472 1480 et
1495 1441 1653 1499 pauperem
1672 1426 1767 1497 (Psoi.
1788 1426 1840 1496 rx),

87 1519 192 1574 volunt
204 1517 350 1573 destruere
362 1515 563 1572 mutitudinem
582 1516 654 1587 ejus,
672 1532 737 1589 que
755 1517 787 1572 in
808 1516 941 1573 Filiollei
993 1513 1063 1586 quia
1081 1529 1165 1569 mous
1190 1515 1316 1586 myrrhe
1334 1519 1364 1570 et
1376 1514 1469 1571 thuris
1483 1530 1514 1570 es
1533 1517 1624 1584 (Cant.
1645 1517 1683 1585 re)
1699 1530 1761 1587 pre
1779 1514 1838 1569 val-

86 1605 242 1662 mauiieste
258 1605 405 1679 appamit.
428 1604 484 1661 Sed
504 1609 602 1660 tamen
616 1621 701 1661 mous
717 1605 837 1677 justitie
852 1621 938 1677 erpo-
993 1600 1070 1658 libus
1083 1601 1212 1658 sordium
1227 1602 1331 1673 puteis.
1358 1601 1436 1658 Audi
1453 1617 1522 1674 ergo
1535 1602 1619 1658 illum
1648 1603 1699 1674 qui
1725 1617 1840 1673 semper

85 1693 155 1749 litus
190 1693 222 1748 in
250 1691 349 1749 multis
371 1691 635 1763 justificationibus,
665 1692 696 1748 in
724 1697 788 1748 ortu
813 1693 939 1749 veritatis
960 1663 1093 1762 ¹³vigilet
1120 1690 1282 1747 visentibus
1310 1690 1410 1758 oculis,
1429 1693 1459 1746 et
1481 1690 1532 1762 qui
1559 1705 1620 1745 uon
1640 1695 1684 1745 est
1703 1689 1839 1746 tedioaue

85 1781 228 1848 ascendit,
243 1781 273 1836 in
286 1797 344 1853 quo
369 1779 448 1836 utilis
463 1779 606 1836 institutio
629 1780 665 1837 ad
695 1781 786 1836 Deum
805 1781 937 1849 tendens,
992 1783 1112 1850 propter
1126 1780 1277 1849 procellas,
1296 1795 1361 1850 que
1375 1783 1443 1834 sunt
1456 1793 1522 1849 pars
1541 1778 1636 1833 calicis
1658 1793 1770 1841 eorum,
1787 1779 1838 1850 qui

86 1876 113 1925 et
131 1876 235 1925 tamen
251 1869 417 1926 hominibus
435 1869 580 1938 assistens,
598 1869 700 1942 surgit,
732 1869 832 1926 lumen
860 1871 937 1927 utili-
993 1866 1187 1923 assimilantur
1210 1865 1370 1922 simulacris
1397 1867 1479 1939 quasi
1495 1866 1561 1922 duri
1574 1866 1632 1922 siut
1645 1882 1699 1938 per
1723 1883 1838 1938 prospe

85 1959 153 2014 tatis
172 1958 343 2015 homiuibus
356 1957 499 2030 prebens,
514 1956 554 2011 ita
568 1960 600 2013 ut
625 1956 712 2013 etiam
736 1957 863 2030 plurima
889 1959 939 2015 do-
992 1954 1107 2013 ritatem
1122 1971 1215 2012 suam.
1237 1957 1279 2012 l'u
1306 1960 1404 2011 autem
1426 1955 1478 2028 qui
1490 1955 1534 2010 sis
1548 1955 1655 2010 hahere
1668 1957 1839 2026 potestatem

85 2047 180 2103 ctrina
192 2051 221 2103 ct
234 2047 308 2102 odor
319 2051 462 2101 rectarum
474 2045 681 2118 scripturarum
700 2045 736 2102 de
748 2045 846 2119 vigore
865 2047 937 2102 veri·
992 2043 1110 2101 honoris
1137 2043 1237 2116 magui
1270 2043 1303 2100 iu
1324 2043 1433 2117 palatio
1467 2044 1553 2116 regis,
1584 2043 1673 2099 dilata
1697 2042 1841 2116 justitiam

86 2135 151 2191 tatis
167 2134 318 2206 adipsum
335 2131 426 2204 fluat;
442 2149 513 2206 quas
527 2133 646 2206 quidam
659 2149 761 2190 eorum
782 2135 814 2191 iu
827 2135 939 2192 diversa
992 2131 1104 2189 Summi
1119 2131 1242 2188 adillios
1256 2133 1404 2188 honorem.
1422 2133 1480 2189 lloc
1502 2133 1583 2188 decet
1605 2138 1644 2202 te,
1664 2137 1783 2206 propter
1800 2139 1839 2203 te,

86 2223 147 2278 siue
183 2222 296 2278 ratione
324 2221 469 2277 multoties
500 2220 668 2278 retundunt.
701 2219 882 2294 Quapropter
910 2226 939 2278 et
992 2226 1111 2294 propter
1124 2222 1233 2277 clarum
1249 2237 1356 2277 nomen
1383 2225 1478 2278 tunm.
1506 2222 1587 2277 Nunc
1615 2238 1683 2294 erqo
1697 2222 1793 2294 aspice
1807 2222 1840 2277 iu

84 2310 171 2368 mulli
198 2311 230 2366 iu
260 2326 295 2366 ea
319 2309 400 2366 curvi
425 2309 457 2364 iu
481 2309 624 2383 pravitate
656 2308 815 2376 ambulant,
845 2309 886 2366 ita
907 2314 939 2366 ut
990 2309 1111 2380 igneum
1138 2309 1280 2379 datorem,
1296 2307 1347 2382 qui
1371 2308 1497 2365 iutondit
1523 2309 1634 2366 bouum
1660 2310 1839 2366 intellectum

85 2399 174 2454 etiam
200 2397 290 2472 aliqui
308 2398 432 2454 terrenis
458 2397 609 2463 inhiantes,
638 2397 848 2469 turpitudinem
871 2398 935 2454 illo·
991 2397 1165 2454 hominibus.
1186 2397 1241 2454 Sed
1274 2396 1340 2469 quis
1365 2397 1453 2454 horno
1481 2401 1579 2468 potest
1612 2413 1715 2454 souare
1740 2404 1841 2456 eontra

84 2505 150 2544 rum
170 2487 333 2544 imitentur.
356 2487 412 2544 Sed
430 2485 516 2543 etiam
539 2486 572 2542 iu
587 2487 690 2542 eodem
709 2491 807 2544 monte
818 2487 938 2558 justitie
992 2503 1090 2542 vocem
1107 2485 1208 2542 illam?
1223 2487 1297 2542 llum
1311 2490 1408 2558 potest
1430 2501 1483 2542 vor
1505 2486 1568 2543 hec
1581 2502 1698 2559 parvam
1713 2503 1840 2559 pennam

84 2576 227 2649 predicta
251 2591 326 2647 pars,
346 2574 376 2630 iu
396 2575 512 2630 secretis
539 2573 599 2631 suis
622 2590 719 2630 coram
748 2576 805 2631 lieo
834 2576 939 2632 ardena
992 2577 1086 2631 lacere
1099 2575 1195 2630 votare
1210 2573 1260 2642 sio,
1286 2579 1318 2629 ut
1331 2574 1427 2630 nullus
1441 2574 1555 2647 gladius
1584 2581 1685 2632 contra
1707 2576 1839 2632 eamdem

85 2667 113 2720 iu
126 2663 297 2736 integritate
312 2679 374 2732 suo,
401 2668 433 2718 ot
455 2663 569 2719 diabolo
584 2661 707 2731 resistat,
727 2664 864 2736 exsurgit,
885 2681 937 2736 op·
992 2677 1118 2735 pennam
1132 2679 1163 2718 se
1177 2663 1266 2735 possit
1285 2663 1425 2719 mosera?
1450 2663 1557 2718 Potest.
1577 2663 1659 2720 Nunc
1675 2669 1717 2730 tu,
1737 2680 1755 2718 o
1774 2663 1840 2720 imi·

83 2755 188 2809 timum
204 2756 316 2826 partam
330 2751 361 2806 iu
376 2753 436 2808 beo
455 2752 574 2819 habeus,
601 2751 632 2807 in
652 2753 783 2824 exemplo
803 2768 856 2809 suo
882 2753 936 2810 mi·
991 2756 1069 2808 tator
1083 2750 1200 2806 excelse
1221 2765 1363 2822 persone,
1393 2750 1458 2806 ioue
1488 2750 1569 2806 rivus
1592 2752 1698 2807 clamat
1718 2751 1781 2820 hee
1804 2752 1840 2809 sd

83 2841 276 2898 sericordiam
295 2839 459 2896 ostendens.
484 2839 540 2896 Sed
561 2843 661 2896 emen
691 2839 790 2896 multe
805 2839 937 2896 unaue
991 2843 1030 2909 te,
1046 2839 1115 2911 quia
1128 2853 1282 2911 personam
1296 2843 1377 2894 tuam
1394 2839 1548 2895 nondeeet
1565 2843 1599 2894 ut
1612 2839 1719 2895 habeas
1736 2839 1838 2896 oculos

83 2946 134 2984 nes
164 2945 185 2983 a
213 2927 333 2985 diabolo
354 2926 474 2994 amhae,
502 2927 641 2998 optimam
660 2931 772 2999 partem
791 2930 820 2982 et
843 2927 937 3000 ipsam
956 2941 1145 2999 coecorum,
1169 2929 1198 2981 ot
1215 2926 1335 2999 vestigia
1348 2925 1530 2999 vipereorum
1557 2931 1730 3000 morum„et
1753 2927 1838 2984 turti-

83 3016 313 3073 misericordiem
331 3015 504 3088 inquietant.
522 3014 603 3072 llulti
624 3019 723 3071 auum
740 3015 875 3072 homiues
904 3017 938 3073 ad
992 3032 1058 3072 vam
1076 3014 1219 3087 rapinam,
1235 3014 1385 3071 denudans
1399 3016 1488 3071 altare
1504 3015 1565 3072 bei.
1581 3017 1617 3071 ltr
1631 3030 1683 3071 cur
1697 3016 1752 3072 hoe
1765 3015 1839 3072 face-

83 3106 222 3162 aamdem
237 3109 350 3177 partem
363 3108 524 3173 transeunt,
541 3108 569 3160 ct
588 3119 684 3160 seram
712 3103 938 3160 misericordiam
992 3104 1061 3160 resi
1074 3105 1128 3161 Sed
1144 3104 1194 3175 qui
1205 3102 1261 3159 hoe
1273 3102 1352 3167 iacit.
1368 3118 1427 3158 uon
1446 3107 1540 3175 potest
1562 3104 1672 3159 solvere
1684 3102 1840 3176 corrigiam

82 3198 312 3267 consequuntur,
340 3209 406 3249 cum
434 3192 575 3264 optimam
595 3197 706 3265 partem
727 3192 781 3249 sihi
814 3191 935 3264 eligunt
990 3191 1176 3248 calceamenti
1208 3190 1337 3263 corporis
1375 3189 1525 3248 bominici.
1559 3191 1637 3262 Ideo,
1682 3209 1699 3246 o
1731 3192 1839 3258 cuncti,

84 3283 165 3340 Unde
180 3287 210 3338 et
227 3297 326 3338 coram
349 3281 407 3338 lieo
428 3279 532 3352 signati
547 3280 691 3337 dicuntur.
708 3282 742 3336 Et
759 3279 937 3354 quisignum
990 3280 1197 3352 cntiqateros.
1223 3279 1281 3350 ligo
1300 3283 1407 3347 summ,
1435 3296 1452 3334 o
1475 3279 1571 3348 Pater,
1599 3280 1629 3335 iu
1648 3280 1711 3334 loeo
1728 3279 1840 3336 celitus

82 3372 172 3442 hujus
188 3370 280 3442 partis
299 3369 469 3440 suscipiunt,
485 3368 514 3424 in
534 3385 569 3424 eo
596 3369 669 3424 sicut
692 3375 721 3425 et
739 3369 769 3424 in
793 3369 936 3441 baptismo
990 3368 1065 3426 milri
1089 3373 1216 3433 ostenso,
1242 3365 1327 3438 juxta
1352 3367 1439 3424 verba
1466 3365 1677 3422 benedictionis
1701 3371 1770 3432 tue,
1796 3383 1838 3423 se·

80 3475 146 3525 suo,
180 3458 295 3515 fortiter
321 3461 503 3531 permanent.
531 3456 713 3529 Quapropter
735 3457 770 3512 ad
800 3473 867 3512 suos
886 3457 936 3529 qui
989 3457 1117 3532 cupdum
1130 3456 1270 3528 Regulam
1283 3455 1312 3511 S.
1329 3455 1487 3524 Benedicti,
1500 3455 1554 3511 auh
1563 3457 1697 3511 clausura
1709 3455 1839 3527 ejusdem

81 3548 161 3605 idem
176 3547 293 3620 sigum
306 3561 364 3603 uon
379 3545 496 3613 habeut,
509 3545 654 3602 socialiter
672 3561 732 3601 non
748 3545 934 3614 descendunt,
989 3543 1046 3601 loci
1064 3560 1129 3600 cum
1153 3543 1299 3604 sororibus
1330 3540 1403 3598 meis
1434 3558 1546 3611 maneo,
1566 3548 1595 3599 et
1623 3543 1678 3599 hoc
1705 3559 1752 3600 me
1778 3549 1838 3600 tam

79 3652 115 3691 ne
145 3637 251 3690 inanes
278 3635 356 3689 velut
379 3632 452 3689 intui
474 3631 654 3701 allicientem
688 3637 717 3688 et
743 3633 794 3706 qui
819 3633 934 3704 signum
988 3640 1102 3696 vivente
1132 3655 1218 3711 quam
1262 3638 1397 3694 defuncta
1435 3653 1550 3709 semper
1587 3637 1732 3694 observari
1760 3637 1838 3694 desi-

79 3725 215 3796 ejusdem
234 3722 325 3794 partis
355 3738 413 3778 non
440 3721 559 3789 habent,
585 3722 622 3778 ad
649 3723 785 3778 cumdem
804 3722 935 3780 ordinem
988 3726 1070 3784 dero.

78 3811 228 3868 socialiter
239 3811 405 3878 ascendunt,
421 3815 449 3866 et
470 3810 511 3866 ite
529 3810 559 3866 iu
587 3809 719 3882 plurimis
747 3809 832 3866 bouis
860 3813 933 3868 mul·
1307 3847 1474 3904 Epmom
1495 3849 1518 3902 ss

78 3901 263 3973 tiplicautur.
274 3899 353 3966 Quod
368 3905 397 3954 et
413 3899 462 3954 ille
475 3899 602 3955 ostendit
615 3898 664 3972 qui
675 3913 763 3954 aurea
777 3915 850 3955 zona
863 3915 936 3972 pre·
1522 3887 1529 3900 ’

78 3992 194 4047 cinctus
212 3989 317 4061 (Aper.
339 3989 372 4057 ι),
393 3987 572 4045 demonstrat
594 4003 624 4044 se
642 4004 704 4044 esse
724 3989 815 4046 baum
834 3992 863 4043 et
880 3989 932 4045 ho·

79 4079 206 4144 minem,
226 4080 375 4148 utrosque,
396 4075 503 4131 scilicet
516 4075 587 4130 istos
606 4079 635 4132 et
649 4075 715 4132 illos
739 4091 841 4150 regens
867 4091 933 4132 cum
987 4064 1063 4138 ujus
1080 4061 1192 4132 ⁸⁶?le
1203 4061 1356 4136 ammi·
1370 4063 1461 4134 ΠΨ
1475 4062 1508 4116 ¹⁴²
1519 4077 1573 4133 ΡΝ
1590 4061 1654 4134 *Ῥω
1672 4077 1772 4133 imm
1798 4062 1839 4118 “d

80 4166 203 4223 hraehio
223 4164 402 4220 fortitudinis
424 4179 502 4219 suas:
526 4164 594 4220 istos
611 4163 738 4236 protegit
757 4163 797 4220 ita
811 4169 840 4221 ut
857 4163 886 4220 in
900 4181 933 4220 eo
1298 4149 1392 4206 ΒΜ
1401 4147 1527 4218 Μαί·

1161 3972 1298 4012 anhusen
1317 3971 1390 4011 PAPAE
1408 3972 1444 4010 ub
1463 3971 1662 4012 saebonensis.

78 4255 197 4312 lortiter
219 4253 347 4322 ardeant,
377 4252 524 4308 secmaria
550 4251 728 4325 adjicientes,
763 4258 791 4308 et
815 4225 974 4310 brachion

1024 4260 1191 4313 Ascensus
1237 4255 1398 4326 episcopus,
1439 4269 1538 4310 servus
1589 4270 1738 4310 servorum
1774 4256 1837 4321 bei,

79 4341 315 4400 mausuetudinis
330 4356 390 4396 sue
410 4341 475 4396 illos
489 4340 570 4412 tegit,
584 4340 624 4396 ita
638 4345 670 4396 ut
685 4341 770 4397 utiles
784 4341 814 4397 iu
838 4341 935 4397 divina
989 4348 1156 4402 fluomreor
1174 4344 1285 4401 dilecte
1299 4343 1367 4399 illie
1380 4343 1412 4398 iu
1435 4341 1558 4399 Christo.
1572 4342 1694 4398 salutm
1721 4347 1749 4398 et
1764 4359 1837 4415 apo·

78 4429 265 4502 protectione
287 4428 356 4492 siut,
376 4443 443 4485 cum
462 4428 561 4485 lumen
582 4428 709 4486 veritalis
724 4431 862 4502 proximis
875 4429 934 4486 suis
989 4433 1120 4489 stolicam
1131 4430 1373 4488 benedictionem.

79 4520 196 4575 utiliter
214 4517 355 4590 prebent.
584 4553 590 4561 -
1024 4520 1205 4577 Exsultamua
1229 4519 1261 4574 in
1292 4518 1414 4574 bomine
1441 4522 1471 4574 et
1494 4519 1674 4591 gratulamur
1689 4521 1769 4590 quod
1783 4535 1836 4574 uo-

113 4608 202 4663 Nunc
225 4611 258 4662 tu
283 4605 333 4679 qni
359 4622 390 4661 es
421 4607 505 4662 Pater
530 4605 716 4677 populorum,
748 4605 876 4663 discerne
903 4607 934 4663 iu
988 4624 1057 4666 meu
1070 4607 1175 4664 Christi
1189 4607 1224 4663 de
1238 4607 1285 4663 die
1299 4605 1424 4662 indiem
1447 4606 1625 4676 glorificator
1642 4605 1672 4661 iu
1691 4610 1731 4673 te,
1747 4606 1835 4663 itaut

78 4692 288 4766 perspicuitate
303 4691 391 4748 uerba
408 4692 481 4760 hec,
501 4707 518 4747 e
535 4707 649 4749 summo
665 4692 763 4763 judice
785 4694 838 4750 tibi
861 4692 935 4750 dire·
988 4700 1019 4752 et
1026 4695 1201 4752 admirantes
1215 4695 1362 4750 dicamus:
1380 4693 1567 4762 Qeisaimilis
1581 4693 1626 4750 tui
1648 4693 1682 4749 in
1700 4693 1835 4761 fortibus,

78 4788 122 4838 eta
135 4798 194 4854 pro
217 4780 388 4837 necessitate
420 4781 590 4849 errantium,
619 4781 687 4853 quia
713 4783 849 4855 superbla
873 4783 935 4839 vult
989 4783 1133 4842 Domine?
1152 4781 1223 4851 Quis
1240 4781 1346 4838 similis
1369 4781 1834 4854 tuiihlupnificusiusonetitute,

79 4871 252 4942 opprimere
273 4868 479 4936 humilitatem,
494 4869 573 4941 quod
595 4884 657 4925 esse
674 4885 732 4925 uon
747 4871 841 4941 debat,
857 4873 935 4927 velut
989 4871 1129 4930 terribilis
1140 4874 1169 4927 et
1184 4869 1351 4938 hwohitu,
1361 4869 1481 4940 sociem
1493 4869 1644 4928 mirabitis
1658 4869 1763 4938 (Eud.
1777 4872 1836 4941 rs.)

79 4957 289 5014 inconveniens
311 4961 386 5012 esset
403 4957 427 5011 si
452 4957 522 5012 luna
535 4957 621 5013 vellet
638 4974 768 5030 pugnare
782 4975 847 5015 cum
862 4959 932 5026 sole,
989 4961 1160 5017 Audivimus
1182 4959 1260 5016 euim
1275 4967 1304 5014 et
1327 4959 1451 5016 vidimus
1479 4961 1571 5016 multa
1596 4962 1632 5017 de
1660 4965 1698 5015 te.
1725 4959 1836 5016 Scimm

80 5045 268 5118 splendorem
283 5060 367 5100 suum
382 5045 502 5116 cupiens
523 5043 649 5103 similem
676 5049 769 5102 lacera
788 5047 934 5119 splendori
988 5049 1077 5107 etiam
1098 5049 1176 5121 quod
1207 5047 1263 5120 pie
1292 5047 1441 5103 memorie
1459 5047 1652 5119 predecessor
1671 5047 1837 5110 noster,cui

79 5135 183 5208 ipsius.
207 5134 288 5190 Unde
303 5138 423 5206 propter
441 5132 515 5189 hauc
537 5133 665 5206 ineptam
692 5135 933 5204 convenientiam,
988 5139 1025 5196 ad
1055 5137 1242 5194 nutriendum
1268 5151 1405 5208 sponsam
1433 5134 1537 5191 curisti
1561 5150 1615 5205 per
1631 5134 1758 5190 divinam
1773 5149 1837 5206 gra·

80 5224 141 5279 lons
157 5237 304 5294 aquarum
334 5221 439 5276 clamat
468 5222 504 5278 ad
532 5227 560 5277 te
589 5223 762 5279 imitatorem
777 5223 857 5296 ejus:
881 5225 935 5282 Per
988 5227 1061 5282 tiam
1074 5225 1272 5293 successimus,
1286 5230 1316 5280 te
1329 5225 1421 5283 multo
1440 5223 1545 5280 affectu
1559 5223 1669 5291 dilexit,
1685 5224 1837 5295 amplexus

82 5327 124 5368 me
143 5311 246 5367 vivum
276 5313 304 5365 et
323 5315 450 5379 erutum,
470 5311 631 5383 comprime
650 5317 736 5384 atque
761 5311 872 5386 corrige
892 5313 934 5368 ui·
989 5319 1031 5372 est
1045 5320 1075 5372 et
1087 5315 1206 5372 audivit.
1222 5313 1311 5386 Cujus
1329 5317 1359 5368 et
1386 5329 1440 5368 nos
1460 5311 1580 5384 vestigia
1593 5313 1695 5380 secuti,
1711 5313 1836 5370 scrihere

82 5417 147 5472 gros
187 5399 376 5456 insidiatores
402 5403 431 5454 et
456 5398 577 5455 lmtivos
607 5401 799 5472 speculatores
823 5402 874 5474 qui
903 5401 932 5458 iu
988 5403 1040 5461 tibi
1058 5400 1427 5473 studuimus,etrescripta
1440 5407 1489 5456 tua
1505 5400 1602 5456 vidore
1629 5401 1835 5469 desideramus,

85 5490 237 5560 plumbum
258 5493 410 5543 vertuntur
424 5487 453 5544 iu
472 5488 608 5545 tortuosis
621 5488 753 5560 peccatis,
775 5493 803 5544 et
832 5490 881 5560 qni
899 5489 934 5544 de
990 5495 1152 5562 querentes
1174 5489 1225 5544 ille
1246 5503 1312 5560 que
1337 5489 1412 5542 Deus
1434 5487 1462 5542 in
1484 5492 1513 5544 te
1538 5494 1685 5560 operatur,
1705 5489 1837 5562 quamvis
