<?xml version="1.0" encoding="UTF-8"?>
<!DOCTYPE html PUBLIC "-//W3C//DTD XHTML 1.0 Transitional//EN"
    "http://www.w3.org/TR/xhtml1/DTD/xhtml1-transitional.dtd">
<html xmlns="http://www.w3.org/1999/xhtml" xml:lang="en" lang="en">
 <head>
  <title>
</title>
<meta http-equiv="Content-Type" content="text/html;charset=utf-8" />
  <meta name='ocr-system' content='tesseract 3.04.00' />
  <meta name='ocr-capabilities' content='ocr_page ocr_carea ocr_par ocr_line ocrx_word'/>
</head>
<body>
  <div class='ocr_page' id='page_1' title='image "./patrologiaecurs125unkngoog/patrologiaecurs125unkngoog_0191.png"; bbox 0 0 3984 6034; ppageno 0'>
   <div class='ocr_carea' id='block_1_1' title="bbox 91 150 1854 210">
    <p class='ocr_par' dir='ltr' id='par_1_1' title="bbox 91 150 1854 210">
     <span class='ocr_line' id='line_1_1' title="bbox 91 150 1854 210; baseline 0.002 -4"><span class='ocrx_word' id='word_1_1' title='bbox 91 155 148 207; x_wconf 75' lang='lat'>373</span> <span class='ocrx_word' id='word_1_2' title='bbox 739 150 924 208; x_wconf 80' lang='lat' dir='ltr'>El&#39;iSTOLAE.</span> <span class='ocrx_word' id='word_1_3' title='bbox 937 181 971 191; x_wconf 95' lang='lat'><em>-</em></span> <span class='ocrx_word' id='word_1_4' title='bbox 986 151 1095 207; x_wconf 72' lang='lat' dir='ltr'>uulsa.</span> <span class='ocrx_word' id='word_1_5' title='bbox 1115 151 1214 207; x_wconf 73' lang='lat' dir='ltr'>exult,</span> <span class='ocrx_word' id='word_1_6' title='bbox 1801 155 1854 210; x_wconf 78' lang='lat' dir='ltr'>att</span> 
     </span>
    </p>
   </div>
   <div class='ocr_carea' id='block_1_2' title="bbox 78 282 1851 3004">
    <p class='ocr_par' dir='ltr' id='par_1_2' title="bbox 78 282 1851 3004">
     <span class='ocr_line' id='line_1_2' title="bbox 89 282 1851 360; baseline 0.003 -22"><span class='ocrx_word' id='word_1_7' title='bbox 89 285 165 339; x_wconf 88' lang='lat' dir='ltr'>velis</span> <span class='ocrx_word' id='word_1_8' title='bbox 182 285 323 340; x_wconf 81' lang='lat' dir='ltr'><strong>honorem</strong></span> <span class='ocrx_word' id='word_1_9' title='bbox 339 283 425 355; x_wconf 88' lang='lat' dir='ltr'>Regis</span> <span class='ocrx_word' id='word_1_10' title='bbox 435 283 599 338; x_wconf 88' lang='lat' dir='ltr'>discernere</span> <span class='ocrx_word' id='word_1_11' title='bbox 613 282 771 354; x_wconf 89' lang='lat' dir='ltr'>unicuique</span> <span class='ocrx_word' id='word_1_12' title='bbox 786 283 943 338; x_wconf 77' lang='lat' dir='ltr'>sectandum</span> <span class='ocrx_word' id='word_1_13' title='bbox 963 284 1082 339; x_wconf 80' lang='lat' dir='ltr'>Avobis</span> <span class='ocrx_word' id='word_1_14' title='bbox 1117 283 1342 356; x_wconf 79' lang='lat' dir='ltr'><strong>congaudemus,</strong></span> <span class='ocrx_word' id='word_1_15' title='bbox 1381 286 1517 357; x_wconf 83' lang='lat' dir='ltr'>quoniam</span> <span class='ocrx_word' id='word_1_16' title='bbox 1548 287 1673 360; x_wconf 87' lang='lat' dir='ltr'>piurima</span> <span class='ocrx_word' id='word_1_17' title='bbox 1702 287 1851 360; x_wconf 77' lang='lat' dir='ltr'>buscusque</span> 
     </span>
     <span class='ocr_line' id='line_1_3' title="bbox 87 361 1849 446; baseline 0.002 -20"><span class='ocrx_word' id='word_1_18' title='bbox 87 378 204 428; x_wconf 88' lang='lat' dir='ltr'>statum</span> <span class='ocrx_word' id='word_1_19' title='bbox 221 388 317 439; x_wconf 90' lang='lat' dir='ltr'>suum,</span> <span class='ocrx_word' id='word_1_20' title='bbox 332 387 397 427; x_wconf 88' lang='lat' dir='ltr'>cum</span> <span class='ocrx_word' id='word_1_21' title='bbox 424 361 602 443; x_wconf 78' lang='lat' dir='ltr'>putas&#39;quod</span> <span class='ocrx_word' id='word_1_22' title='bbox 625 369 696 425; x_wconf 89' lang='lat' dir='ltr'>mibi</span> <span class='ocrx_word' id='word_1_23' title='bbox 712 385 770 425; x_wconf 92' lang='lat' dir='ltr'>non</span> <span class='ocrx_word' id='word_1_24' title='bbox 796 370 833 425; x_wconf 91' lang='lat' dir='ltr'>sit</span> <span class='ocrx_word' id='word_1_25' title='bbox 856 371 947 443; x_wconf 88' lang='lat' dir='ltr'>possi·</span> <span class='ocrx_word' id='word_1_26' title='bbox 1002 369 1104 439; x_wconf 84' lang='lat' dir='ltr'>invisa,</span> <span class='ocrx_word' id='word_1_27' title='bbox 1135 371 1282 443; x_wconf 86' lang='lat' dir='ltr'>bucusque</span> <span class='ocrx_word' id='word_1_28' title='bbox 1307 371 1438 428; x_wconf 88' lang='lat' dir='ltr'>inaudita</span> <span class='ocrx_word' id='word_1_29' title='bbox 1463 390 1515 446; x_wconf 87' lang='lat' dir='ltr'>per</span> <span class='ocrx_word' id='word_1_30' title='bbox 1544 375 1670 431; x_wconf 88' lang='lat' dir='ltr'>divinam</span> <span class='ocrx_word' id='word_1_31' title='bbox 1696 377 1849 432; x_wconf 87' lang='lat' dir='ltr'>revelatio-</span> 
     </span>
     <span class='ocr_line' id='line_1_4' title="bbox 86 459 1847 538; baseline 0.001 -22"><span class='ocrx_word' id='word_1_32' title='bbox 86 461 162 527; x_wconf 88' lang='lat' dir='ltr'>bile‚</span> <span class='ocrx_word' id='word_1_33' title='bbox 180 465 214 516; x_wconf 91' lang='lat' dir='ltr'>ut</span> <span class='ocrx_word' id='word_1_34' title='bbox 227 462 388 518; x_wconf 87' lang='lat' dir='ltr'>discernam</span> <span class='ocrx_word' id='word_1_35' title='bbox 409 461 501 516; x_wconf 88' lang='lat' dir='ltr'>solem</span> <span class='ocrx_word' id='word_1_36' title='bbox 528 464 557 515; x_wconf 89' lang='lat' dir='ltr'>et</span> <span class='ocrx_word' id='word_1_37' title='bbox 577 459 676 514; x_wconf 74' lang='lat' dir='ltr'>lernam</span> <span class='ocrx_word' id='word_1_38' title='bbox 698 465 727 514; x_wconf 87' lang='lat' dir='ltr'>et</span> <span class='ocrx_word' id='word_1_39' title='bbox 748 464 850 516; x_wconf 81' lang='lat' dir='ltr'>caetera</span> <span class='ocrx_word' id='word_1_40' title='bbox 865 476 949 516; x_wconf 90' lang='lat' dir='ltr'>orna·</span> <span class='ocrx_word' id='word_1_41' title='bbox 1002 471 1069 513; x_wconf 86' lang='lat' dir='ltr'>nem</span> <span class='ocrx_word' id='word_1_42' title='bbox 1109 459 1321 528; x_wconf 71' lang='lat' dir='ltr'>manifestastis,</span> <span class='ocrx_word' id='word_1_43' title='bbox 1363 461 1512 532; x_wconf 90' lang='lat' dir='ltr'>bucusque</span> <span class='ocrx_word' id='word_1_44' title='bbox 1558 463 1652 517; x_wconf 87' lang='lat' dir='ltr'>clausa</span> <span class='ocrx_word' id='word_1_45' title='bbox 1689 464 1847 538; x_wconf 68' lang='lat' dir='ltr'>reserastis,</span> 
     </span>
     <span class='ocr_line' id='line_1_5' title="bbox 86 545 1850 623; baseline 0 -17"><span class='ocrx_word' id='word_1_46' title='bbox 86 551 277 606; x_wconf 85' lang='lat' dir='ltr'>mentacoeli.</span> <span class='ocrx_word' id='word_1_47' title='bbox 295 549 427 606; x_wconf 73' lang='lat' dir='ltr'><strong>Meretrix</strong></span> <span class='ocrx_word' id='word_1_48' title='bbox 449 548 547 603; x_wconf 90' lang='lat' dir='ltr'>omnia</span> <span class='ocrx_word' id='word_1_49' title='bbox 573 547 655 620; x_wconf 89' lang='lat' dir='ltr'>quasi</span> <span class='ocrx_word' id='word_1_50' title='bbox 678 547 786 604; x_wconf 88' lang='lat' dir='ltr'>similia</span> <span class='ocrx_word' id='word_1_51' title='bbox 799 553 827 602; x_wconf 90' lang='lat' dir='ltr'>et</span> <span class='ocrx_word' id='word_1_52' title='bbox 851 563 947 620; x_wconf 83' lang='lat' dir='ltr'>esqua-</span> <span class='ocrx_word' id='word_1_53' title='bbox 1002 545 1072 600; x_wconf 87' lang='lat' dir='ltr'>Nem</span> <span class='ocrx_word' id='word_1_54' title='bbox 1087 545 1196 618; x_wconf 81' lang='lat' dir='ltr'><strong>Spiritu</strong></span> <span class='ocrx_word' id='word_1_55' title='bbox 1212 548 1261 602; x_wconf 82' lang='lat' dir='ltr'>liei</span> <span class='ocrx_word' id='word_1_56' title='bbox 1283 547 1377 618; x_wconf 88' lang='lat' dir='ltr'>plena,</span> <span class='ocrx_word' id='word_1_57' title='bbox 1394 549 1485 604; x_wconf 90' lang='lat' dir='ltr'>multa</span> <span class='ocrx_word' id='word_1_58' title='bbox 1509 549 1632 606; x_wconf 87' lang='lat' dir='ltr'>scribilis</span> <span class='ocrx_word' id='word_1_59' title='bbox 1647 567 1710 623; x_wconf 79' lang='lat' dir='ltr'>qua</span> <span class='ocrx_word' id='word_1_60' title='bbox 1734 553 1770 608; x_wconf 90' lang='lat' dir='ltr'>ab</span> <span class='ocrx_word' id='word_1_61' title='bbox 1796 551 1850 607; x_wconf 91' lang='lat' dir='ltr'>bo-</span> 
     </span>
     <span class='ocr_line' id='line_1_6' title="bbox 85 633 1848 708; baseline 0.001 -15"><span class='ocrx_word' id='word_1_62' title='bbox 85 637 128 693; x_wconf 82' lang='lat' dir='ltr'>lia</span> <span class='ocrx_word' id='word_1_63' title='bbox 143 639 244 706; x_wconf 83' lang='lat' dir='ltr'>babet,</span> <span class='ocrx_word' id='word_1_64' title='bbox 265 637 398 694; x_wconf 86' lang='lat' dir='ltr'>videlicet</span> <span class='ocrx_word' id='word_1_65' title='bbox 419 636 582 708; x_wconf 88' lang='lat' dir='ltr'>principem</span> <span class='ocrx_word' id='word_1_66' title='bbox 597 641 630 690; x_wconf 89' lang='lat' dir='ltr'>ut</span> <span class='ocrx_word' id='word_1_67' title='bbox 650 635 799 692; x_wconf 77' lang='lat' dir='ltr'>misticum.</span> <span class='ocrx_word' id='word_1_68' title='bbox 826 636 881 703; x_wconf 80' lang='lat' dir='ltr'>Qui</span> <span class='ocrx_word' id='word_1_69' title='bbox 906 636 946 692; x_wconf 86' lang='lat' dir='ltr'>sic</span> <span class='ocrx_word' id='word_1_70' title='bbox 999 633 1078 689; x_wconf 91' lang='lat' dir='ltr'>mine</span> <span class='ocrx_word' id='word_1_71' title='bbox 1099 650 1158 691; x_wconf 90' lang='lat' dir='ltr'>nou</span> <span class='ocrx_word' id='word_1_72' title='bbox 1180 635 1330 700; x_wconf 71' lang='lat' dir='ltr'>didicistis,</span> <span class='ocrx_word' id='word_1_73' title='bbox 1354 651 1421 708; x_wconf 82' lang='lat' dir='ltr'>quae</span> <span class='ocrx_word' id='word_1_74' title='bbox 1443 636 1534 692; x_wconf 88' lang='lat' dir='ltr'>sancti</span> <span class='ocrx_word' id='word_1_75' title='bbox 1564 643 1592 693; x_wconf 90' lang='lat' dir='ltr'>et</span> <span class='ocrx_word' id='word_1_76' title='bbox 1611 637 1688 694; x_wconf 88' lang='lat' dir='ltr'>docti</span> <span class='ocrx_word' id='word_1_77' title='bbox 1720 640 1776 694; x_wconf 89' lang='lat' dir='ltr'>viri</span> <span class='ocrx_word' id='word_1_78' title='bbox 1796 640 1848 695; x_wconf 89' lang='lat' dir='ltr'>ml-</span> 
     </span>
     <span class='ocr_line' id='line_1_7' title="bbox 83 723 1847 798; baseline 0.002 -18"><span class='ocrx_word' id='word_1_79' title='bbox 83 726 168 791; x_wconf 83' lang='lat' dir='ltr'>ieeit,</span> <span class='ocrx_word' id='word_1_80' title='bbox 197 727 355 782; x_wconf 80' lang='lat' dir='ltr'>inhonorat</span> <span class='ocrx_word' id='word_1_81' title='bbox 383 741 441 794; x_wconf 89' lang='lat' dir='ltr'>me,</span> <span class='ocrx_word' id='word_1_82' title='bbox 470 723 643 795; x_wconf 79' lang='lat' dir='ltr'>sapientiam</span> <span class='ocrx_word' id='word_1_83' title='bbox 684 723 807 779; x_wconf 87' lang='lat' dir='ltr'>similem</span> <span class='ocrx_word' id='word_1_84' title='bbox 837 725 946 780; x_wconf 84' lang='lat' dir='ltr'>faciens</span> <span class='ocrx_word' id='word_1_85' title='bbox 999 727 1108 778; x_wconf 88' lang='lat' dir='ltr'>rantur.</span> <span class='ocrx_word' id='word_1_86' title='bbox 1136 725 1294 796; x_wconf 85' lang='lat' dir='ltr'>liapropler</span> <span class='ocrx_word' id='word_1_87' title='bbox 1322 724 1454 796; x_wconf 87' lang='lat' dir='ltr'>quamvis</span> <span class='ocrx_word' id='word_1_88' title='bbox 1483 725 1602 798; x_wconf 88' lang='lat' dir='ltr'>lougea</span> <span class='ocrx_word' id='word_1_89' title='bbox 1624 729 1847 798; x_wconf 88' lang='lat' dir='ltr'>sanctissimus,</span> 
     </span>
     <span class='ocr_line' id='line_1_8' title="bbox 85 810 1847 888; baseline 0.002 -19"><span class='ocrx_word' id='word_1_90' title='bbox 85 814 273 886; x_wconf 75' lang='lat' dir='ltr'>ignorantie,</span> <span class='ocrx_word' id='word_1_91' title='bbox 288 817 318 870; x_wconf 91' lang='lat' dir='ltr'>et</span> <span class='ocrx_word' id='word_1_92' title='bbox 330 814 467 886; x_wconf 88' lang='lat' dir='ltr'>pietatem</span> <span class='ocrx_word' id='word_1_93' title='bbox 488 812 616 879; x_wconf 89' lang='lat' dir='ltr'>vanitati,</span> <span class='ocrx_word' id='word_1_94' title='bbox 634 828 667 866; x_wconf 86' lang='lat' dir='ltr'>ac</span> <span class='ocrx_word' id='word_1_95' title='bbox 687 816 805 868; x_wconf 77' lang='lat' dir='ltr'>ceteras</span> <span class='ocrx_word' id='word_1_96' title='bbox 828 813 945 868; x_wconf 88' lang='lat' dir='ltr'>virtutes</span> <span class='ocrx_word' id='word_1_97' title='bbox 998 810 1067 883; x_wconf 87' lang='lat' dir='ltr'>quia</span> <span class='ocrx_word' id='word_1_98' title='bbox 1093 817 1256 884; x_wconf 74' lang='lat' dir='ltr'>peccatores</span> <span class='ocrx_word' id='word_1_99' title='bbox 1285 814 1443 882; x_wconf 86' lang='lat' dir='ltr'>existimus,</span> <span class='ocrx_word' id='word_1_100' title='bbox 1478 815 1621 887; x_wconf 88' lang='lat' dir='ltr'>supplices</span> <span class='ocrx_word' id='word_1_101' title='bbox 1653 819 1791 888; x_wconf 88' lang='lat' dir='ltr'>rogenius</span> <span class='ocrx_word' id='word_1_102' title='bbox 1814 824 1847 872; x_wconf 90' lang='lat' dir='ltr'>ut</span> 
     </span>
     <span class='ocr_line' id='line_1_9' title="bbox 83 901 1847 978; baseline 0.003 -23"><span class='ocrx_word' id='word_1_103' title='bbox 83 902 200 958; x_wconf 87' lang='lat' dir='ltr'>similes</span> <span class='ocrx_word' id='word_1_104' title='bbox 225 918 325 975; x_wconf 91' lang='lat' dir='ltr'>cupro.</span> <span class='ocrx_word' id='word_1_105' title='bbox 355 901 480 970; x_wconf 85' lang='lat' dir='ltr'>Nunc,o</span> <span class='ocrx_word' id='word_1_106' title='bbox 502 917 553 956; x_wconf 86' lang='lat' dir='ltr'>vos</span> <span class='ocrx_word' id='word_1_107' title='bbox 573 901 690 972; x_wconf 74' lang='lat' dir='ltr'>puelle,</span> <span class='ocrx_word' id='word_1_108' title='bbox 713 901 801 974; x_wconf 81' lang='lat' dir='ltr'>polite</span> <span class='ocrx_word' id='word_1_109' title='bbox 816 903 944 957; x_wconf 91' lang='lat' dir='ltr'>essesal·</span> <span class='ocrx_word' id='word_1_110' title='bbox 996 903 1059 956; x_wconf 89' lang='lat' dir='ltr'>tum</span> <span class='ocrx_word' id='word_1_111' title='bbox 1074 917 1128 972; x_wconf 91' lang='lat' dir='ltr'>pro</span> <span class='ocrx_word' id='word_1_112' title='bbox 1144 901 1234 971; x_wconf 87' lang='lat' dir='ltr'>gioria</span> <span class='ocrx_word' id='word_1_113' title='bbox 1257 902 1381 970; x_wconf 87' lang='lat' dir='ltr'>llomini,</span> <span class='ocrx_word' id='word_1_114' title='bbox 1406 907 1467 957; x_wconf 91' lang='lat' dir='ltr'>tum</span> <span class='ocrx_word' id='word_1_115' title='bbox 1492 919 1545 975; x_wconf 89' lang='lat' dir='ltr'>pro</span> <span class='ocrx_word' id='word_1_116' title='bbox 1572 904 1693 977; x_wconf 90' lang='lat' dir='ltr'>antiqua</span> <span class='ocrx_word' id='word_1_117' title='bbox 1718 911 1748 960; x_wconf 89' lang='lat' dir='ltr'>et</span> <span class='ocrx_word' id='word_1_118' title='bbox 1767 907 1847 978; x_wconf 83' lang='lat' dir='ltr'>justa</span> 
     </span>
     <span class='ocr_line' id='line_1_10' title="bbox 84 987 1846 1062; baseline 0.002 -17"><span class='ocrx_word' id='word_1_119' title='bbox 84 991 219 1060; x_wconf 78' lang='lat' dir='ltr'>intrices,</span> <span class='ocrx_word' id='word_1_120' title='bbox 244 992 277 1047; x_wconf 92' lang='lat' dir='ltr'>in</span> <span class='ocrx_word' id='word_1_121' title='bbox 309 989 499 1046; x_wconf 89' lang='lat' dir='ltr'>similitudine</span> <span class='ocrx_word' id='word_1_122' title='bbox 532 989 724 1062; x_wconf 85' lang='lat' dir='ltr'>pessimorum</span> <span class='ocrx_word' id='word_1_123' title='bbox 754 1006 879 1056; x_wconf 78' lang='lat' dir='ltr'>mortim,</span> <span class='ocrx_word' id='word_1_124' title='bbox 903 1007 945 1046; x_wconf 88' lang='lat' dir='ltr'>se·</span> <span class='ocrx_word' id='word_1_125' title='bbox 996 987 1192 1045; x_wconf 72' lang='lat' dir='ltr'>familiaritate</span> <span class='ocrx_word' id='word_1_126' title='bbox 1216 1005 1326 1046; x_wconf 90' lang='lat' dir='ltr'>memor</span> <span class='ocrx_word' id='word_1_127' title='bbox 1351 989 1440 1045; x_wconf 89' lang='lat' dir='ltr'>nostri</span> <span class='ocrx_word' id='word_1_128' title='bbox 1463 990 1534 1054; x_wconf 87' lang='lat' dir='ltr'>silis,</span> <span class='ocrx_word' id='word_1_129' title='bbox 1561 998 1590 1046; x_wconf 91' lang='lat' dir='ltr'>et</span> <span class='ocrx_word' id='word_1_130' title='bbox 1614 993 1701 1048; x_wconf 88' lang='lat' dir='ltr'>verba</span> <span class='ocrx_word' id='word_1_131' title='bbox 1718 993 1846 1048; x_wconf 88' lang='lat' dir='ltr'>console-</span> 
     </span>
     <span class='ocr_line' id='line_1_11' title="bbox 81 1075 1846 1153; baseline 0.003 -21"><span class='ocrx_word' id='word_1_132' title='bbox 81 1080 219 1134; x_wconf 89' lang='lat' dir='ltr'>cundnm</span> <span class='ocrx_word' id='word_1_133' title='bbox 243 1078 321 1153; x_wconf 93' lang='lat' dir='ltr'>quod</span> <span class='ocrx_word' id='word_1_134' title='bbox 343 1078 424 1134; x_wconf 87' lang='lat' dir='ltr'>vobis</span> <span class='ocrx_word' id='word_1_135' title='bbox 444 1080 545 1150; x_wconf 87' lang='lat' dir='ltr'>piacet,</span> <span class='ocrx_word' id='word_1_136' title='bbox 567 1093 602 1133; x_wconf 90' lang='lat' dir='ltr'>nc</span> <span class='ocrx_word' id='word_1_137' title='bbox 623 1078 653 1133; x_wconf 96' lang='lat' dir='ltr'>in</span> <span class='ocrx_word' id='word_1_138' title='bbox 678 1079 849 1134; x_wconf 88' lang='lat' dir='ltr'>alterutrum</span> <span class='ocrx_word' id='word_1_139' title='bbox 870 1079 944 1134; x_wconf 90' lang='lat' dir='ltr'>deci·</span> <span class='ocrx_word' id='word_1_140' title='bbox 995 1075 1107 1132; x_wconf 88' lang='lat' dir='ltr'>tionum</span> <span class='ocrx_word' id='word_1_141' title='bbox 1131 1077 1215 1134; x_wconf 90' lang='lat' dir='ltr'>nobis</span> <span class='ocrx_word' id='word_1_142' title='bbox 1239 1077 1404 1150; x_wconf 88' lang='lat' dir='ltr'>porrigetis,</span> <span class='ocrx_word' id='word_1_143' title='bbox 1420 1083 1448 1134; x_wconf 90' lang='lat' dir='ltr'>et</span> <span class='ocrx_word' id='word_1_144' title='bbox 1463 1079 1547 1135; x_wconf 89' lang='lat' dir='ltr'>nobis</span> <span class='ocrx_word' id='word_1_145' title='bbox 1562 1081 1639 1152; x_wconf 90' lang='lat' dir='ltr'>apud</span> <span class='ocrx_word' id='word_1_146' title='bbox 1663 1083 1752 1137; x_wconf 87' lang='lat' dir='ltr'>Deum</span> <span class='ocrx_word' id='word_1_147' title='bbox 1775 1083 1846 1137; x_wconf 89' lang='lat' dir='ltr'>sub·</span> 
     </span>
     <span class='ocr_line' id='line_1_12' title="bbox 80 1164 1843 1242; baseline 0.003 -21"><span class='ocrx_word' id='word_1_148' title='bbox 80 1167 213 1238; x_wconf 85' lang='lat' dir='ltr'>piamini</span> <span class='ocrx_word' id='word_1_149' title='bbox 229 1168 260 1222; x_wconf 87' lang='lat' dir='ltr'>iu</span> <span class='ocrx_word' id='word_1_150' title='bbox 282 1165 416 1222; x_wconf 88' lang='lat' dir='ltr'>omnibns</span> <span class='ocrx_word' id='word_1_151' title='bbox 431 1167 515 1221; x_wconf 90' lang='lat' dir='ltr'>rebus</span> <span class='ocrx_word' id='word_1_152' title='bbox 537 1165 616 1220; x_wconf 90' lang='lat' dir='ltr'>sisic</span> <span class='ocrx_word' id='word_1_153' title='bbox 632 1165 765 1221; x_wconf 81' lang='lat' dir='ltr'>feceritis.</span> <span class='ocrx_word' id='word_1_154' title='bbox 791 1166 861 1221; x_wconf 89' lang='lat' dir='ltr'>Nam</span> <span class='ocrx_word' id='word_1_155' title='bbox 886 1168 942 1221; x_wconf 92' lang='lat' dir='ltr'>sai·</span> <span class='ocrx_word' id='word_1_156' title='bbox 994 1164 1124 1234; x_wconf 89' lang='lat' dir='ltr'>veniatis,</span> <span class='ocrx_word' id='word_1_157' title='bbox 1145 1165 1185 1221; x_wconf 90' lang='lat' dir='ltr'>ita</span> <span class='ocrx_word' id='word_1_158' title='bbox 1206 1172 1237 1222; x_wconf 85' lang='lat' dir='ltr'>ut</span> <span class='ocrx_word' id='word_1_159' title='bbox 1253 1166 1330 1239; x_wconf 87' lang='lat' dir='ltr'>qnod</span> <span class='ocrx_word' id='word_1_160' title='bbox 1344 1166 1375 1221; x_wconf 93' lang='lat' dir='ltr'>in</span> <span class='ocrx_word' id='word_1_161' title='bbox 1393 1166 1476 1222; x_wconf 91' lang='lat' dir='ltr'>nobis</span> <span class='ocrx_word' id='word_1_162' title='bbox 1491 1169 1588 1224; x_wconf 91' lang='lat' dir='ltr'>minus</span> <span class='ocrx_word' id='word_1_163' title='bbox 1612 1174 1665 1236; x_wconf 88' lang='lat' dir='ltr'>est,</span> <span class='ocrx_word' id='word_1_164' title='bbox 1696 1172 1769 1226; x_wconf 85' lang='lat' dir='ltr'>Deus</span> <span class='ocrx_word' id='word_1_165' title='bbox 1792 1187 1843 1242; x_wconf 87' lang='lat' dir='ltr'>per</span> 
     </span>
     <span class='ocr_line' id='line_1_13' title="bbox 81 1252 1845 1328; baseline 0.002 -20"><span class='ocrx_word' id='word_1_166' title='bbox 81 1257 177 1310; x_wconf 83' lang='lat' dir='ltr'>tatrix</span> <span class='ocrx_word' id='word_1_167' title='bbox 191 1254 348 1326; x_wconf 89' lang='lat' dir='ltr'>unicuique</span> <span class='ocrx_word' id='word_1_168' title='bbox 369 1254 527 1309; x_wconf 86' lang='lat' dir='ltr'>secundum</span> <span class='ocrx_word' id='word_1_169' title='bbox 542 1254 717 1309; x_wconf 86' lang='lat' dir='ltr'>voluntatem</span> <span class='ocrx_word' id='word_1_170' title='bbox 741 1254 820 1309; x_wconf 89' lang='lat' dir='ltr'>iilius</span> <span class='ocrx_word' id='word_1_171' title='bbox 847 1255 940 1309; x_wconf 86' lang='lat' dir='ltr'>saltet.</span> <span class='ocrx_word' id='word_1_172' title='bbox 994 1252 1098 1307; x_wconf 90' lang='lat' dir='ltr'>merita</span> <span class='ocrx_word' id='word_1_173' title='bbox 1123 1252 1289 1308; x_wconf 87' lang='lat' dir='ltr'>orationum</span> <span class='ocrx_word' id='word_1_174' title='bbox 1307 1257 1465 1308; x_wconf 87' lang='lat' dir='ltr'>vestrarum</span> <span class='ocrx_word' id='word_1_175' title='bbox 1481 1253 1512 1309; x_wconf 87' lang='lat' dir='ltr'>in</span> <span class='ocrx_word' id='word_1_176' title='bbox 1538 1254 1621 1311; x_wconf 91' lang='lat' dir='ltr'>nobis</span> <span class='ocrx_word' id='word_1_177' title='bbox 1647 1257 1781 1328; x_wconf 87' lang='lat' dir='ltr'>supplere</span> <span class='ocrx_word' id='word_1_178' title='bbox 1803 1257 1845 1311; x_wconf 93' lang='lat' dir='ltr'>di·</span> 
     </span>
     <span class='ocr_line' id='line_1_14' title="bbox 80 1341 1234 1416; baseline -0.002 -17"><span class='ocrx_word' id='word_1_179' title='bbox 80 1345 139 1399; x_wconf 87' lang='lat' dir='ltr'>Sed</span> <span class='ocrx_word' id='word_1_180' title='bbox 169 1349 198 1399; x_wconf 89' lang='lat' dir='ltr'>et</span> <span class='ocrx_word' id='word_1_181' title='bbox 221 1342 327 1416; x_wconf 88' lang='lat' dir='ltr'>apertis</span> <span class='ocrx_word' id='word_1_182' title='bbox 351 1341 432 1398; x_wconf 91' lang='lat' dir='ltr'>ostiis</span> <span class='ocrx_word' id='word_1_183' title='bbox 448 1358 483 1397; x_wconf 94' lang='lat' dir='ltr'>ne</span> <span class='ocrx_word' id='word_1_184' title='bbox 504 1341 658 1398; x_wconf 88' lang='lat' dir='ltr'>ambuletis</span> <span class='ocrx_word' id='word_1_185' title='bbox 678 1349 797 1414; x_wconf 89' lang='lat' dir='ltr'>propter</span> <span class='ocrx_word' id='word_1_186' title='bbox 818 1341 939 1399; x_wconf 91' lang='lat' dir='ltr'>sordidi·</span> <span class='ocrx_word' id='word_1_187' title='bbox 994 1343 1110 1411; x_wconf 89' lang='lat' dir='ltr'>gnetur.</span> <span class='ocrx_word' id='word_1_188' title='bbox 1127 1342 1234 1397; x_wconf 89' lang='lat' dir='ltr'>Valete.</span> 
     </span>
     <span class='ocr_line' id='line_1_15' title="bbox 81 1430 1655 1523; baseline -0.001 -37"><span class='ocrx_word' id='word_1_189' title='bbox 81 1437 179 1487; x_wconf 81' lang='lat' dir='ltr'>tatem</span> <span class='ocrx_word' id='word_1_190' title='bbox 195 1432 301 1487; x_wconf 90' lang='lat' dir='ltr'>mentis</span> <span class='ocrx_word' id='word_1_191' title='bbox 324 1437 437 1499; x_wconf 75' lang='lat' dir='ltr'>vestrae,</span> <span class='ocrx_word' id='word_1_192' title='bbox 456 1447 510 1487; x_wconf 88' lang='lat' dir='ltr'>nec</span> <span class='ocrx_word' id='word_1_193' title='bbox 522 1435 626 1486; x_wconf 89' lang='lat' dir='ltr'>nutum</span> <span class='ocrx_word' id='word_1_194' title='bbox 646 1431 759 1486; x_wconf 88' lang='lat' dir='ltr'>facialis</span> <span class='ocrx_word' id='word_1_195' title='bbox 777 1431 807 1485; x_wconf 93' lang='lat' dir='ltr'>in</span> <span class='ocrx_word' id='word_1_196' title='bbox 830 1430 940 1487; x_wconf 89' lang='lat' dir='ltr'>lascivis</span> <span class='ocrx_word' id='word_1_197' title='bbox 1181 1465 1385 1522; x_wconf 62' lang='lat' dir='ltr'>RESPONSUM</span> <span class='ocrx_word' id='word_1_198' title='bbox 1413 1466 1655 1523; x_wconf 41' lang='lat' dir='ltr'><strong>HILDEGARDIS·</strong></span> 
     </span>
     <span class='ocr_line' id='line_1_16' title="bbox 80 1518 937 1593; baseline 0 -18"><span class='ocrx_word' id='word_1_199' title='bbox 80 1522 209 1576; x_wconf 86' lang='lat' dir='ltr'>nutibus</span> <span class='ocrx_word' id='word_1_200' title='bbox 240 1537 293 1593; x_wconf 87' lang='lat' dir='ltr'>per</span> <span class='ocrx_word' id='word_1_201' title='bbox 313 1520 504 1593; x_wconf 88' lang='lat' dir='ltr'>petulantiam</span> <span class='ocrx_word' id='word_1_202' title='bbox 530 1519 691 1575; x_wconf 88' lang='lat' dir='ltr'>latitudinis</span> <span class='ocrx_word' id='word_1_203' title='bbox 715 1523 802 1576; x_wconf 90' lang='lat' dir='ltr'>vestri</span> <span class='ocrx_word' id='word_1_204' title='bbox 832 1518 937 1589; x_wconf 88' lang='lat' dir='ltr'>cordis,</span> 
     </span>
     <span class='ocr_line' id='line_1_17' title="bbox 79 1572 1593 1683; baseline 0.001 -19"><span class='ocrx_word' id='word_1_205' title='bbox 79 1609 170 1682; x_wconf 84' lang='lat' dir='ltr'>quasi</span> <span class='ocrx_word' id='word_1_206' title='bbox 185 1611 217 1664; x_wconf 89' lang='lat' dir='ltr'>in</span> <span class='ocrx_word' id='word_1_207' title='bbox 231 1609 335 1683; x_wconf 88' lang='lat' dir='ltr'>plateis</span> <span class='ocrx_word' id='word_1_208' title='bbox 353 1609 426 1665; x_wconf 89' lang='lat' dir='ltr'>illud</span> <span class='ocrx_word' id='word_1_209' title='bbox 440 1614 569 1664; x_wconf 89' lang='lat' dir='ltr'>amantes</span> <span class='ocrx_word' id='word_1_210' title='bbox 583 1609 660 1682; x_wconf 90' lang='lat' dir='ltr'>quod</span> <span class='ocrx_word' id='word_1_211' title='bbox 676 1609 887 1681; x_wconf 84' lang='lat' dir='ltr'>contempsistis</span> <span class='ocrx_word' id='word_1_212' title='bbox 908 1609 938 1665; x_wconf 91' lang='lat' dir='ltr'>in</span> <span class='ocrx_word' id='word_1_213' title='bbox 1245 1573 1284 1628; x_wconf 66' lang='lat' dir='ltr'><em>m</em></span> <span class='ocrx_word' id='word_1_214' title='bbox 1301 1572 1340 1628; x_wconf 61' lang='lat' dir='ltr'>“d</span> <span class='ocrx_word' id='word_1_215' title='bbox 1362 1575 1451 1628; x_wconf 57' lang='lat' dir='ltr'><strong><em>Deum</em></strong></span> <span class='ocrx_word' id='word_1_216' title='bbox 1464 1573 1593 1630; x_wconf 56' lang='lat' dir='ltr'><strong><em>meam·</em></strong></span> 
     </span>
     <span class='ocr_line' id='line_1_18' title="bbox 80 1694 1841 1770; baseline 0.002 -18"><span class='ocrx_word' id='word_1_217' title='bbox 80 1698 270 1769; x_wconf 84' lang='lat' dir='ltr'>amplexibus</span> <span class='ocrx_word' id='word_1_218' title='bbox 284 1698 380 1769; x_wconf 87' lang='lat' dir='ltr'>Regis,</span> <span class='ocrx_word' id='word_1_219' title='bbox 396 1715 461 1754; x_wconf 88' lang='lat' dir='ltr'>cnm</span> <span class='ocrx_word' id='word_1_220' title='bbox 478 1698 618 1754; x_wconf 88' lang='lat' dir='ltr'>rusticum</span> <span class='ocrx_word' id='word_1_221' title='bbox 632 1714 686 1770; x_wconf 92' lang='lat' dir='ltr'>pro</span> <span class='ocrx_word' id='word_1_222' title='bbox 702 1698 782 1770; x_wconf 89' lang='lat' dir='ltr'>regio</span> <span class='ocrx_word' id='word_1_223' title='bbox 793 1713 892 1753; x_wconf 89' lang='lat' dir='ltr'>amore</span> <span class='ocrx_word' id='word_1_224' title='bbox 907 1698 939 1753; x_wconf 90' lang='lat' dir='ltr'>in</span> <span class='ocrx_word' id='word_1_225' title='bbox 1028 1695 1061 1749; x_wconf 89' lang='lat' dir='ltr'>ln</span> <span class='ocrx_word' id='word_1_226' title='bbox 1075 1709 1142 1750; x_wconf 89' lang='lat' dir='ltr'>vera</span> <span class='ocrx_word' id='word_1_227' title='bbox 1165 1694 1275 1751; x_wconf 88' lang='lat' dir='ltr'>visione</span> <span class='ocrx_word' id='word_1_228' title='bbox 1302 1711 1401 1751; x_wconf 88' lang='lat' dir='ltr'>vocem</span> <span class='ocrx_word' id='word_1_229' title='bbox 1423 1695 1520 1753; x_wconf 86' lang='lat' dir='ltr'>audiri</span> <span class='ocrx_word' id='word_1_230' title='bbox 1538 1697 1601 1752; x_wconf 78' lang='lat' dir='ltr'>herc</span> <span class='ocrx_word' id='word_1_231' title='bbox 1619 1698 1769 1754; x_wconf 89' lang='lat' dir='ltr'>adversum</span> <span class='ocrx_word' id='word_1_232' title='bbox 1794 1701 1841 1755; x_wconf 90' lang='lat' dir='ltr'>in-</span> 
     </span>
     <span class='ocr_line' id='line_1_19' title="bbox 79 1781 1841 1860; baseline 0.001 -18"><span class='ocrx_word' id='word_1_233' title='bbox 79 1789 237 1858; x_wconf 85' lang='lat' dir='ltr'>amplexus</span> <span class='ocrx_word' id='word_1_234' title='bbox 266 1792 374 1842; x_wconf 91' lang='lat' dir='ltr'>vestros</span> <span class='ocrx_word' id='word_1_235' title='bbox 405 1787 521 1860; x_wconf 88' lang='lat' dir='ltr'>ponitis.</span> <span class='ocrx_word' id='word_1_236' title='bbox 547 1789 626 1844; x_wconf 89' lang='lat' dir='ltr'>Unde</span> <span class='ocrx_word' id='word_1_237' title='bbox 659 1787 851 1859; x_wconf 76' lang='lat' dir='ltr'>mulierque</span> <span class='ocrx_word' id='word_1_238' title='bbox 879 1803 938 1843; x_wconf 92' lang='lat' dir='ltr'>non</span> <span class='ocrx_word' id='word_1_239' title='bbox 989 1781 1082 1854; x_wconf 80' lang='lat' dir='ltr'>jurias</span> <span class='ocrx_word' id='word_1_240' title='bbox 1102 1799 1173 1856; x_wconf 89' lang='lat' dir='ltr'>quas</span> <span class='ocrx_word' id='word_1_241' title='bbox 1195 1789 1222 1840; x_wconf 92' lang='lat' dir='ltr'>et</span> <span class='ocrx_word' id='word_1_242' title='bbox 1250 1784 1413 1856; x_wconf 85' lang='lat' dir='ltr'>spirituales</span> <span class='ocrx_word' id='word_1_243' title='bbox 1435 1791 1464 1842; x_wconf 87' lang='lat' dir='ltr'>et</span> <span class='ocrx_word' id='word_1_244' title='bbox 1489 1787 1841 1860; x_wconf 79' lang='lat' dir='ltr'>saecularescoutrajusli-</span> 
     </span>
     <span class='ocr_line' id='line_1_20' title="bbox 79 1871 1842 1948; baseline 0.002 -20"><span class='ocrx_word' id='word_1_245' title='bbox 79 1878 145 1931; x_wconf 87' lang='lat' dir='ltr'>vult</span> <span class='ocrx_word' id='word_1_246' title='bbox 169 1877 277 1932; x_wconf 87' lang='lat' dir='ltr'>babere</span> <span class='ocrx_word' id='word_1_247' title='bbox 301 1877 476 1931; x_wconf 89' lang='lat' dir='ltr'>consortium</span> <span class='ocrx_word' id='word_1_248' title='bbox 508 1876 715 1946; x_wconf 73' lang='lat' dir='ltr'>cerneliensi,</span> <span class='ocrx_word' id='word_1_249' title='bbox 740 1892 799 1932; x_wconf 89' lang='lat' dir='ltr'>nou</span> <span class='ocrx_word' id='word_1_250' title='bbox 820 1877 858 1931; x_wconf 91' lang='lat' dir='ltr'>sit</span> <span class='ocrx_word' id='word_1_251' title='bbox 877 1877 938 1932; x_wconf 89' lang='lat' dir='ltr'>ullo</span> <span class='ocrx_word' id='word_1_252' title='bbox 991 1871 1063 1927; x_wconf 86' lang='lat' dir='ltr'>tiam</span> <span class='ocrx_word' id='word_1_253' title='bbox 1084 1872 1234 1944; x_wconf 89' lang='lat' dir='ltr'>proferunt</span> <span class='ocrx_word' id='word_1_254' title='bbox 1264 1873 1464 1930; x_wconf 86' lang='lat' dir='ltr'>dicentem:0</span> <span class='ocrx_word' id='word_1_255' title='bbox 1488 1875 1611 1947; x_wconf 87' lang='lat' dir='ltr'>justitia,</span> <span class='ocrx_word' id='word_1_256' title='bbox 1634 1882 1666 1931; x_wconf 94' lang='lat' dir='ltr'>tu</span> <span class='ocrx_word' id='word_1_257' title='bbox 1687 1878 1842 1948; x_wconf 89' lang='lat' dir='ltr'>peregrina</span> 
     </span>
     <span class='ocr_line' id='line_1_21' title="bbox 81 1961 1842 2038; baseline 0.001 -20"><span class='ocrx_word' id='word_1_258' title='bbox 81 1965 171 2019; x_wconf 88' lang='lat' dir='ltr'>modo</span> <span class='ocrx_word' id='word_1_259' title='bbox 184 1964 217 2018; x_wconf 90' lang='lat' dir='ltr'>in</span> <span class='ocrx_word' id='word_1_260' title='bbox 240 1969 349 2037; x_wconf 88' lang='lat' dir='ltr'>aperto,</span> <span class='ocrx_word' id='word_1_261' title='bbox 374 1963 443 2036; x_wconf 90' lang='lat' dir='ltr'>qnia</span> <span class='ocrx_word' id='word_1_262' title='bbox 471 1965 527 2020; x_wconf 81' lang='lat' dir='ltr'>lroc</span> <span class='ocrx_word' id='word_1_263' title='bbox 548 1981 606 2019; x_wconf 92' lang='lat' dir='ltr'>non</span> <span class='ocrx_word' id='word_1_264' title='bbox 625 1965 707 2020; x_wconf 87' lang='lat' dir='ltr'>decet</span> <span class='ocrx_word' id='word_1_265' title='bbox 730 1980 812 2032; x_wconf 90' lang='lat' dir='ltr'>eam;</span> <span class='ocrx_word' id='word_1_266' title='bbox 842 1965 891 2020; x_wconf 90' lang='lat' dir='ltr'>sed</span> <span class='ocrx_word' id='word_1_267' title='bbox 906 1964 937 2020; x_wconf 89' lang='lat' dir='ltr'>in</span> <span class='ocrx_word' id='word_1_268' title='bbox 991 1965 1021 2016; x_wconf 89' lang='lat' dir='ltr'>et</span> <span class='ocrx_word' id='word_1_269' title='bbox 1035 1961 1144 2018; x_wconf 86' lang='lat' dir='ltr'>advene</span> <span class='ocrx_word' id='word_1_270' title='bbox 1158 1979 1188 2018; x_wconf 89' lang='lat' dir='ltr'>es</span> <span class='ocrx_word' id='word_1_271' title='bbox 1200 1962 1232 2018; x_wconf 93' lang='lat' dir='ltr'>iu</span> <span class='ocrx_word' id='word_1_272' title='bbox 1253 1962 1366 2019; x_wconf 86' lang='lat' dir='ltr'>civitate</span> <span class='ocrx_word' id='word_1_273' title='bbox 1385 1961 1502 2019; x_wconf 90' lang='lat' dir='ltr'>iliorum</span> <span class='ocrx_word' id='word_1_274' title='bbox 1518 1965 1568 2037; x_wconf 89' lang='lat' dir='ltr'>qui</span> <span class='ocrx_word' id='word_1_275' title='bbox 1584 1964 1639 2021; x_wconf 89' lang='lat' dir='ltr'>sibi</span> <span class='ocrx_word' id='word_1_276' title='bbox 1664 1971 1842 2038; x_wconf 89' lang='lat' dir='ltr'>componunt</span> 
     </span>
     <span class='ocr_line' id='line_1_22' title="bbox 80 2050 1840 2125; baseline -0.001 -17"><span class='ocrx_word' id='word_1_277' title='bbox 80 2054 197 2108; x_wconf 79' lang='lat' dir='ltr'>orcirlto</span> <span class='ocrx_word' id='word_1_278' title='bbox 213 2069 334 2125; x_wconf 90' lang='lat' dir='ltr'>corpore</span> <span class='ocrx_word' id='word_1_279' title='bbox 349 2057 378 2109; x_wconf 89' lang='lat' dir='ltr'>et</span> <span class='ocrx_word' id='word_1_280' title='bbox 396 2058 495 2108; x_wconf 91' lang='lat' dir='ltr'>mente</span> <span class='ocrx_word' id='word_1_281' title='bbox 516 2053 595 2109; x_wconf 92' lang='lat' dir='ltr'>velut</span> <span class='ocrx_word' id='word_1_282' title='bbox 608 2054 742 2109; x_wconf 90' lang='lat' dir='ltr'>columba</span> <span class='ocrx_word' id='word_1_283' title='bbox 759 2053 790 2108; x_wconf 91' lang='lat' dir='ltr'>iu</span> <span class='ocrx_word' id='word_1_284' title='bbox 814 2069 937 2109; x_wconf 87' lang='lat' dir='ltr'>caverna</span> <span class='ocrx_word' id='word_1_285' title='bbox 990 2055 1020 2106; x_wconf 91' lang='lat' dir='ltr'>et</span> <span class='ocrx_word' id='word_1_286' title='bbox 1047 2050 1159 2123; x_wconf 87' lang='lat' dir='ltr'>eligunt</span> <span class='ocrx_word' id='word_1_287' title='bbox 1182 2052 1335 2124; x_wconf 88' lang='lat' dir='ltr'>parabolas</span> <span class='ocrx_word' id='word_1_288' title='bbox 1358 2053 1394 2108; x_wconf 90' lang='lat' dir='ltr'>de</span> <span class='ocrx_word' id='word_1_289' title='bbox 1423 2053 1518 2108; x_wconf 88' lang='lat' dir='ltr'>officio</span> <span class='ocrx_word' id='word_1_290' title='bbox 1539 2053 1663 2125; x_wconf 86' lang='lat' dir='ltr'>propriae</span> <span class='ocrx_word' id='word_1_291' title='bbox 1686 2054 1840 2111; x_wconf 90' lang='lat' dir='ltr'>voluntatis</span> 
     </span>
     <span class='ocr_line' id='line_1_23' title="bbox 79 2139 1840 2212; baseline 0.002 -18"><span class='ocrx_word' id='word_1_292' title='bbox 79 2145 213 2206; x_wconf 87' lang='lat' dir='ltr'>maneat,</span> <span class='ocrx_word' id='word_1_293' title='bbox 241 2156 362 2195; x_wconf 85' lang='lat' dir='ltr'>nesam</span> <span class='ocrx_word' id='word_1_294' title='bbox 395 2139 541 2212; x_wconf 87' lang='lat' dir='ltr'>accipiter,</span> <span class='ocrx_word' id='word_1_295' title='bbox 571 2139 678 2194; x_wconf 89' lang='lat' dir='ltr'>scilicet</span> <span class='ocrx_word' id='word_1_296' title='bbox 706 2139 797 2196; x_wconf 87' lang='lat' dir='ltr'>virilis</span> <span class='ocrx_word' id='word_1_297' title='bbox 821 2142 936 2196; x_wconf 86' lang='lat' dir='ltr'>animus</span> <span class='ocrx_word' id='word_1_298' title='bbox 989 2155 1058 2209; x_wconf 78' lang='lat' dir='ltr'>sne,</span> <span class='ocrx_word' id='word_1_299' title='bbox 1075 2156 1128 2196; x_wconf 87' lang='lat' dir='ltr'>nec</span> <span class='ocrx_word' id='word_1_300' title='bbox 1142 2139 1179 2196; x_wconf 88' lang='lat' dir='ltr'>ad</span> <span class='ocrx_word' id='word_1_301' title='bbox 1195 2146 1245 2197; x_wconf 88' lang='lat' dir='ltr'>tna</span> <span class='ocrx_word' id='word_1_302' title='bbox 1266 2140 1411 2212; x_wconf 86' lang='lat' dir='ltr'>mysteria,</span> <span class='ocrx_word' id='word_1_303' title='bbox 1433 2157 1486 2197; x_wconf 89' lang='lat' dir='ltr'>nec</span> <span class='ocrx_word' id='word_1_304' title='bbox 1513 2142 1549 2198; x_wconf 91' lang='lat' dir='ltr'>ad</span> <span class='ocrx_word' id='word_1_305' title='bbox 1578 2140 1734 2198; x_wconf 88' lang='lat' dir='ltr'>amicitiam</span> <span class='ocrx_word' id='word_1_306' title='bbox 1759 2147 1840 2198; x_wconf 85' lang='lat' dir='ltr'>tuem</span> 
     </span>
     <span class='ocr_line' id='line_1_24' title="bbox 79 2228 1841 2302; baseline 0.001 -18"><span class='ocrx_word' id='word_1_307' title='bbox 79 2229 217 2300; x_wconf 85' lang='lat' dir='ltr'>arripiat.</span> <span class='ocrx_word' id='word_1_308' title='bbox 241 2229 323 2284; x_wconf 83' lang='lat' dir='ltr'>Nunc</span> <span class='ocrx_word' id='word_1_309' title='bbox 342 2234 405 2284; x_wconf 92' lang='lat' dir='ltr'>tuo</span> <span class='ocrx_word' id='word_1_310' title='bbox 426 2229 521 2299; x_wconf 86' lang='lat' dir='ltr'>turba,</span> <span class='ocrx_word' id='word_1_311' title='bbox 536 2228 619 2284; x_wconf 87' lang='lat' dir='ltr'>citius</span> <span class='ocrx_word' id='word_1_312' title='bbox 646 2245 731 2300; x_wconf 90' lang='lat' dir='ltr'>surge</span> <span class='ocrx_word' id='word_1_313' title='bbox 754 2233 790 2284; x_wconf 75' lang='lat' dir='ltr'>esi</span> <span class='ocrx_word' id='word_1_314' title='bbox 811 2230 936 2302; x_wconf 91' lang='lat' dir='ltr'>primam</span> <span class='ocrx_word' id='word_1_315' title='bbox 989 2229 1214 2301; x_wconf 65' lang='lat' dir='ltr'>acceleratque</span> <span class='ocrx_word' id='word_1_316' title='bbox 1230 2235 1433 2301; x_wconf 87' lang='lat' dir='ltr'>espurpurata</span> <span class='ocrx_word' id='word_1_317' title='bbox 1454 2231 1546 2286; x_wconf 90' lang='lat' dir='ltr'>amica</span> <span class='ocrx_word' id='word_1_318' title='bbox 1572 2231 1659 2302; x_wconf 89' lang='lat' dir='ltr'>regis.</span> <span class='ocrx_word' id='word_1_319' title='bbox 1684 2231 1763 2287; x_wconf 88' lang='lat' dir='ltr'>Unde</span> <span class='ocrx_word' id='word_1_320' title='bbox 1781 2234 1841 2286; x_wconf 88' lang='lat' dir='ltr'>cla·</span> 
     </span>
     <span class='ocr_line' id='line_1_25' title="bbox 80 2317 1840 2392; baseline 0.001 -18"><span class='ocrx_word' id='word_1_321' title='bbox 80 2324 111 2374; x_wconf 92' lang='lat' dir='ltr'>et</span> <span class='ocrx_word' id='word_1_322' title='bbox 126 2319 166 2374; x_wconf 87' lang='lat' dir='ltr'>ad</span> <span class='ocrx_word' id='word_1_323' title='bbox 190 2319 320 2390; x_wconf 85' lang='lat' dir='ltr'>regalem</span> <span class='ocrx_word' id='word_1_324' title='bbox 335 2317 587 2390; x_wconf 88' lang='lat' dir='ltr'>desponsationem</span> <span class='ocrx_word' id='word_1_325' title='bbox 608 2318 697 2390; x_wconf 87' lang='lat' dir='ltr'>primi</span> <span class='ocrx_word' id='word_1_326' title='bbox 718 2323 747 2374; x_wconf 91' lang='lat' dir='ltr'>et</span> <span class='ocrx_word' id='word_1_327' title='bbox 769 2319 937 2392; x_wconf 87' lang='lat' dir='ltr'>principalis</span> <span class='ocrx_word' id='word_1_328' title='bbox 989 2333 1051 2372; x_wconf 90' lang='lat' dir='ltr'>mas</span> <span class='ocrx_word' id='word_1_329' title='bbox 1072 2322 1190 2389; x_wconf 87' lang='lat' dir='ltr'>propter</span> <span class='ocrx_word' id='word_1_330' title='bbox 1209 2322 1314 2373; x_wconf 89' lang='lat' dir='ltr'>sortem</span> <span class='ocrx_word' id='word_1_331' title='bbox 1333 2318 1414 2374; x_wconf 89' lang='lat' dir='ltr'>illam</span> <span class='ocrx_word' id='word_1_332' title='bbox 1436 2319 1464 2374; x_wconf 90' lang='lat' dir='ltr'>in</span> <span class='ocrx_word' id='word_1_333' title='bbox 1481 2335 1538 2391; x_wconf 87' lang='lat' dir='ltr'>qua</span> <span class='ocrx_word' id='word_1_334' title='bbox 1561 2335 1619 2376; x_wconf 91' lang='lat' dir='ltr'>non</span> <span class='ocrx_word' id='word_1_335' title='bbox 1646 2319 1767 2391; x_wconf 79' lang='lat' dir='ltr'>quiescit</span> <span class='ocrx_word' id='word_1_336' title='bbox 1781 2321 1840 2375; x_wconf 89' lang='lat' dir='ltr'>ulia</span> 
     </span>
     <span class='ocr_line' id='line_1_26' title="bbox 78 2406 1839 2480; baseline 0.002 -18"><span class='ocrx_word' id='word_1_337' title='bbox 78 2409 136 2463; x_wconf 88' lang='lat' dir='ltr'>viri</span> <span class='ocrx_word' id='word_1_338' title='bbox 154 2408 210 2463; x_wconf 87' lang='lat' dir='ltr'>tui.</span> <span class='ocrx_word' id='word_1_339' title='bbox 225 2409 288 2479; x_wconf 91' lang='lat' dir='ltr'>lpse</span> <span class='ocrx_word' id='word_1_340' title='bbox 302 2407 381 2463; x_wconf 90' lang='lat' dir='ltr'>enim</span> <span class='ocrx_word' id='word_1_341' title='bbox 400 2412 481 2462; x_wconf 88' lang='lat' dir='ltr'>vocet</span> <span class='ocrx_word' id='word_1_342' title='bbox 494 2411 532 2462; x_wconf 90' lang='lat' dir='ltr'>te.</span> <span class='ocrx_word' id='word_1_343' title='bbox 549 2407 678 2462; x_wconf 82' lang='lat' dir='ltr'>timenda</span> <span class='ocrx_word' id='word_1_344' title='bbox 692 2423 761 2479; x_wconf 92' lang='lat' dir='ltr'>ergo</span> <span class='ocrx_word' id='word_1_345' title='bbox 781 2412 810 2462; x_wconf 89' lang='lat' dir='ltr'>et</span> <span class='ocrx_word' id='word_1_346' title='bbox 823 2408 935 2480; x_wconf 89' lang='lat' dir='ltr'>corrige</span> <span class='ocrx_word' id='word_1_347' title='bbox 984 2406 1098 2479; x_wconf 81' lang='lat' dir='ltr'>justitia</span> <span class='ocrx_word' id='word_1_348' title='bbox 1128 2411 1157 2462; x_wconf 91' lang='lat' dir='ltr'>et</span> <span class='ocrx_word' id='word_1_349' title='bbox 1178 2406 1207 2462; x_wconf 90' lang='lat' dir='ltr'>ia</span> <span class='ocrx_word' id='word_1_350' title='bbox 1238 2407 1374 2462; x_wconf 83' lang='lat' dir='ltr'>aerumnis</span> <span class='ocrx_word' id='word_1_351' title='bbox 1402 2407 1486 2463; x_wconf 88' lang='lat' dir='ltr'>dicis:</span> <span class='ocrx_word' id='word_1_352' title='bbox 1513 2408 1599 2464; x_wconf 85' lang='lat' dir='ltr'>Valde</span> <span class='ocrx_word' id='word_1_353' title='bbox 1629 2409 1775 2477; x_wconf 88' lang='lat' dir='ltr'>erubesco,</span> <span class='ocrx_word' id='word_1_354' title='bbox 1800 2409 1839 2465; x_wconf 87' lang='lat' dir='ltr'>ita</span> 
     </span>
     <span class='ocr_line' id='line_1_27' title="bbox 79 2494 1837 2568; baseline 0.001 -18"><span class='ocrx_word' id='word_1_355' title='bbox 79 2497 163 2568; x_wconf 90' lang='lat' dir='ltr'>quod</span> <span class='ocrx_word' id='word_1_356' title='bbox 178 2497 263 2552; x_wconf 88' lang='lat' dir='ltr'>iilum</span> <span class='ocrx_word' id='word_1_357' title='bbox 287 2495 443 2563; x_wconf 81' lang='lat' dir='ltr'>offendisti,</span> <span class='ocrx_word' id='word_1_358' title='bbox 458 2501 488 2551; x_wconf 91' lang='lat' dir='ltr'>et</span> <span class='ocrx_word' id='word_1_359' title='bbox 511 2496 688 2568; x_wconf 75' lang='lat' dir='ltr'>susscipiette</span> <span class='ocrx_word' id='word_1_360' title='bbox 706 2496 739 2551; x_wconf 90' lang='lat' dir='ltr'>in</span> <span class='ocrx_word' id='word_1_361' title='bbox 752 2500 861 2552; x_wconf 75' lang='lat' dir='ltr'>aeterna</span> <span class='ocrx_word' id='word_1_362' title='bbox 875 2497 934 2552; x_wconf 90' lang='lat' dir='ltr'>sal·</span> <span class='ocrx_word' id='word_1_363' title='bbox 988 2496 1066 2568; x_wconf 89' lang='lat' dir='ltr'>quod</span> <span class='ocrx_word' id='word_1_364' title='bbox 1086 2494 1188 2550; x_wconf 89' lang='lat' dir='ltr'>faciem</span> <span class='ocrx_word' id='word_1_365' title='bbox 1211 2509 1306 2550; x_wconf 90' lang='lat' dir='ltr'>meam</span> <span class='ocrx_word' id='word_1_366' title='bbox 1329 2495 1382 2550; x_wconf 90' lang='lat' dir='ltr'>sub</span> <span class='ocrx_word' id='word_1_367' title='bbox 1405 2496 1494 2568; x_wconf 90' lang='lat' dir='ltr'>pallio</span> <span class='ocrx_word' id='word_1_368' title='bbox 1528 2512 1592 2551; x_wconf 91' lang='lat' dir='ltr'>meo</span> <span class='ocrx_word' id='word_1_369' title='bbox 1622 2496 1777 2567; x_wconf 90' lang='lat' dir='ltr'>abscondo,</span> <span class='ocrx_word' id='word_1_370' title='bbox 1801 2513 1837 2552; x_wconf 92' lang='lat' dir='ltr'>ne</span> 
     </span>
     <span class='ocr_line' id='line_1_28' title="bbox 80 2583 1838 2657; baseline 0.002 -20"><span class='ocrx_word' id='word_1_371' title='bbox 80 2583 348 2641; x_wconf 77' lang='lat' dir='ltr'>sationeetrives.</span> <span class='ocrx_word' id='word_1_372' title='bbox 987 2583 1061 2640; x_wconf 89' lang='lat' dir='ltr'>mihi</span> <span class='ocrx_word' id='word_1_373' title='bbox 1097 2583 1265 2640; x_wconf 87' lang='lat' dir='ltr'>insidiantes</span> <span class='ocrx_word' id='word_1_374' title='bbox 1306 2599 1353 2640; x_wconf 88' lang='lat' dir='ltr'>me</span> <span class='ocrx_word' id='word_1_375' title='bbox 1383 2583 1511 2652; x_wconf 74' lang='lat' dir='ltr'>rideant,</span> <span class='ocrx_word' id='word_1_376' title='bbox 1543 2585 1592 2640; x_wconf 91' lang='lat' dir='ltr'>sed</span> <span class='ocrx_word' id='word_1_377' title='bbox 1626 2585 1682 2657; x_wconf 92' lang='lat' dir='ltr'>ipsi</span> <span class='ocrx_word' id='word_1_378' title='bbox 1713 2585 1838 2642; x_wconf 86' lang='lat' dir='ltr'>dicunt:</span> 
     </span>
     <span class='ocr_line' id='line_1_29' title="bbox 365 2671 1837 2764; baseline 0.001 -38"><span class='ocrx_word' id='word_1_379' title='bbox 365 2708 532 2764; x_wconf 56' lang='lat' dir='ltr'><strong>EPISTULA</strong></span> <span class='ocrx_word' id='word_1_380' title='bbox 557 2709 644 2764; x_wconf 58' lang='lat' dir='ltr'>CXLI,</span> <span class='ocrx_word' id='word_1_381' title='bbox 987 2671 1184 2744; x_wconf 85' lang='lat' dir='ltr'>Quodcunque</span> <span class='ocrx_word' id='word_1_382' title='bbox 1208 2687 1241 2728; x_wconf 84' lang='lat' dir='ltr'>cx</span> <span class='ocrx_word' id='word_1_383' title='bbox 1266 2671 1350 2727; x_wconf 87' lang='lat' dir='ltr'>nobis</span> <span class='ocrx_word' id='word_1_384' title='bbox 1369 2679 1422 2740; x_wconf 87' lang='lat' dir='ltr'>est,</span> <span class='ocrx_word' id='word_1_385' title='bbox 1452 2672 1586 2728; x_wconf 91' lang='lat' dir='ltr'>omnibus</span> <span class='ocrx_word' id='word_1_386' title='bbox 1613 2673 1737 2745; x_wconf 86' lang='lat' dir='ltr'>prodest.</span> <span class='ocrx_word' id='word_1_387' title='bbox 1758 2675 1837 2738; x_wconf 80' lang='lat' dir='ltr'>Orra-</span> 
     </span>
     <span class='ocr_line' id='line_1_30' title="bbox 648 2750 1836 2834; baseline 0.001 -18"><span class='ocrx_word' id='word_1_388' title='bbox 648 2750 655 2763; x_wconf 74' lang='grc'><strong><em>’</em></strong></span> <span class='ocrx_word' id='word_1_389' title='bbox 987 2766 1116 2833; x_wconf 88' lang='lat' dir='ltr'>propter,</span> <span class='ocrx_word' id='word_1_390' title='bbox 1132 2759 1283 2832; x_wconf 87' lang='lat' dir='ltr'>ojustitia‚</span> <span class='ocrx_word' id='word_1_391' title='bbox 1300 2776 1438 2832; x_wconf 87' lang='lat' dir='ltr'>maguum</span> <span class='ocrx_word' id='word_1_392' title='bbox 1454 2762 1547 2816; x_wconf 88' lang='lat' dir='ltr'>zelum</span> <span class='ocrx_word' id='word_1_393' title='bbox 1573 2762 1669 2829; x_wconf 89' lang='lat' dir='ltr'>babes,</span> <span class='ocrx_word' id='word_1_394' title='bbox 1695 2760 1734 2816; x_wconf 90' lang='lat' dir='ltr'>ita</span> <span class='ocrx_word' id='word_1_395' title='bbox 1760 2763 1836 2834; x_wconf 93' lang='lat' dir='ltr'>quod</span> 
     </span>
     <span class='ocr_line' id='line_1_31' title="bbox 953 2849 1836 2921; baseline 0 -17"><span class='ocrx_word' id='word_1_396' title='bbox 953 2865 1055 2918; x_wconf 79' lang='lat' dir='ltr'>graus</span> <span class='ocrx_word' id='word_1_397' title='bbox 1083 2849 1186 2921; x_wconf 89' lang='lat' dir='ltr'>judicii</span> <span class='ocrx_word' id='word_1_398' title='bbox 1219 2855 1262 2904; x_wconf 85' lang='lat' dir='ltr'>est</span> <span class='ocrx_word' id='word_1_399' title='bbox 1296 2850 1347 2921; x_wconf 89' lang='lat' dir='ltr'>qui</span> <span class='ocrx_word' id='word_1_400' title='bbox 1370 2849 1424 2904; x_wconf 89' lang='lat' dir='ltr'>tibi</span> <span class='ocrx_word' id='word_1_401' title='bbox 1458 2850 1572 2905; x_wconf 87' lang='lat' dir='ltr'>resistit.</span> <span class='ocrx_word' id='word_1_402' title='bbox 1600 2851 1634 2905; x_wconf 80' lang='lat' dir='ltr'>ut</span> <span class='ocrx_word' id='word_1_403' title='bbox 1660 2850 1766 2906; x_wconf 89' lang='lat' dir='ltr'>iterum</span> <span class='ocrx_word' id='word_1_404' title='bbox 1805 2851 1836 2905; x_wconf 91' lang='lat' dir='ltr'>in</span> 
     </span>
     <span class='ocr_line' id='line_1_32' title="bbox 987 2936 1837 3004; baseline -0.001 -12"><span class='ocrx_word' id='word_1_405' title='bbox 987 2937 1125 2992; x_wconf 80' lang='lat' dir='ltr'>erumnis</span> <span class='ocrx_word' id='word_1_406' title='bbox 1149 2936 1243 2992; x_wconf 90' lang='lat' dir='ltr'>dicis:</span> <span class='ocrx_word' id='word_1_407' title='bbox 1268 2937 1348 2992; x_wconf 89' lang='lat' dir='ltr'>Unde</span> <span class='ocrx_word' id='word_1_408' title='bbox 1377 2937 1479 2993; x_wconf 81' lang='lat' dir='ltr'>venis?</span> <span class='ocrx_word' id='word_1_409' title='bbox 1515 2939 1554 2992; x_wconf 86' lang='lat' dir='ltr'>De</span> <span class='ocrx_word' id='word_1_410' title='bbox 1587 2937 1652 2992; x_wconf 87' lang='lat' dir='ltr'>sinu</span> <span class='ocrx_word' id='word_1_411' title='bbox 1677 2937 1777 3004; x_wconf 88' lang='lat' dir='ltr'>Patris,</span> <span class='ocrx_word' id='word_1_412' title='bbox 1808 2943 1837 2992; x_wconf 90' lang='lat' dir='ltr'>et</span> 
     </span>
    </p>
   </div>
   <div class='ocr_carea' id='block_1_3' title="bbox 80 3005 1836 3185">
    <p class='ocr_par' dir='ltr' id='par_1_3' title="bbox 80 3005 1836 3185">
     <span class='ocr_line' id='line_1_33' title="bbox 80 3005 1836 3096; baseline 0.001 -16"><span class='ocrx_word' id='word_1_413' title='bbox 80 3009 308 3080; x_wconf 58' lang='lat' dir='ltr'>emim?</span> <span class='ocrx_word' id='word_1_414' title='bbox 328 3005 405 3078; x_wconf 63' lang='grc' dir='ltr'><em>Μ</em></span> <span class='ocrx_word' id='word_1_415' title='bbox 430 3006 510 3078; x_wconf 64' lang='lat' dir='ltr'>“W</span> <span class='ocrx_word' id='word_1_416' title='bbox 529 3005 609 3079; x_wconf 63' lang='lat' dir='ltr'>illm</span> <span class='ocrx_word' id='word_1_417' title='bbox 635 3007 758 3064; x_wconf 57' lang='lat' dir='ltr'>‘dmm</span> <span class='ocrx_word' id='word_1_418' title='bbox 781 3005 855 3079; x_wconf 51' lang='grc' dir='ltr'>ιῬΜ</span> <span class='ocrx_word' id='word_1_419' title='bbox 876 3024 934 3062; x_wconf 69' lang='lat' dir='ltr'>mn</span> <span class='ocrx_word' id='word_1_420' title='bbox 987 3041 1088 3081; x_wconf 86' lang='lat' dir='ltr'>omues</span> <span class='ocrx_word' id='word_1_421' title='bbox 1111 3025 1243 3096; x_wconf 86' lang='lat' dir='ltr'>regiones</span> <span class='ocrx_word' id='word_1_422' title='bbox 1271 3040 1384 3080; x_wconf 89' lang='lat' dir='ltr'>mecum</span> <span class='ocrx_word' id='word_1_423' title='bbox 1414 3024 1538 3080; x_wconf 82' lang='lat' dir='ltr'>collectae</span> <span class='ocrx_word' id='word_1_424' title='bbox 1565 3030 1645 3094; x_wconf 90' lang='lat' dir='ltr'>sunl;</span> <span class='ocrx_word' id='word_1_425' title='bbox 1661 3026 1710 3082; x_wconf 88' lang='lat' dir='ltr'>sed</span> <span class='ocrx_word' id='word_1_426' title='bbox 1735 3032 1763 3082; x_wconf 85' lang='lat' dir='ltr'>et</span> <span class='ocrx_word' id='word_1_427' title='bbox 1787 3027 1836 3082; x_wconf 90' lang='lat' dir='ltr'>ubi</span> 
     </span>
     <span class='ocr_line' id='line_1_34' title="bbox 112 3094 1836 3185; baseline 0.001 -18"><span class='ocrx_word' id='word_1_428' title='bbox 112 3094 272 3164; x_wconf 56' lang='lat' dir='ltr'>mfflffls</span> <span class='ocrx_word' id='word_1_429' title='bbox 290 3111 344 3150; x_wconf 72' lang='lat'>²⁸²⁶</span> <span class='ocrx_word' id='word_1_430' title='bbox 362 3094 581 3151; x_wconf 61' lang='lat' dir='ltr'>mmmmm</span> <span class='ocrx_word' id='word_1_431' title='bbox 601 3095 687 3150; x_wconf 72' lang='lat'><strong><em>”⁶7⁶⁰</em></strong></span> <span class='ocrx_word' id='word_1_432' title='bbox 707 3094 896 3152; x_wconf 43' lang='lat' dir='ltr'>‘mmai</span> <span class='ocrx_word' id='word_1_433' title='bbox 987 3114 1087 3185; x_wconf 79' lang='lat' dir='ltr'>positae</span> <span class='ocrx_word' id='word_1_434' title='bbox 1111 3119 1178 3169; x_wconf 88' lang='lat' dir='ltr'>suut</span> <span class='ocrx_word' id='word_1_435' title='bbox 1201 3129 1302 3168; x_wconf 92' lang='lat' dir='ltr'>omnes</span> <span class='ocrx_word' id='word_1_436' title='bbox 1327 3119 1444 3168; x_wconf 86' lang='lat' dir='ltr'>staturae</span> <span class='ocrx_word' id='word_1_437' title='bbox 1467 3114 1650 3185; x_wconf 89' lang='lat' dir='ltr'>populorum,</span> <span class='ocrx_word' id='word_1_438' title='bbox 1676 3131 1708 3170; x_wconf 89' lang='lat' dir='ltr'>ac</span> <span class='ocrx_word' id='word_1_439' title='bbox 1739 3116 1836 3170; x_wconf 89' lang='lat' dir='ltr'>omnia</span> 
     </span>
    </p>
   </div>
   <div class='ocr_carea' id='block_1_4' title="bbox 80 2829 934 2958">
    <p class='ocr_par' dir='ltr' id='par_1_4' title="bbox 80 2829 934 2958">
     <span class='ocr_line' id='line_1_35' title="bbox 80 2829 934 2870; baseline 0.001 -1"><span class='ocrx_word' id='word_1_440' title='bbox 80 2832 107 2870; x_wconf 75' lang='grc' dir='ltr'>Α.</span> <span class='ocrx_word' id='word_1_441' title='bbox 129 2829 238 2869; x_wconf 72' lang='lat' dir='ltr'>Paloura</span> <span class='ocrx_word' id='word_1_442' title='bbox 269 2829 302 2868; x_wconf 73' lang='grc' dir='ltr'><strong>Π</strong></span> <span class='ocrx_word' id='word_1_443' title='bbox 334 2829 494 2870; x_wconf 69' lang='lat' dir='ltr'>convenius</span> <span class='ocrx_word' id='word_1_444' title='bbox 525 2831 559 2868; x_wconf 75' lang='lat' dir='ltr'>Db*</span> <span class='ocrx_word' id='word_1_445' title='bbox 591 2829 683 2870; x_wconf 67' lang='lat' dir='ltr'>nourr</span> <span class='ocrx_word' id='word_1_446' title='bbox 700 2829 724 2869; x_wconf 71' lang='grc'>8.</span> <span class='ocrx_word' id='word_1_447' title='bbox 758 2829 880 2869; x_wconf 81' lang='lat' dir='ltr'>uusluotu</span> <span class='ocrx_word' id='word_1_448' title='bbox 899 2831 934 2870; x_wconf 78' lang='lat' dir='ltr'>nu</span> 
     </span>
     <span class='ocr_line' id='line_1_36' title="bbox 403 2916 614 2958; baseline 0.005 -3"><span class='ocrx_word' id='word_1_449' title='bbox 403 2916 614 2958; x_wconf 69' lang='lat' dir='ltr'>subnectantur.</span> 
     </span>
    </p>
   </div>
   <div class='ocr_carea' id='block_1_5' title="bbox 80 3201 1838 5492">
    <p class='ocr_par' dir='ltr' id='par_1_5' title="bbox 80 3201 1836 3628">
     <span class='ocr_line' id='line_1_37' title="bbox 115 3201 1834 3274; baseline -0.001 -14"><span class='ocrx_word' id='word_1_450' title='bbox 115 3207 299 3260; x_wconf 70' lang='lat' dir='ltr'>Hiberorum</span> <span class='ocrx_word' id='word_1_451' title='bbox 321 3201 415 3274; x_wconf 85' lang='lat' dir='ltr'>gratia</span> <span class='ocrx_word' id='word_1_452' title='bbox 437 3201 560 3273; x_wconf 88' lang='lat' dir='ltr'>Spiritus</span> <span class='ocrx_word' id='word_1_453' title='bbox 586 3201 677 3256; x_wconf 86' lang='lat' dir='ltr'>sancti</span> <span class='ocrx_word' id='word_1_454' title='bbox 711 3201 859 3257; x_wconf 89' lang='lat' dir='ltr'>verissime</span> <span class='ocrx_word' id='word_1_455' title='bbox 886 3218 933 3257; x_wconf 90' lang='lat' dir='ltr'>re-</span> <span class='ocrx_word' id='word_1_456' title='bbox 986 3201 1118 3257; x_wconf 88' lang='lat' dir='ltr'>institnta</span> <span class='ocrx_word' id='word_1_457' title='bbox 1133 3202 1364 3273; x_wconf 88' lang='lat' dir='ltr'>generationum,</span> <span class='ocrx_word' id='word_1_458' title='bbox 1383 3203 1422 3259; x_wconf 91' lang='lat' dir='ltr'>ibi</span> <span class='ocrx_word' id='word_1_459' title='bbox 1438 3203 1606 3271; x_wconf 87' lang='lat' dir='ltr'>aderam,et</span> <span class='ocrx_word' id='word_1_460' title='bbox 1632 3205 1672 3258; x_wconf 89' lang='lat' dir='ltr'>sic</span> <span class='ocrx_word' id='word_1_461' title='bbox 1694 3205 1834 3260; x_wconf 74' lang='lat' dir='ltr'>columnae</span> 
     </span>
     <span class='ocr_line' id='line_1_38' title="bbox 80 3289 1836 3364; baseline 0 -16"><span class='ocrx_word' id='word_1_462' title='bbox 80 3292 179 3364; x_wconf 79' lang='lat' dir='ltr'>pletas,</span> <span class='ocrx_word' id='word_1_463' title='bbox 199 3294 234 3346; x_wconf 78' lang='lat' dir='ltr'>A.</span> <span class='ocrx_word' id='word_1_464' title='bbox 251 3291 410 3346; x_wconf 89' lang='lat' dir='ltr'>monachus</span> <span class='ocrx_word' id='word_1_465' title='bbox 424 3289 562 3362; x_wconf 90' lang='lat' dir='ltr'>indignus</span> <span class='ocrx_word' id='word_1_466' title='bbox 577 3295 606 3346; x_wconf 89' lang='lat' dir='ltr'>et</span> <span class='ocrx_word' id='word_1_467' title='bbox 630 3290 709 3362; x_wconf 91' lang='lat' dir='ltr'>prior</span> <span class='ocrx_word' id='word_1_468' title='bbox 731 3290 767 3346; x_wconf 92' lang='lat' dir='ltr'>de</span> <span class='ocrx_word' id='word_1_469' title='bbox 794 3291 887 3346; x_wconf 76' lang='lat' dir='ltr'>Monte</span> <span class='ocrx_word' id='word_1_470' title='bbox 902 3291 931 3347; x_wconf 87' lang='lat' dir='ltr'>S.</span> <span class='ocrx_word' id='word_1_471' title='bbox 987 3291 1072 3345; x_wconf 87' lang='lat' dir='ltr'>uubis</span> <span class='ocrx_word' id='word_1_472' title='bbox 1085 3290 1115 3345; x_wconf 92' lang='lat' dir='ltr'>in</span> <span class='ocrx_word' id='word_1_473' title='bbox 1137 3306 1183 3345; x_wconf 90' lang='lat' dir='ltr'>me</span> <span class='ocrx_word' id='word_1_474' title='bbox 1207 3295 1306 3346; x_wconf 80' lang='lat' dir='ltr'>erecte</span> <span class='ocrx_word' id='word_1_475' title='bbox 1323 3296 1400 3346; x_wconf 90' lang='lat' dir='ltr'>sunt.</span> <span class='ocrx_word' id='word_1_476' title='bbox 1419 3291 1500 3346; x_wconf 84' lang='lat' dir='ltr'>Nunc</span> <span class='ocrx_word' id='word_1_477' title='bbox 1515 3297 1611 3347; x_wconf 74' lang='lat' dir='ltr'>alitem</span> <span class='ocrx_word' id='word_1_478' title='bbox 1639 3307 1702 3347; x_wconf 92' lang='lat' dir='ltr'>sum</span> <span class='ocrx_word' id='word_1_479' title='bbox 1718 3293 1836 3349; x_wconf 71' lang='lat' dir='ltr'>tedium</span> 
     </span>
     <span class='ocr_line' id='line_1_39' title="bbox 82 3377 1835 3450; baseline -0.003 -13"><span class='ocrx_word' id='word_1_480' title='bbox 82 3380 217 3437; x_wconf 85' lang='lat' dir='ltr'>besibodi</span> <span class='ocrx_word' id='word_1_481' title='bbox 238 3395 305 3435; x_wconf 90' lang='lat' dir='ltr'>cum</span> <span class='ocrx_word' id='word_1_482' title='bbox 328 3380 464 3435; x_wconf 87' lang='lat' dir='ltr'>fratribus</span> <span class='ocrx_word' id='word_1_483' title='bbox 478 3380 608 3450; x_wconf 85' lang='lat' dir='ltr'>ejusdem</span> <span class='ocrx_word' id='word_1_484' title='bbox 632 3379 699 3449; x_wconf 92' lang='lat' dir='ltr'>loci,</span> <span class='ocrx_word' id='word_1_485' title='bbox 720 3379 756 3434; x_wconf 88' lang='lat' dir='ltr'>de</span> <span class='ocrx_word' id='word_1_486' title='bbox 776 3380 881 3434; x_wconf 70' lang='lat' dir='ltr'>munte</span> <span class='ocrx_word' id='word_1_487' title='bbox 903 3379 933 3435; x_wconf 90' lang='lat' dir='ltr'>in</span> <span class='ocrx_word' id='word_1_488' title='bbox 986 3377 1113 3444; x_wconf 90' lang='lat' dir='ltr'>illorum,</span> <span class='ocrx_word' id='word_1_489' title='bbox 1140 3377 1234 3450; x_wconf 89' lang='lat' dir='ltr'>quiin</span> <span class='ocrx_word' id='word_1_490' title='bbox 1259 3379 1353 3449; x_wconf 89' lang='lat' dir='ltr'>prima</span> <span class='ocrx_word' id='word_1_491' title='bbox 1369 3378 1463 3434; x_wconf 88' lang='lat' dir='ltr'>radice</span> <span class='ocrx_word' id='word_1_492' title='bbox 1478 3379 1568 3434; x_wconf 94' lang='lat' dir='ltr'>inme</span> <span class='ocrx_word' id='word_1_493' title='bbox 1589 3379 1644 3434; x_wconf 89' lang='lat' dir='ltr'>orti</span> <span class='ocrx_word' id='word_1_494' title='bbox 1668 3384 1744 3434; x_wconf 90' lang='lat' dir='ltr'>suut.</span> <span class='ocrx_word' id='word_1_495' title='bbox 1761 3380 1835 3445; x_wconf 84' lang='lat' dir='ltr'>Qua·</span> 
     </span>
     <span class='ocr_line' id='line_1_40' title="bbox 80 3466 1836 3539; baseline -0.001 -15"><span class='ocrx_word' id='word_1_496' title='bbox 80 3471 221 3524; x_wconf 80' lang='lat' dir='ltr'>virtutem</span> <span class='ocrx_word' id='word_1_497' title='bbox 243 3469 407 3536; x_wconf 86' lang='lat' dir='ltr'>ascendere,</span> <span class='ocrx_word' id='word_1_498' title='bbox 431 3472 460 3524; x_wconf 89' lang='lat' dir='ltr'>et</span> <span class='ocrx_word' id='word_1_499' title='bbox 485 3468 574 3523; x_wconf 86' lang='lat' dir='ltr'>ileum</span> <span class='ocrx_word' id='word_1_500' title='bbox 604 3469 725 3524; x_wconf 89' lang='lat' dir='ltr'>deorum</span> <span class='ocrx_word' id='word_1_501' title='bbox 748 3467 778 3523; x_wconf 91' lang='lat' dir='ltr'>in</span> <span class='ocrx_word' id='word_1_502' title='bbox 801 3467 870 3523; x_wconf 88' lang='lat' dir='ltr'>Sion</span> <span class='ocrx_word' id='word_1_503' title='bbox 895 3468 935 3522; x_wconf 87' lang='lat' dir='ltr'>vi·</span> <span class='ocrx_word' id='word_1_504' title='bbox 986 3473 1106 3539; x_wconf 86' lang='lat' dir='ltr'>propter</span> <span class='ocrx_word' id='word_1_505' title='bbox 1125 3473 1280 3538; x_wconf 88' lang='lat' dir='ltr'>antequam</span> <span class='ocrx_word' id='word_1_506' title='bbox 1300 3467 1331 3521; x_wconf 89' lang='lat' dir='ltr'>in</span> <span class='ocrx_word' id='word_1_507' title='bbox 1353 3466 1398 3522; x_wconf 78' lang='lat' dir='ltr'>bis</span> <span class='ocrx_word' id='word_1_508' title='bbox 1420 3467 1533 3522; x_wconf 88' lang='lat' dir='ltr'>doleam</span> <span class='ocrx_word' id='word_1_509' title='bbox 1557 3473 1675 3539; x_wconf 88' lang='lat' dir='ltr'>propter</span> <span class='ocrx_word' id='word_1_510' title='bbox 1697 3469 1836 3539; x_wconf 88' lang='lat' dir='ltr'>ignoran-</span> 
     </span>
     <span class='ocr_line' id='line_1_41' title="bbox 82 3556 1836 3628; baseline -0.001 -14"><span class='ocrx_word' id='word_1_511' title='bbox 82 3560 162 3614; x_wconf 91' lang='lat' dir='ltr'>dere.</span> <span class='ocrx_word' id='word_1_512' title='bbox 986 3556 1057 3611; x_wconf 88' lang='lat' dir='ltr'>tiam</span> <span class='ocrx_word' id='word_1_513' title='bbox 1090 3557 1263 3628; x_wconf 90' lang='lat' dir='ltr'>populorum</span> <span class='ocrx_word' id='word_1_514' title='bbox 1288 3556 1411 3627; x_wconf 89' lang='lat' dir='ltr'>suspiro,</span> <span class='ocrx_word' id='word_1_515' title='bbox 1435 3563 1465 3612; x_wconf 90' lang='lat' dir='ltr'>et</span> <span class='ocrx_word' id='word_1_516' title='bbox 1496 3561 1634 3628; x_wconf 87' lang='lat' dir='ltr'>tanquam</span> <span class='ocrx_word' id='word_1_517' title='bbox 1664 3559 1836 3614; x_wconf 86' lang='lat' dir='ltr'>inundantes</span> 
     </span>
    </p>

    <p class='ocr_par' dir='ltr' id='par_1_6' title="bbox 82 3644 1838 5492">
     <span class='ocr_line' id='line_1_42' title="bbox 116 3644 1833 3718; baseline -0.002 -15"><span class='ocrx_word' id='word_1_518' title='bbox 116 3651 190 3703; x_wconf 84' lang='lat' dir='ltr'>Cum</span> <span class='ocrx_word' id='word_1_519' title='bbox 217 3647 248 3701; x_wconf 91' lang='lat' dir='ltr'>in</span> <span class='ocrx_word' id='word_1_520' title='bbox 275 3651 387 3702; x_wconf 86' lang='lat' dir='ltr'>exteras</span> <span class='ocrx_word' id='word_1_521' title='bbox 416 3646 548 3718; x_wconf 77' lang='lat' dir='ltr'>regiones</span> <span class='ocrx_word' id='word_1_522' title='bbox 572 3646 660 3700; x_wconf 87' lang='lat' dir='ltr'>verba</span> <span class='ocrx_word' id='word_1_523' title='bbox 699 3644 932 3701; x_wconf 88' lang='lat' dir='ltr'>admonitionum</span> <span class='ocrx_word' id='word_1_524' title='bbox 986 3660 1069 3717; x_wconf 79' lang='lat' dir='ltr'>aque</span> <span class='ocrx_word' id='word_1_525' title='bbox 1088 3645 1129 3699; x_wconf 88' lang='lat' dir='ltr'>sic</span> <span class='ocrx_word' id='word_1_526' title='bbox 1154 3644 1266 3716; x_wconf 80' lang='lat' dir='ltr'>rugitus</span> <span class='ocrx_word' id='word_1_527' title='bbox 1281 3659 1361 3700; x_wconf 85' lang='lat' dir='ltr'>meus</span> <span class='ocrx_word' id='word_1_528' title='bbox 1387 3644 1418 3699; x_wconf 92' lang='lat' dir='ltr'>in</span> <span class='ocrx_word' id='word_1_529' title='bbox 1442 3645 1498 3699; x_wconf 89' lang='lat' dir='ltr'>sita</span> <span class='ocrx_word' id='word_1_530' title='bbox 1522 3661 1591 3702; x_wconf 91' lang='lat' dir='ltr'>voce</span> <span class='ocrx_word' id='word_1_531' title='bbox 1612 3646 1722 3701; x_wconf 89' lang='lat' dir='ltr'>sonitus</span> <span class='ocrx_word' id='word_1_532' title='bbox 1743 3664 1833 3718; x_wconf 87' lang='lat' dir='ltr'>aqua·</span> 
     </span>
     <span class='ocr_line' id='line_1_43' title="bbox 83 3732 1836 3808; baseline -0.001 -18"><span class='ocrx_word' id='word_1_533' title='bbox 83 3744 245 3792; x_wconf 84' lang='lat' dir='ltr'>vestrarum</span> <span class='ocrx_word' id='word_1_534' title='bbox 269 3736 399 3802; x_wconf 89' lang='lat' dir='ltr'>mittatis,</span> <span class='ocrx_word' id='word_1_535' title='bbox 428 3739 458 3792; x_wconf 92' lang='lat' dir='ltr'>et</span> <span class='ocrx_word' id='word_1_536' title='bbox 496 3732 725 3808; x_wconf 85' lang='lat' dir='ltr'>quamplurimos</span> <span class='ocrx_word' id='word_1_537' title='bbox 750 3733 826 3788; x_wconf 88' lang='lat' dir='ltr'>viam</span> <span class='ocrx_word' id='word_1_538' title='bbox 846 3733 932 3788; x_wconf 88' lang='lat' dir='ltr'>recti·</span> <span class='ocrx_word' id='word_1_539' title='bbox 987 3747 1051 3786; x_wconf 81' lang='lat' dir='ltr'>uim</span> <span class='ocrx_word' id='word_1_540' title='bbox 1070 3734 1235 3799; x_wconf 88' lang='lat' dir='ltr'>muitarum,</span> <span class='ocrx_word' id='word_1_541' title='bbox 1256 3738 1374 3804; x_wconf 90' lang='lat' dir='ltr'>propter</span> <span class='ocrx_word' id='word_1_542' title='bbox 1404 3732 1583 3787; x_wconf 86' lang='lat' dir='ltr'>nimietatem</span> <span class='ocrx_word' id='word_1_543' title='bbox 1611 3735 1762 3788; x_wconf 87' lang='lat' dir='ltr'>stultorum</span> <span class='ocrx_word' id='word_1_544' title='bbox 1787 3736 1836 3790; x_wconf 90' lang='lat' dir='ltr'>bo-</span> 
     </span>
     <span class='ocr_line' id='line_1_44' title="bbox 82 3819 1835 3894; baseline -0.003 -13"><span class='ocrx_word' id='word_1_545' title='bbox 82 3825 192 3881; x_wconf 88' lang='lat' dir='ltr'>ludinis</span> <span class='ocrx_word' id='word_1_546' title='bbox 215 3824 379 3880; x_wconf 85' lang='lat' dir='ltr'>desiderare</span> <span class='ocrx_word' id='word_1_547' title='bbox 401 3825 521 3893; x_wconf 89' lang='lat' dir='ltr'>faciatis,</span> <span class='ocrx_word' id='word_1_548' title='bbox 546 3839 597 3878; x_wconf 90' lang='lat' dir='ltr'>nos</span> <span class='ocrx_word' id='word_1_549' title='bbox 621 3822 671 3894; x_wconf 91' lang='lat' dir='ltr'>qni</span> <span class='ocrx_word' id='word_1_550' title='bbox 699 3837 748 3877; x_wconf 89' lang='lat' dir='ltr'>vos</span> <span class='ocrx_word' id='word_1_551' title='bbox 768 3822 827 3878; x_wconf 88' lang='lat' dir='ltr'>fere</span> <span class='ocrx_word' id='word_1_552' title='bbox 850 3837 932 3876; x_wconf 82' lang='lat' dir='ltr'>acri·</span> <span class='ocrx_word' id='word_1_553' title='bbox 986 3823 1098 3877; x_wconf 90' lang='lat' dir='ltr'>minum</span> <span class='ocrx_word' id='word_1_554' title='bbox 1123 3821 1153 3875; x_wconf 90' lang='lat' dir='ltr'>in</span> <span class='ocrx_word' id='word_1_555' title='bbox 1176 3819 1344 3891; x_wconf 81' lang='lat' dir='ltr'>garrulitate</span> <span class='ocrx_word' id='word_1_556' title='bbox 1368 3837 1483 3875; x_wconf 92' lang='lat' dir='ltr'>morum</span> <span class='ocrx_word' id='word_1_557' title='bbox 1510 3821 1651 3891; x_wconf 88' lang='lat' dir='ltr'>ipsorum,</span> <span class='ocrx_word' id='word_1_558' title='bbox 1667 3825 1695 3876; x_wconf 91' lang='lat' dir='ltr'>et</span> <span class='ocrx_word' id='word_1_559' title='bbox 1714 3821 1745 3877; x_wconf 91' lang='lat' dir='ltr'>in</span> <span class='ocrx_word' id='word_1_560' title='bbox 1761 3826 1835 3876; x_wconf 89' lang='lat' dir='ltr'>stre-</span> 
     </span>
     <span class='ocr_line' id='line_1_45' title="bbox 83 3909 1835 3985; baseline -0.002 -16"><span class='ocrx_word' id='word_1_561' title='bbox 83 3914 198 3969; x_wconf 87' lang='lat' dir='ltr'>nabnlis</span> <span class='ocrx_word' id='word_1_562' title='bbox 221 3913 365 3979; x_wconf 84' lang='lat' dir='ltr'>norimus,</span> <span class='ocrx_word' id='word_1_563' title='bbox 383 3918 413 3968; x_wconf 90' lang='lat' dir='ltr'>et</span> <span class='ocrx_word' id='word_1_564' title='bbox 434 3913 511 3985; x_wconf 90' lang='lat' dir='ltr'>apud</span> <span class='ocrx_word' id='word_1_565' title='bbox 527 3928 599 3984; x_wconf 90' lang='lat' dir='ltr'>quos</span> <span class='ocrx_word' id='word_1_566' title='bbox 621 3927 674 3982; x_wconf 88' lang='lat' dir='ltr'>per</span> <span class='ocrx_word' id='word_1_567' title='bbox 689 3911 829 3983; x_wconf 88' lang='lat' dir='ltr'>plurimos</span> <span class='ocrx_word' id='word_1_568' title='bbox 840 3926 932 3966; x_wconf 86' lang='lat' dir='ltr'>annos</span> <span class='ocrx_word' id='word_1_569' title='bbox 986 3910 1048 3983; x_wconf 87' lang='lat' dir='ltr'>pitu</span> <span class='ocrx_word' id='word_1_570' title='bbox 1081 3909 1278 3965; x_wconf 87' lang='lat' dir='ltr'>inhonestatis.</span> <span class='ocrx_word' id='word_1_571' title='bbox 1311 3911 1362 3976; x_wconf 92' lang='lat' dir='ltr'>lle,</span> <span class='ocrx_word' id='word_1_572' title='bbox 1386 3910 1472 3978; x_wconf 92' lang='lat' dir='ltr'>be,o</span> <span class='ocrx_word' id='word_1_573' title='bbox 1501 3909 1615 3982; x_wconf 81' lang='lat' dir='ltr'>aquilas,</span> <span class='ocrx_word' id='word_1_574' title='bbox 1642 3925 1706 3983; x_wconf 80' lang='lat' dir='ltr'>quan</span> <span class='ocrx_word' id='word_1_575' title='bbox 1738 3909 1767 3966; x_wconf 91' lang='lat' dir='ltr'>in</span> <span class='ocrx_word' id='word_1_576' title='bbox 1790 3926 1835 3966; x_wconf 90' lang='lat' dir='ltr'>rne</span> 
     </span>
     <span class='ocr_line' id='line_1_46' title="bbox 82 3998 1834 4072; baseline -0.001 -15"><span class='ocrx_word' id='word_1_577' title='bbox 82 4002 187 4066; x_wconf 85' lang='lat' dir='ltr'>fuistis,</span> <span class='ocrx_word' id='word_1_578' title='bbox 221 4001 362 4057; x_wconf 88' lang='lat' dir='ltr'>miramur</span> <span class='ocrx_word' id='word_1_579' title='bbox 393 4017 445 4057; x_wconf 91' lang='lat' dir='ltr'>cnr</span> <span class='ocrx_word' id='word_1_580' title='bbox 473 4001 560 4056; x_wconf 88' lang='lat' dir='ltr'>verba</span> <span class='ocrx_word' id='word_1_581' title='bbox 598 3999 755 4055; x_wconf 75' lang='lat' dir='ltr'>caelestium</span> <span class='ocrx_word' id='word_1_582' title='bbox 789 3999 932 4055; x_wconf 87' lang='lat' dir='ltr'>visionum</span> <span class='ocrx_word' id='word_1_583' title='bbox 986 3999 1126 4056; x_wconf 88' lang='lat' dir='ltr'>transistis</span> <span class='ocrx_word' id='word_1_584' title='bbox 1159 4015 1212 4069; x_wconf 86' lang='lat' dir='ltr'>per</span> <span class='ocrx_word' id='word_1_585' title='bbox 1240 4013 1345 4070; x_wconf 89' lang='lat' dir='ltr'>aquam</span> <span class='ocrx_word' id='word_1_586' title='bbox 1385 3998 1608 4070; x_wconf 90' lang='lat' dir='ltr'>recuperationis</span> <span class='ocrx_word' id='word_1_587' title='bbox 1640 3999 1721 4072; x_wconf 91' lang='lat' dir='ltr'>quasi</span> <span class='ocrx_word' id='word_1_588' title='bbox 1746 4017 1834 4056; x_wconf 85' lang='lat' dir='ltr'>anro-</span> 
     </span>
     <span class='ocr_line' id='line_1_47' title="bbox 83 4087 1833 4160; baseline -0.002 -13"><span class='ocrx_word' id='word_1_589' title='bbox 83 4093 168 4148; x_wconf 85' lang='lat' dir='ltr'>uobis</span> <span class='ocrx_word' id='word_1_590' title='bbox 183 4091 347 4147; x_wconf 88' lang='lat' dir='ltr'>sitientibus</span> <span class='ocrx_word' id='word_1_591' title='bbox 360 4090 545 4146; x_wconf 88' lang='lat' dir='ltr'>subtrahatis.</span> <span class='ocrx_word' id='word_1_592' title='bbox 562 4089 674 4146; x_wconf 87' lang='lat' dir='ltr'>Scimus</span> <span class='ocrx_word' id='word_1_593' title='bbox 688 4088 767 4143; x_wconf 90' lang='lat' dir='ltr'>enim</span> <span class='ocrx_word' id='word_1_594' title='bbox 785 4088 930 4160; x_wconf 90' lang='lat' dir='ltr'>quomodo</span> <span class='ocrx_word' id='word_1_595' title='bbox 986 4105 1047 4143; x_wconf 89' lang='lat' dir='ltr'>ram</span> <span class='ocrx_word' id='word_1_596' title='bbox 1075 4088 1240 4142; x_wconf 90' lang='lat' dir='ltr'>rutilantem</span> <span class='ocrx_word' id='word_1_597' title='bbox 1278 4091 1306 4141; x_wconf 87' lang='lat' dir='ltr'>et</span> <span class='ocrx_word' id='word_1_598' title='bbox 1340 4087 1423 4158; x_wconf 88' lang='lat' dir='ltr'>quasi</span> <span class='ocrx_word' id='word_1_599' title='bbox 1458 4102 1602 4159; x_wconf 88' lang='lat' dir='ltr'>gemmam</span> <span class='ocrx_word' id='word_1_600' title='bbox 1626 4095 1833 4158; x_wconf 88' lang='lat' dir='ltr'>coruscantem,</span> 
     </span>
     <span class='ocr_line' id='line_1_48' title="bbox 84 4161 1837 4253; baseline 0.001 -19"><span class='ocrx_word' id='word_1_601' title='bbox 84 4180 159 4250; x_wconf 87' lang='lat' dir='ltr'>apud</span> <span class='ocrx_word' id='word_1_602' title='bbox 181 4195 233 4233; x_wconf 90' lang='lat' dir='ltr'>nos</span> <span class='ocrx_word' id='word_1_603' title='bbox 261 4179 391 4248; x_wconf 86' lang='lat' dir='ltr'>educata,</span> <span class='ocrx_word' id='word_1_604' title='bbox 421 4179 566 4253; x_wconf 91' lang='lat' dir='ltr'>quomodo</span> <span class='ocrx_word' id='word_1_605' title='bbox 585 4178 678 4245; x_wconf 88' lang='lat' dir='ltr'>docta,</span> <span class='ocrx_word' id='word_1_606' title='bbox 695 4178 841 4249; x_wconf 90' lang='lat' dir='ltr'>quomodo</span> <span class='ocrx_word' id='word_1_607' title='bbox 863 4192 930 4231; x_wconf 89' lang='lat' dir='ltr'>con·</span> <span class='ocrx_word' id='word_1_608' title='bbox 950 4161 1065 4232; x_wconf 81' lang='lat' dir='ltr'>Dnrrnc</span> <span class='ocrx_word' id='word_1_609' title='bbox 1080 4177 1223 4244; x_wconf 87' lang='lat' dir='ltr'>dormitis,</span> <span class='ocrx_word' id='word_1_610' title='bbox 1246 4180 1274 4231; x_wconf 91' lang='lat' dir='ltr'>et</span> <span class='ocrx_word' id='word_1_611' title='bbox 1289 4181 1322 4232; x_wconf 93' lang='lat' dir='ltr'>ut</span> <span class='ocrx_word' id='word_1_612' title='bbox 1345 4177 1430 4231; x_wconf 87' lang='lat' dir='ltr'>stulta</span> <span class='ocrx_word' id='word_1_613' title='bbox 1454 4176 1591 4232; x_wconf 86' lang='lat' dir='ltr'>animalia</span> <span class='ocrx_word' id='word_1_614' title='bbox 1613 4177 1690 4246; x_wconf 91' lang='lat' dir='ltr'>estis,</span> <span class='ocrx_word' id='word_1_615' title='bbox 1715 4195 1778 4250; x_wconf 79' lang='lat' dir='ltr'>quae.</span> <span class='ocrx_word' id='word_1_616' title='bbox 1796 4179 1837 4234; x_wconf 91' lang='lat' dir='ltr'>in-</span> 
     </span>
     <span class='ocr_line' id='line_1_49' title="bbox 84 4263 1834 4339; baseline 0.001 -19"><span class='ocrx_word' id='word_1_617' title='bbox 84 4272 194 4323; x_wconf 83' lang='lat' dir='ltr'>versata</span> <span class='ocrx_word' id='word_1_618' title='bbox 219 4267 302 4335; x_wconf 80' lang='lat' dir='ltr'>estis3</span> <span class='ocrx_word' id='word_1_619' title='bbox 325 4267 394 4339; x_wconf 89' lang='lat' dir='ltr'>qnia</span> <span class='ocrx_word' id='word_1_620' title='bbox 417 4283 477 4322; x_wconf 88' lang='lat' dir='ltr'>non</span> <span class='ocrx_word' id='word_1_621' title='bbox 501 4267 558 4322; x_wconf 90' lang='lat' dir='ltr'>alio</span> <span class='ocrx_word' id='word_1_622' title='bbox 580 4283 667 4339; x_wconf 92' lang='lat' dir='ltr'>quam</span> <span class='ocrx_word' id='word_1_623' title='bbox 691 4265 825 4321; x_wconf 88' lang='lat' dir='ltr'>muliebri</span> <span class='ocrx_word' id='word_1_624' title='bbox 852 4265 933 4337; x_wconf 89' lang='lat' dir='ltr'>operi</span> <span class='ocrx_word' id='word_1_625' title='bbox 986 4267 1099 4322; x_wconf 85' lang='lat' dir='ltr'>tardum</span> <span class='ocrx_word' id='word_1_626' title='bbox 1119 4266 1279 4338; x_wconf 87' lang='lat' dir='ltr'>procedunt</span> <span class='ocrx_word' id='word_1_627' title='bbox 1302 4269 1331 4320; x_wconf 92' lang='lat' dir='ltr'>et</span> <span class='ocrx_word' id='word_1_628' title='bbox 1354 4263 1499 4320; x_wconf 88' lang='lat' dir='ltr'>interdurn</span> <span class='ocrx_word' id='word_1_629' title='bbox 1523 4264 1602 4320; x_wconf 88' lang='lat' dir='ltr'>&#39;retro</span> <span class='ocrx_word' id='word_1_630' title='bbox 1630 4265 1776 4335; x_wconf 90' lang='lat' dir='ltr'>incedunt,</span> <span class='ocrx_word' id='word_1_631' title='bbox 1806 4273 1834 4321; x_wconf 92' lang='lat' dir='ltr'>ct</span> 
     </span>
     <span class='ocr_line' id='line_1_50' title="bbox 84 4353 1729 4427; baseline 0.002 -16"><span class='ocrx_word' id='word_1_632' title='bbox 84 4355 237 4418; x_wconf 84' lang='lat' dir='ltr'>institistis,</span> <span class='ocrx_word' id='word_1_633' title='bbox 266 4371 325 4410; x_wconf 91' lang='lat' dir='ltr'>non</span> <span class='ocrx_word' id='word_1_634' title='bbox 350 4355 414 4410; x_wconf 90' lang='lat' dir='ltr'>aliis</span> <span class='ocrx_word' id='word_1_635' title='bbox 436 4354 584 4410; x_wconf 89' lang='lat' dir='ltr'>codicibus</span> <span class='ocrx_word' id='word_1_636' title='bbox 611 4362 699 4427; x_wconf 89' lang='lat' dir='ltr'>quam</span> <span class='ocrx_word' id='word_1_637' title='bbox 717 4353 839 4425; x_wconf 89' lang='lat' dir='ltr'>simplici</span> <span class='ocrx_word' id='word_1_638' title='bbox 858 4354 934 4409; x_wconf 87' lang='lat' dir='ltr'>Psal·</span> <span class='ocrx_word' id='word_1_639' title='bbox 986 4354 1134 4410; x_wconf 90' lang='lat' dir='ltr'>interdum</span> <span class='ocrx_word' id='word_1_640' title='bbox 1149 4369 1178 4408; x_wconf 89' lang='lat' dir='ltr'>se</span> <span class='ocrx_word' id='word_1_641' title='bbox 1193 4353 1316 4408; x_wconf 88' lang='lat' dir='ltr'>invicem</span> <span class='ocrx_word' id='word_1_642' title='bbox 1330 4353 1505 4408; x_wconf 89' lang='lat' dir='ltr'>ambulando</span> <span class='ocrx_word' id='word_1_643' title='bbox 1525 4353 1729 4413; x_wconf 89' lang='lat' dir='ltr'>intermiscent.</span> 
     </span>
     <span class='ocr_line' id='line_1_51' title="bbox 83 4442 1834 4515; baseline 0 -16"><span class='ocrx_word' id='word_1_644' title='bbox 83 4445 157 4499; x_wconf 88' lang='lat' dir='ltr'>terio</span> <span class='ocrx_word' id='word_1_645' title='bbox 171 4443 283 4498; x_wconf 88' lang='lat' dir='ltr'>imbuta</span> <span class='ocrx_word' id='word_1_646' title='bbox 299 4443 377 4509; x_wconf 90' lang='lat' dir='ltr'>estis,</span> <span class='ocrx_word' id='word_1_647' title='bbox 393 4448 422 4498; x_wconf 95' lang='lat' dir='ltr'>et</span> <span class='ocrx_word' id='word_1_648' title='bbox 448 4443 510 4498; x_wconf 88' lang='lat' dir='ltr'>sine</span> <span class='ocrx_word' id='word_1_649' title='bbox 538 4444 657 4514; x_wconf 88' lang='lat' dir='ltr'>querela</span> <span class='ocrx_word' id='word_1_650' title='bbox 684 4442 791 4496; x_wconf 88' lang='lat' dir='ltr'>bonam</span> <span class='ocrx_word' id='word_1_651' title='bbox 811 4448 840 4496; x_wconf 91' lang='lat' dir='ltr'>et</span> <span class='ocrx_word' id='word_1_652' title='bbox 864 4457 933 4496; x_wconf 87' lang='lat' dir='ltr'>sau·</span> <span class='ocrx_word' id='word_1_653' title='bbox 1022 4444 1075 4498; x_wconf 89' lang='lat' dir='ltr'>Sed</span> <span class='ocrx_word' id='word_1_654' title='bbox 1096 4447 1125 4498; x_wconf 88' lang='lat' dir='ltr'>et</span> <span class='ocrx_word' id='word_1_655' title='bbox 1137 4443 1173 4498; x_wconf 92' lang='lat' dir='ltr'>de</span> <span class='ocrx_word' id='word_1_656' title='bbox 1186 4443 1242 4497; x_wconf 93' lang='lat' dir='ltr'>hoc</span> <span class='ocrx_word' id='word_1_657' title='bbox 1256 4447 1355 4497; x_wconf 88' lang='lat' dir='ltr'>monte</span> <span class='ocrx_word' id='word_1_658' title='bbox 1380 4442 1507 4497; x_wconf 85' lang='lat' dir='ltr'>illionrm</span> <span class='ocrx_word' id='word_1_659' title='bbox 1523 4443 1573 4497; x_wconf 81' lang='lat' dir='ltr'>liei</span> <span class='ocrx_word' id='word_1_660' title='bbox 1586 4445 1648 4498; x_wconf 85' lang='lat' dir='ltr'>haec</span> <span class='ocrx_word' id='word_1_661' title='bbox 1663 4443 1693 4499; x_wconf 94' lang='lat' dir='ltr'>in</span> <span class='ocrx_word' id='word_1_662' title='bbox 1715 4445 1834 4515; x_wconf 88' lang='lat' dir='ltr'>mystico</span> 
     </span>
     <span class='ocr_line' id='line_1_52' title="bbox 84 4529 1834 4604; baseline 0 -17"><span class='ocrx_word' id='word_1_663' title='bbox 84 4539 158 4587; x_wconf 88' lang='lat' dir='ltr'>ctam</span> <span class='ocrx_word' id='word_1_664' title='bbox 186 4531 431 4586; x_wconf 83' lang='lat' dir='ltr'>conversationem</span> <span class='ocrx_word' id='word_1_665' title='bbox 461 4530 618 4597; x_wconf 79' lang='lat' dir='ltr'>dilexistis3</span> <span class='ocrx_word' id='word_1_666' title='bbox 644 4529 693 4584; x_wconf 90' lang='lat' dir='ltr'>sed</span> <span class='ocrx_word' id='word_1_667' title='bbox 726 4529 823 4585; x_wconf 88' lang='lat' dir='ltr'>diviua</span> <span class='ocrx_word' id='word_1_668' title='bbox 842 4529 932 4602; x_wconf 86' lang='lat' dir='ltr'>pietas</span> <span class='ocrx_word' id='word_1_669' title='bbox 987 4532 1145 4604; x_wconf 89' lang='lat' dir='ltr'>spiramine</span> <span class='ocrx_word' id='word_1_670' title='bbox 1167 4531 1235 4586; x_wconf 89' lang='lat' dir='ltr'>vidi.</span> <span class='ocrx_word' id='word_1_671' title='bbox 1260 4531 1383 4586; x_wconf 89' lang='lat' dir='ltr'>bfontem</span> <span class='ocrx_word' id='word_1_672' title='bbox 1412 4532 1509 4586; x_wconf 87' lang='lat' dir='ltr'>multae</span> <span class='ocrx_word' id='word_1_673' title='bbox 1538 4531 1745 4604; x_wconf 88' lang='lat' dir='ltr'>magnitudinis</span> <span class='ocrx_word' id='word_1_674' title='bbox 1766 4533 1834 4601; x_wconf 90' lang='lat' dir='ltr'>vidi,</span> 
     </span>
     <span class='ocr_line' id='line_1_53' title="bbox 83 4617 1833 4691; baseline 0 -15"><span class='ocrx_word' id='word_1_675' title='bbox 83 4621 192 4677; x_wconf 88' lang='lat' dir='ltr'>coelesti</span> <span class='ocrx_word' id='word_1_676' title='bbox 214 4636 289 4689; x_wconf 89' lang='lat' dir='ltr'>rore,</span> <span class='ocrx_word' id='word_1_677' title='bbox 312 4625 346 4676; x_wconf 90' lang='lat' dir='ltr'>nt</span> <span class='ocrx_word' id='word_1_678' title='bbox 373 4620 472 4689; x_wconf 87' lang='lat' dir='ltr'>voluit,</span> <span class='ocrx_word' id='word_1_679' title='bbox 493 4635 542 4674; x_wconf 87' lang='lat' dir='ltr'>vos</span> <span class='ocrx_word' id='word_1_680' title='bbox 566 4617 679 4686; x_wconf 92' lang='lat' dir='ltr'>imbuit,</span> <span class='ocrx_word' id='word_1_681' title='bbox 705 4622 733 4673; x_wconf 85' lang='lat' dir='ltr'>et</span> <span class='ocrx_word' id='word_1_682' title='bbox 757 4617 933 4689; x_wconf 86' lang='lat' dir='ltr'>maguitudi·</span> <span class='ocrx_word' id='word_1_683' title='bbox 987 4620 1019 4674; x_wconf 87' lang='lat' dir='ltr'>in</span> <span class='ocrx_word' id='word_1_684' title='bbox 1043 4621 1125 4690; x_wconf 89' lang='lat' dir='ltr'>cujus</span> <span class='ocrx_word' id='word_1_685' title='bbox 1147 4621 1251 4674; x_wconf 90' lang='lat' dir='ltr'>vertice</span> <span class='ocrx_word' id='word_1_686' title='bbox 1279 4619 1322 4674; x_wconf 89' lang='lat' dir='ltr'>vir</span> <span class='ocrx_word' id='word_1_687' title='bbox 1341 4635 1463 4689; x_wconf 85' lang='lat' dir='ltr'>magnus</span> <span class='ocrx_word' id='word_1_688' title='bbox 1489 4619 1617 4689; x_wconf 87' lang='lat' dir='ltr'>sedebat,</span> <span class='ocrx_word' id='word_1_689' title='bbox 1644 4620 1693 4691; x_wconf 90' lang='lat' dir='ltr'>qui</span> <span class='ocrx_word' id='word_1_690' title='bbox 1708 4621 1739 4676; x_wconf 91' lang='lat' dir='ltr'>in</span> <span class='ocrx_word' id='word_1_691' title='bbox 1753 4626 1833 4676; x_wconf 88' lang='lat' dir='ltr'>utra-</span> 
     </span>
     <span class='ocr_line' id='line_1_54' title="bbox 85 4705 1834 4779; baseline -0.002 -14"><span class='ocrx_word' id='word_1_692' title='bbox 85 4727 151 4766; x_wconf 90' lang='lat' dir='ltr'>nem</span> <span class='ocrx_word' id='word_1_693' title='bbox 176 4713 355 4765; x_wconf 86' lang='lat' dir='ltr'>secretorum</span> <span class='ocrx_word' id='word_1_694' title='bbox 376 4725 494 4764; x_wconf 86' lang='lat' dir='ltr'>suorum</span> <span class='ocrx_word' id='word_1_695' title='bbox 514 4708 595 4764; x_wconf 93' lang='lat' dir='ltr'>vobis</span> <span class='ocrx_word' id='word_1_696' title='bbox 618 4707 733 4779; x_wconf 87' lang='lat' dir='ltr'>aperuit</span> <span class='ocrx_word' id='word_1_697' title='bbox 748 4724 755 4775; x_wconf 89' lang='lat'>;</span> <span class='ocrx_word' id='word_1_698' title='bbox 773 4711 801 4762; x_wconf 88' lang='lat' dir='ltr'>et</span> <span class='ocrx_word' id='word_1_699' title='bbox 821 4723 886 4764; x_wconf 90' lang='lat' dir='ltr'>cum</span> <span class='ocrx_word' id='word_1_700' title='bbox 902 4707 932 4761; x_wconf 92' lang='lat' dir='ltr'>in</span> <span class='ocrx_word' id='word_1_701' title='bbox 987 4721 1044 4778; x_wconf 89' lang='lat' dir='ltr'>que</span> <span class='ocrx_word' id='word_1_702' title='bbox 1059 4721 1147 4761; x_wconf 88' lang='lat' dir='ltr'>manu</span> <span class='ocrx_word' id='word_1_703' title='bbox 1169 4722 1220 4761; x_wconf 85' lang='lat' dir='ltr'>sua</span> <span class='ocrx_word' id='word_1_704' title='bbox 1243 4706 1337 4777; x_wconf 88' lang='lat' dir='ltr'>legem</span> <span class='ocrx_word' id='word_1_705' title='bbox 1361 4707 1412 4762; x_wconf 87' lang='lat' dir='ltr'>Dei</span> <span class='ocrx_word' id='word_1_706' title='bbox 1427 4706 1508 4772; x_wconf 88' lang='lat' dir='ltr'>quasi</span> <span class='ocrx_word' id='word_1_707' title='bbox 1536 4705 1567 4760; x_wconf 89' lang='lat' dir='ltr'>in</span> <span class='ocrx_word' id='word_1_708' title='bbox 1582 4705 1680 4761; x_wconf 86' lang='lat' dir='ltr'>charta</span> <span class='ocrx_word' id='word_1_709' title='bbox 1700 4707 1834 4779; x_wconf 89' lang='lat' dir='ltr'>scriptam</span> 
     </span>
     <span class='ocr_line' id='line_1_55' title="bbox 84 4793 1835 4869; baseline -0.003 -13"><span class='ocrx_word' id='word_1_710' title='bbox 84 4801 128 4856; x_wconf 92' lang='lat' dir='ltr'>bis</span> <span class='ocrx_word' id='word_1_711' title='bbox 148 4797 232 4853; x_wconf 88' lang='lat' dir='ltr'>vobis</span> <span class='ocrx_word' id='word_1_712' title='bbox 262 4797 442 4869; x_wconf 87' lang='lat' dir='ltr'>congaudere</span> <span class='ocrx_word' id='word_1_713' title='bbox 470 4797 652 4861; x_wconf 90' lang='lat' dir='ltr'>deberemus,</span> <span class='ocrx_word' id='word_1_714' title='bbox 680 4796 754 4850; x_wconf 84' lang='lat' dir='ltr'>Deus</span> <span class='ocrx_word' id='word_1_715' title='bbox 775 4811 826 4850; x_wconf 85' lang='lat' dir='ltr'>ros</span> <span class='ocrx_word' id='word_1_716' title='bbox 851 4794 934 4851; x_wconf 90' lang='lat' dir='ltr'>nobis</span> <span class='ocrx_word' id='word_1_717' title='bbox 987 4794 1121 4864; x_wconf 84' lang='lat' dir='ltr'>babebat,</span> <span class='ocrx_word' id='word_1_718' title='bbox 1147 4793 1220 4849; x_wconf 90' lang='lat' dir='ltr'>sicut</span> <span class='ocrx_word' id='word_1_719' title='bbox 1244 4795 1278 4850; x_wconf 92' lang='lat' dir='ltr'>de</span> <span class='ocrx_word' id='word_1_720' title='bbox 1304 4795 1398 4865; x_wconf 86' lang='lat' dir='ltr'>lfoyse</span> <span class='ocrx_word' id='word_1_721' title='bbox 1418 4795 1557 4866; x_wconf 88' lang='lat' dir='ltr'>scriptum</span> <span class='ocrx_word' id='word_1_722' title='bbox 1584 4794 1698 4866; x_wconf 89' lang='lat' dir='ltr'>legitur.</span> <span class='ocrx_word' id='word_1_723' title='bbox 1724 4795 1758 4850; x_wconf 85' lang='lat' dir='ltr'>Et</span> <span class='ocrx_word' id='word_1_724' title='bbox 1782 4797 1835 4851; x_wconf 90' lang='lat' dir='ltr'>sub</span> 
     </span>
     <span class='ocr_line' id='line_1_56' title="bbox 86 4882 1835 4958; baseline -0.003 -14"><span class='ocrx_word' id='word_1_725' title='bbox 86 4886 247 4944; x_wconf 87' lang='lat' dir='ltr'>uolentibus</span> <span class='ocrx_word' id='word_1_726' title='bbox 270 4886 387 4958; x_wconf 90' lang='lat' dir='ltr'>eripuit,</span> <span class='ocrx_word' id='word_1_727' title='bbox 414 4886 496 4942; x_wconf 90' lang='lat' dir='ltr'>etad</span> <span class='ocrx_word' id='word_1_728' title='bbox 516 4886 588 4940; x_wconf 89' lang='lat' dir='ltr'>alios</span> <span class='ocrx_word' id='word_1_729' title='bbox 611 4884 743 4940; x_wconf 89' lang='lat' dir='ltr'>homines</span> <span class='ocrx_word' id='word_1_730' title='bbox 762 4883 932 4939; x_wconf 85' lang='lat' dir='ltr'>transtulit:</span> <span class='ocrx_word' id='word_1_731' title='bbox 987 4882 1109 4956; x_wconf 90' lang='lat' dir='ltr'>pedibus</span> <span class='ocrx_word' id='word_1_732' title='bbox 1124 4883 1252 4956; x_wconf 83' lang='lat' dir='ltr'>ejusdem</span> <span class='ocrx_word' id='word_1_733' title='bbox 1267 4883 1320 4938; x_wconf 88' lang='lat' dir='ltr'>viri</span> <span class='ocrx_word' id='word_1_734' title='bbox 1340 4883 1474 4955; x_wconf 74' lang='lat' dir='ltr'>quaedam</span> <span class='ocrx_word' id='word_1_735' title='bbox 1486 4883 1572 4938; x_wconf 87' lang='lat' dir='ltr'>turbe</span> <span class='ocrx_word' id='word_1_736' title='bbox 1598 4883 1748 4938; x_wconf 89' lang='lat' dir='ltr'>bominum</span> <span class='ocrx_word' id='word_1_737' title='bbox 1777 4885 1835 4955; x_wconf 91' lang='lat' dir='ltr'>spi-</span> 
     </span>
     <span class='ocr_line' id='line_1_57' title="bbox 86 4969 1835 5051; baseline -0.004 -18"><span class='ocrx_word' id='word_1_738' title='bbox 86 4976 162 5051; x_wconf 91' lang='lat' dir='ltr'>quod</span> <span class='ocrx_word' id='word_1_739' title='bbox 184 4991 237 5031; x_wconf 92' lang='lat' dir='ltr'>cur</span> <span class='ocrx_word' id='word_1_740' title='bbox 261 4975 361 5032; x_wconf 87' lang='lat' dir='ltr'>fecerit</span> <span class='ocrx_word' id='word_1_741' title='bbox 383 4974 559 5047; x_wconf 87' lang='lat' dir='ltr'>perscrutari</span> <span class='ocrx_word' id='word_1_742' title='bbox 590 4989 643 5028; x_wconf 90' lang='lat' dir='ltr'>nec</span> <span class='ocrx_word' id='word_1_743' title='bbox 666 4973 737 5028; x_wconf 88' lang='lat' dir='ltr'>scire</span> <span class='ocrx_word' id='word_1_744' title='bbox 758 4989 934 5044; x_wconf 89' lang='lat' dir='ltr'>possumus;</span> <span class='ocrx_word' id='word_1_745' title='bbox 988 4972 1065 5028; x_wconf 87' lang='lat' dir='ltr'>ritali</span> <span class='ocrx_word' id='word_1_746' title='bbox 1092 4971 1309 5027; x_wconf 89' lang='lat' dir='ltr'>circumcisione</span> <span class='ocrx_word' id='word_1_747' title='bbox 1341 4969 1516 5026; x_wconf 90' lang='lat' dir='ltr'>circumdata</span> <span class='ocrx_word' id='word_1_748' title='bbox 1547 4973 1617 5038; x_wconf 87' lang='lat' dir='ltr'>erat,</span> <span class='ocrx_word' id='word_1_749' title='bbox 1652 4970 1702 5042; x_wconf 92' lang='lat' dir='ltr'>qui</span> <span class='ocrx_word' id='word_1_750' title='bbox 1734 4986 1835 5026; x_wconf 90' lang='lat' dir='ltr'>omnes</span> 
     </span>
     <span class='ocr_line' id='line_1_58' title="bbox 86 5058 1837 5133; baseline -0.003 -13"><span class='ocrx_word' id='word_1_751' title='bbox 86 5066 133 5120; x_wconf 86' lang='lat' dir='ltr'>scd</span> <span class='ocrx_word' id='word_1_752' title='bbox 159 5068 274 5120; x_wconf 81' lang='lat' dir='ltr'>fanlrun</span> <span class='ocrx_word' id='word_1_753' title='bbox 288 5063 343 5118; x_wconf 88' lang='lat' dir='ltr'>boc</span> <span class='ocrx_word' id='word_1_754' title='bbox 368 5064 501 5120; x_wconf 90' lang='lat' dir='ltr'>uolentes</span> <span class='ocrx_word' id='word_1_755' title='bbox 517 5068 546 5118; x_wconf 92' lang='lat' dir='ltr'>et</span> <span class='ocrx_word' id='word_1_756' title='bbox 559 5062 690 5118; x_wconf 87' lang='lat' dir='ltr'>volentes</span> <span class='ocrx_word' id='word_1_757' title='bbox 713 5061 742 5116; x_wconf 94' lang='lat' dir='ltr'>in</span> <span class='ocrx_word' id='word_1_758' title='bbox 756 5061 848 5117; x_wconf 88' lang='lat' dir='ltr'>multe</span> <span class='ocrx_word' id='word_1_759' title='bbox 867 5076 933 5132; x_wconf 89' lang='lat' dir='ltr'>per·</span> <span class='ocrx_word' id='word_1_760' title='bbox 988 5061 1178 5117; x_wconf 86' lang='lat' dir='ltr'>instrumenta</span> <span class='ocrx_word' id='word_1_761' title='bbox 1201 5059 1292 5131; x_wconf 91' lang='lat' dir='ltr'>ipsius</span> <span class='ocrx_word' id='word_1_762' title='bbox 1313 5059 1385 5131; x_wconf 86' lang='lat' dir='ltr'>legis</span> <span class='ocrx_word' id='word_1_763' title='bbox 1408 5075 1473 5114; x_wconf 91' lang='lat' dir='ltr'>cum</span> <span class='ocrx_word' id='word_1_764' title='bbox 1489 5058 1595 5131; x_wconf 92' lang='lat' dir='ltr'>gaudio</span> <span class='ocrx_word' id='word_1_765' title='bbox 1615 5063 1645 5113; x_wconf 93' lang='lat' dir='ltr'>et</span> <span class='ocrx_word' id='word_1_766' title='bbox 1666 5075 1731 5116; x_wconf 87' lang='lat' dir='ltr'>coru</span> <span class='ocrx_word' id='word_1_767' title='bbox 1746 5061 1837 5133; x_wconf 88' lang='lat' dir='ltr'>suspi-</span> 
     </span>
     <span class='ocr_line' id='line_1_59' title="bbox 85 5135 1833 5223; baseline -0.005 -11"><span class='ocrx_word' id='word_1_768' title='bbox 85 5153 248 5211; x_wconf 90' lang='lat' dir='ltr'>tarbatione</span> <span class='ocrx_word' id='word_1_769' title='bbox 270 5152 444 5209; x_wconf 80' lang='lat' dir='ltr'>sufferimus.</span> <span class='ocrx_word' id='word_1_770' title='bbox 469 5154 527 5209; x_wconf 87' lang='lat' dir='ltr'>Nos</span> <span class='ocrx_word' id='word_1_771' title='bbox 550 5151 629 5208; x_wconf 91' lang='lat' dir='ltr'>euim</span> <span class='ocrx_word' id='word_1_772' title='bbox 654 5150 841 5223; x_wconf 88' lang='lat' dir='ltr'>sperabamus</span> <span class='ocrx_word' id='word_1_773' title='bbox 860 5150 935 5205; x_wconf 87' lang='lat' dir='ltr'>salu·</span> <span class='ocrx_word' id='word_1_774' title='bbox 988 5151 1031 5206; x_wconf 92' lang='lat' dir='ltr'>rio</span> <span class='ocrx_word' id='word_1_775' title='bbox 1053 5153 1240 5221; x_wconf 88' lang='lat' dir='ltr'>susceperunt</span> <span class='ocrx_word' id='word_1_776' title='bbox 1272 5147 1419 5204; x_wconf 89' lang='lat' dir='ltr'>dicentes:</span> <span class='ocrx_word' id='word_1_777' title='bbox 1446 5147 1604 5205; x_wconf 86' lang='lat' dir='ltr'>olicmine</span> <span class='ocrx_word' id='word_1_778' title='bbox 1633 5149 1707 5204; x_wconf 87' lang='lat' dir='ltr'>Dens</span> <span class='ocrx_word' id='word_1_779' title='bbox 1727 5135 1833 5219; x_wconf 79' lang='lat' dir='ltr'>noster,</span> 
     </span>
     <span class='ocr_line' id='line_1_60' title="bbox 86 5234 1834 5311; baseline -0.003 -11"><span class='ocrx_word' id='word_1_780' title='bbox 86 5243 212 5300; x_wconf 84' lang='lat' dir='ltr'>temleri</span> <span class='ocrx_word' id='word_1_781' title='bbox 235 5242 327 5297; x_wconf 88' lang='lat' dir='ltr'>nostri</span> <span class='ocrx_word' id='word_1_782' title='bbox 346 5241 377 5296; x_wconf 89' lang='lat' dir='ltr'>in</span> <span class='ocrx_word' id='word_1_783' title='bbox 391 5240 471 5297; x_wconf 84' lang='lat' dir='ltr'>robis</span> <span class='ocrx_word' id='word_1_784' title='bbox 492 5242 577 5296; x_wconf 89' lang='lat' dir='ltr'>sitam</span> <span class='ocrx_word' id='word_1_785' title='bbox 593 5256 662 5306; x_wconf 88' lang='lat' dir='ltr'>esse,</span> <span class='ocrx_word' id='word_1_786' title='bbox 686 5239 736 5295; x_wconf 89' lang='lat' dir='ltr'>sed</span> <span class='ocrx_word' id='word_1_787' title='bbox 759 5240 833 5294; x_wconf 84' lang='lat' dir='ltr'>Deus</span> <span class='ocrx_word' id='word_1_788' title='bbox 856 5238 935 5295; x_wconf 88' lang='lat' dir='ltr'>alind</span> <span class='ocrx_word' id='word_1_789' title='bbox 988 5237 1104 5311; x_wconf 90' lang='lat' dir='ltr'>quando</span> <span class='ocrx_word' id='word_1_790' title='bbox 1126 5237 1161 5293; x_wconf 87' lang='lat' dir='ltr'>ad</span> <span class='ocrx_word' id='word_1_791' title='bbox 1186 5241 1214 5294; x_wconf 91' lang='lat' dir='ltr'>tc</span> <span class='ocrx_word' id='word_1_792' title='bbox 1237 5237 1399 5304; x_wconf 85' lang='lat' dir='ltr'>veniemus,</span> <span class='ocrx_word' id='word_1_793' title='bbox 1424 5234 1547 5291; x_wconf 89' lang='lat' dir='ltr'>libenter</span> <span class='ocrx_word' id='word_1_794' title='bbox 1566 5235 1619 5291; x_wconf 88' lang='lat' dir='ltr'>tibi</span> <span class='ocrx_word' id='word_1_795' title='bbox 1650 5235 1834 5306; x_wconf 90' lang='lat' dir='ltr'>obediemus;</span> 
     </span>
     <span class='ocr_line' id='line_1_61' title="bbox 88 5325 1837 5404; baseline -0.002 -18"><span class='ocrx_word' id='word_1_796' title='bbox 88 5347 171 5404; x_wconf 86' lang='lat' dir='ltr'>quam</span> <span class='ocrx_word' id='word_1_797' title='bbox 200 5330 339 5386; x_wconf 83' lang='lat' dir='ltr'>vellemus</span> <span class='ocrx_word' id='word_1_798' title='bbox 361 5330 511 5402; x_wconf 88' lang='lat' dir='ltr'>disposuit.</span> <span class='ocrx_word' id='word_1_799' title='bbox 539 5331 728 5385; x_wconf 84' lang='lat' dir='ltr'>Nancaufem</span> <span class='ocrx_word' id='word_1_800' title='bbox 742 5328 811 5400; x_wconf 91' lang='lat' dir='ltr'>quia</span> <span class='ocrx_word' id='word_1_801' title='bbox 833 5328 935 5383; x_wconf 89' lang='lat' dir='ltr'>volun·</span> <span class='ocrx_word' id='word_1_802' title='bbox 988 5328 1036 5383; x_wconf 90' lang='lat' dir='ltr'>sed</span> <span class='ocrx_word' id='word_1_803' title='bbox 1059 5331 1153 5382; x_wconf 89' lang='lat' dir='ltr'>tamen</span> <span class='ocrx_word' id='word_1_804' title='bbox 1175 5326 1320 5382; x_wconf 90' lang='lat' dir='ltr'>interdum</span> <span class='ocrx_word' id='word_1_805' title='bbox 1337 5325 1368 5379; x_wconf 91' lang='lat' dir='ltr'>in</span> <span class='ocrx_word' id='word_1_806' title='bbox 1388 5325 1542 5396; x_wconf 87' lang='lat' dir='ltr'>qnamdam</span> <span class='ocrx_word' id='word_1_807' title='bbox 1564 5325 1710 5380; x_wconf 89' lang='lat' dir='ltr'>turbinem</span> <span class='ocrx_word' id='word_1_808' title='bbox 1733 5343 1762 5382; x_wconf 90' lang='lat' dir='ltr'>se</span> <span class='ocrx_word' id='word_1_809' title='bbox 1785 5329 1837 5382; x_wconf 91' lang='lat' dir='ltr'>mi-</span> 
     </span>
     <span class='ocr_line' id='line_1_62' title="bbox 88 5413 1838 5492; baseline 0 -18"><span class='ocrx_word' id='word_1_810' title='bbox 88 5421 136 5474; x_wconf 85' lang='lat' dir='ltr'>tati</span> <span class='ocrx_word' id='word_1_811' title='bbox 164 5417 215 5474; x_wconf 83' lang='lat' dir='ltr'>[tei</span> <span class='ocrx_word' id='word_1_812' title='bbox 243 5419 376 5474; x_wconf 89' lang='lat' dir='ltr'>resistere</span> <span class='ocrx_word' id='word_1_813' title='bbox 404 5436 463 5475; x_wconf 89' lang='lat' dir='ltr'>non</span> <span class='ocrx_word' id='word_1_814' title='bbox 487 5434 649 5492; x_wconf 88' lang='lat' dir='ltr'>possumus,</span> <span class='ocrx_word' id='word_1_815' title='bbox 674 5418 730 5490; x_wconf 87' lang='lat' dir='ltr'>ipsi</span> <span class='ocrx_word' id='word_1_816' title='bbox 751 5417 879 5473; x_wconf 85' lang='lat' dir='ltr'>cedimus</span> <span class='ocrx_word' id='word_1_817' title='bbox 906 5421 936 5472; x_wconf 90' lang='lat' dir='ltr'>et</span> <span class='ocrx_word' id='word_1_818' title='bbox 988 5420 1135 5483; x_wconf 84' lang='lat' dir='ltr'>eruerunt,</span> <span class='ocrx_word' id='word_1_819' title='bbox 1164 5421 1194 5472; x_wconf 89' lang='lat' dir='ltr'>et</span> <span class='ocrx_word' id='word_1_820' title='bbox 1220 5415 1375 5488; x_wconf 87' lang='lat' dir='ltr'>aliqnando</span> <span class='ocrx_word' id='word_1_821' title='bbox 1408 5415 1500 5471; x_wconf 86' lang='lat' dir='ltr'>multa</span> <span class='ocrx_word' id='word_1_822' title='bbox 1526 5413 1648 5471; x_wconf 89' lang='lat' dir='ltr'>crimina</span> <span class='ocrx_word' id='word_1_823' title='bbox 1672 5415 1838 5474; x_wconf 82' lang='lat' dir='ltr'>interillos</span> 
     </span>
    </p>
   </div>
   <div class='ocr_carea' id='block_1_6' title="bbox 0 0 1996 6034">
    <p class='ocr_par' dir='ltr' id='par_1_7' title="bbox 0 0 1996 6034">
     <span class='ocr_line' id='line_1_63' title="bbox 0 0 1996 6034; baseline 0 2"><span class='ocrx_word' id='word_1_824' title='bbox 0 0 1996 6034; x_wconf 95' lang='lat' dir='ltr'> </span> 
     </span>
    </p>
   </div>
  </div>
 </body>
</html>
