3984 6034
161 231 214 283 ser
890 226 918 284 s.
940 223 1179 286 nraueoeaors
1855 212 1909 268 see
1979 195 1980 208 ¹

161 365 226 432 post
250 360 393 415 delectum
408 373 493 413 suom
514 373 566 428 per
581 357 669 412 solam
692 357 826 429 resurgit.
848 357 904 428 lpsi
916 357 1003 412 etiam
1022 354 1266 426 ltcomputaudo,
1307 358 1335 407 et
1363 353 1392 407 in
1422 349 1533 406 ardenti
1566 364 1665 404 amore
1694 347 1741 404 liei
1772 346 1908 402 timorem

161 447 310 504 dormiunt
332 445 409 502 inter
428 445 536 502 medios
553 445 646 503 eleros
662 462 763 520 penne
776 445 911 502 columber
923 445 1006 500 dcer-
1061 444 1201 515 gehenuae
1225 441 1397 514 spernendo,
1424 445 1452 495 et
1480 445 1512 494 ut
1527 439 1557 493 iu
1572 438 1627 494 lide
1643 443 1673 493 et
1696 437 1725 492 in
1740 451 1791 507 spe
1806 449 1907 508 perse-

158 539 283 610 peralctar
302 535 394 608 (Psoi.
421 539 514 603 mr11);
547 533 686 606 quoniam
714 533 763 589 ubi
788 533 945 603 dormiunt,
971 549 1008 588 ne
1062 548 1161 588 verare
1171 532 1304 600 debeant,
1319 529 1498 585 conlidendo.

160 625 336 697 peccantia
367 623 464 679 medio
490 622 694 694 magistrorum
719 624 878 678 volantium
894 624 924 679 in
943 622 1009 677 sim·
1098 623 1155 676 lloe
1168 621 1265 692 itaque
1281 619 1367 676 modo
1379 619 1498 686 iaciunt,
1514 621 1547 671 ut
1562 615 1647 671 lsaias
1674 613 1753 682 dicit,
1773 612 1910 686 quoniam

160 713 289 787 plicitate
316 729 397 784 purae
421 713 547 767 scientim
562 717 646 779 sunt;
664 717 693 767 et
714 712 769 766 hoe
790 710 914 779 iaciunt,
942 727 1009 767 cum
1062 708 1203 782 Seraphin
1214 707 1273 764 ulis
1286 707 1395 764 duodus
1407 703 1663 774 velabuntseciem
1680 702 1743 773 ejus
1757 699 1842 775 (leel.
1859 702 1911 768 vr),

162 803 198 858 de
227 802 360 874 inemptis
394 801 519 874 peccatis
553 801 708 869 declinant,
742 806 770 855 et
805 816 870 855 eum
900 801 935 856 ab
968 801 1009 856 eis
1065 815 1130 871 quse
1149 801 1202 855 alsa
1230 799 1317 855 tidem
1343 805 1371 852 et
1398 813 1479 869 spem
1506 795 1685 868 siguificaut;
1712 792 1779 864 quia
1801 791 1831 845 in
1855 790 1913 846 lide

161 891 325 963 quiescunt,
354 889 677 962 qrtemadmodumales
706 889 880 961 capotinter
900 889 1010 945 medias
1063 886 1163 942 lldeles
1181 887 1313 942 homiues
1342 887 1432 941 licum
1449 883 1556 952 vident,
1584 887 1613 938 et
1627 897 1681 952 per
1695 895 1777 952 spem
1790 877 1912 951 premia

162 981 222 1035 alas
244 996 310 1034 suas
337 978 373 1034 ad
403 977 610 1051 quiescendum
635 977 770 1045 declinet,
797 977 927 1033 videlieet
952 994 1008 1033 eoe-
1064 981 1172 1031 eterna
1187 975 1360 1040 desiderant,
1387 979 1416 1028 et
1429 973 1541 1028 duabus
1566 970 1701 1026 velabant
1725 968 1811 1040 pedes
1838 967 1912 1037 ejus,

163 1067 247 1124 lestia
260 1073 400 1136 amantes,
426 1071 455 1122 at
469 1067 498 1121 in
513 1066 635 1122 terrenis
649 1066 741 1121 causis
761 1072 877 1138 peecata
893 1082 1011 1137 suaper
1064 1065 1113 1138 qui
1129 1065 1342 1120 sensualitatem
1364 1069 1392 1118 et
1406 1063 1583 1118 intellectum
1610 1058 1770 1130 offendunt,
1785 1056 1913 1129 quando-

162 1156 363 1231 poenitentiam
392 1153 572 1211 coufitentes.
595 1155 674 1210 Unde
700 1159 728 1209 et
751 1154 828 1210 beati
842 1153 948 1210 mortui
960 1153 1013 1227 qui
1064 1153 1181 1226 quidem
1196 1153 1285 1210 iidem
1304 1152 1435 1208 homiues
1450 1151 1609 1206 nuditatem
1632 1156 1817 1220 peccatorum
1840 1160 1910 1199 suo-

160 1245 193 1302 in
209 1243 332 1301 Domino
346 1243 511 1301 moriuntur
525 1244 628 1315 (Apoe.
652 1245 721 1313 xiv),
737 1248 804 1298 suut
826 1243 876 1315 qui
888 1244 1009 1298 saecula-
1065 1258 1128 1298 rum
1144 1246 1256 1314 tegunt,
1277 1259 1311 1298 ne
1338 1241 1462 1296 carnalis
1478 1237 1620 1296 desideria
1634 1237 1760 1308 propriae
1774 1235 1910 1290 volunta-

162 1333 406 1390 ritersecundum
426 1335 519 1405 legem
545 1334 655 1388 vivunt.
680 1331 702 1387 0
731 1337 872 1404 qrrantum
887 1333 1010 1387 miracu·
1064 1330 1101 1388 tis
1129 1348 1187 1386 sure
1214 1330 1373 1401 perficiant.
1410 1329 1463 1385 Sed
1491 1327 1598 1383 stalis
1625 1325 1737 1381 duabus
1764 1323 1910 1385 volebant,

162 1425 223 1479 lum
237 1423 268 1478 in
283 1422 354 1495 ipsis
385 1427 438 1490 cst,
469 1421 545 1493 quod
572 1421 613 1475 sie
636 1419 770 1489 virendo,
800 1425 828 1475 et
858 1420 934 1492 quod
960 1436 1012 1492 per
1065 1436 1131 1492 quoe
1152 1419 1320 1475 charitatem
1351 1419 1444 1474 Deiet
1466 1415 1817 1490 proximidemoustrant;
1841 1426 1914 1482 quo·

164 1511 385 1568 amaritudinem
428 1510 607 1582 poenitentite
656 1514 772 1581 peccate
811 1508 1010 1581 relinquendo,
1065 1507 1154 1569 niam,
1183 1523 1239 1561 cun
1266 1506 1356 1561 Deum
1385 1521 1472 1577 super
1500 1504 1597 1560 omnia
1627 1503 1752 1573 diligunt
1780 1500 1912 1572 proximo

163 1601 294 1655 homiues
309 1597 452 1655 esistunt!
469 1598 522 1652 Sed
539 1602 567 1652 et
594 1597 723 1664 animoli,
751 1598 827 1669 quod
844 1597 947 1653 faciem
961 1597 1011 1652 ho·
1031 1611 1117 1685 Bsuo
1142 1594 1173 1650 in
1188 1593 1405 1650 necessitatibus
1420 1593 1478 1646 suis
1496 1592 1642 1658 assistunt,
1667 1593 1694 1646 ct
1709 1590 1749 1644 ite
1771 1589 1801 1644 in
1826 1587 1912 1642 forti-

163 1687 251 1742 minis
264 1687 360 1756 habet,
387 1686 605 1753 simileseruut,
633 1685 771 1757 quoniam
797 1703 862 1741 eum
890 1686 1011 1741 terrenis
1066 1683 1165 1739 tudine
1186 1683 1236 1739 Dei
1260 1698 1345 1754 super
1365 1680 1777 1748 omniavolaut,eumcuneta
1797 1681 1914 1732 terrena

166 1776 289 1847 peccatis
305 1791 356 1848 per
375 1775 575 1846 poenitentiam
603 1775 906 1846 seopponuut,eteis
925 1773 1013 1829 alieni
1066 1771 1279 1837 transcendunt,
1306 1777 1716 1842 atqucuuamquamquerem
1744 1764 1914 1836 inpeccatis

163 1863 248 1930 flunt,
277 1862 523 1935 quemadmodum
548 1863 634 1918 etiam
651 1869 752 1918 natura
767 1862 947 1932 animalium,
965 1878 1014 1918 ue·
1066 1861 1218 1932 diligenter
1234 1859 1387 1930 aspiciunt,
1404 1863 1545 1931 quatenos
1566 1872 1617 1929 per
1634 1855 1835 1911 abstinentiam
1849 1869 1913 1924 pec·

163 1957 235 2006 tures
260 1950 387 2006 hominis
414 1950 509 2006 aliena
525 1957 576 2005 est.
606 1952 705 2023 ltaque
721 1951 751 2008 in
777 1952 896 2007 scientia
918 1951 1013 2007 bono·
1066 1955 1196 2005 catorum
1208 1966 1237 2004 se
1252 1947 1392 2020 affligent,
1408 1952 1437 2002 et
1451 1948 1490 2001 sie
1505 1947 1591 2000 etiarn
1618 1946 1649 2000 iu
1667 1946 1753 2017 pleno
1769 1943 1913 1999 desiderio

164 2055 229 2095 rum
251 2055 371 2111 operum
392 2039 571 2111 deargentati
597 2045 747 2111 apparent,
776 2040 844 2112 quia
870 2039 1013 2112 simplices
1066 2055 1130 2093 cum
1147 2037 1277 2110 pretiosis
1293 2037 1438 2108 lapidibus
1452 2036 1595 2091 bonorum
1618 2050 1739 2105 operum
1769 2033 1912 2088 coelestem

165 2144 261 2183 mores
285 2128 415 2198 infantis,
442 2129 491 2200 qui
518 2134 665 2201 peccatum
690 2129 790 2195 nescit,
806 2129 924 2198 hubent,
946 2145 1013 2183 cum
1064 2115 1221 2182 'Jerusalem
1235 2131 1346 2182 ornant.
1366 2127 1396 2180 lu
1422 2126 1615 2196 laetaquoque
1631 2124 1677 2178 vie
1703 2127 1912 2195 praceptorum

164 2217 219 2289 ipsi
244 2222 393 2288 peceatum
421 2233 473 2270 nee
501 2217 646 2288 amplecti,
671 2233 724 2272 nec
753 2233 869 2289 pascere
902 2217 1011 2272 volunt.
1068 2215 1190 2271 Deinon
1206 2214 1371 2278 dormitant,
1388 2214 1437 2269 sed
1453 2213 1611 2284 semperin
1636 2211 1763 2267 novitate
1778 2210 1913 2266 desiderii

164 2306 297 2388 Cumque
314 2305 345 2360 iu
372 2305 555 2376 simplicitate
580 2304 633 2361 hac
658 2305 769 2376 fulgere
792 2306 916 2372 student,
945 2312 1014 2360 tune
1067 2304 1171 2358 enimse
1187 2304 1264 2358 velut
1282 2319 1386 2358 canens
1399 2302 1467 2357 tuba
1484 2307 1599 2371 sonant,
1615 2300 1691 2373 quod
1719 2305 1784 2355 sunt
1810 2299 1914 2354 arden-

167 2395 324 2465 posteriora
343 2394 419 2449 dorsi
447 2410 546 2449 eorum
573 2395 603 2448 in
620 2394 806 2466 palloreauri
823 2395 1011 2467 apparebunt,
1066 2391 1251 2464 tiasuspiria,
1281 2391 1386 2463 qirmin
1404 2389 1772 2447 nocturneobscurilatein
1788 2387 1912 2459 peccetis

168 2483 410 2556 quiaposteriora
437 2498 548 2550 corum,
566 2482 716 2554 inquibus
746 2482 773 2536 ln
793 2483 1013 2555 peccetisprius
1068 2482 1126 2536 uati
1142 2481 1177 2536 ad
1196 2481 1285 2536 licum
1322 2480 1439 2548 habent,
1468 2481 1583 2552 quaudo
1613 2495 1679 2534 euni
1706 2478 1735 2532 in
1759 2477 1863 2532 timore
1884 2481 1913 2530 et

166 2572 256 2626 lortee
295 2576 386 2639 eraut,
426 2587 490 2625 eum
526 2587 644 2642 peecare
679 2578 896 2637 consueverant,
937 2588 1013 2626 nunc
1067 2586 1164 2626 amore
1192 2574 1379 2640 cognoscunt,
1405 2570 1540 2632 dicentes,
1558 2567 1713 2640 quodipse
1742 2571 1855 2620 sanctus
1875 2565 1913 2620 sit

166 2664 243 2715 retro
264 2659 402 2730 projecta,
430 2658 460 2714 in
492 2659 596 2713 timore
625 2659 741 2714 Domini
770 2659 941 2730 sapientiam
961 2659 1012 2714 de·
1067 2659 1117 2731 qui
1142 2659 1240 2713 omnia
1265 2656 1549 2728 creas·erit,etquod
1578 2660 1691 2711 sanctus
1712 2655 1749 2710 sit
1767 2654 1817 2726 qui
1836 2669 1912 2710 uun·

166 2752 338 2816 monstrant,
364 2746 501 2818 quoniam
515 2747 544 2802 in
564 2747 648 2802 bouis
676 2747 787 2803 actibus
815 2747 951 2802 deaurata
968 2765 1011 2802 re·
1067 2763 1153 2819 quam
1181 2746 1309 2802 mortalis
1323 2746 1420 2812 fuerit,
1435 2751 1464 2800 et
1483 2746 1559 2816 quod
1580 2749 1694 2800 sanctus
1708 2743 1746 2798 sit
1759 2743 1810 2814 qui
1823 2742 1911 2798 inler-

165 2837 328 2912 spleudent.
1070 2851 1139 2891 num
1155 2835 1285 2906 fregerit,
1302 2839 1330 2888 et
1348 2833 1383 2889 ab
1407 2834 1456 2889 illo
1472 2833 1578 2888 eleetos
1596 2849 1663 2888 suos
1676 2832 1818 2888 eduxerit.
1834 2831 1912 2886 Beati

200 2926 339 2991 Quartum
379 2941 446 2979 vero
485 2924 593 2979 animal
629 2923 723 2979 simile
756 2923 859 2996 aquilos
893 2924 1012 2991 volenti,
1032 2929 1193 2996 Coumque
1208 2923 1342 2978 homines
1356 2922 1428 2977 bene
1444 2922 1590 2994 operando
1617 2927 1644 2976 et
1665 2919 1912 2978 lleumlaudendo

166 3013 304 3088 quosdam
320 3014 453 3068 homiues
478 3013 515 3068 de
542 3013 667 3084 peccatis
699 3028 730 3067 se
757 3012 936 3068 continentes
963 3030 1011 3066 os·
1067 3029 1216 3085 nunquam
1246 3012 1408 3081 cessabunt,
1433 3017 1461 3066 et
1484 3027 1549 3067 cum
1583 3011 1697 3081 operari
1729 3011 1910 3077 cessaverint,
1986 3043 1987 3070 1

166 3103 267 3170 tendit,
291 3103 341 3174 qui
355 3117 389 3156 ex
404 3101 530 3172 prelatis
557 3101 740 3156 secularibus
755 3099 791 3155 ad
806 3099 1013 3154 continentiam
1065 3106 1132 3174 post
1160 3099 1247 3158 linem
1276 3106 1372 3155 tamen
1386 3101 1451 3156 vilae
1474 3117 1533 3155 suoe
1558 3117 1576 3155 a
1599 3101 1684 3156 laude
1712 3098 1853 3155 Creatoris
1868 3100 1912 3153 sui

167 3195 295 3260 surgent,
310 3189 388 3242 velut
403 3189 432 3241 iu
459 3187 546 3241 llario
566 3185 732 3257 llagdalena
756 3186 862 3240 lectum
879 3191 932 3254 est,
947 3201 1013 3259 quae
1068 3205 1127 3244 non
1141 3187 1287 3244 desistent.
1309 3189 1369 3260 Ego
1397 3192 1495 3243 autem
1528 3189 1712 3260 paupercule,
1728 3187 1764 3242 ab
1792 3187 1913 3242 infautia

168 3278 267 3332 omnia
291 3279 406 3347 peecata
422 3290 473 3329 sua
500 3274 649 3344 abjiciens,
679 3289 713 3328 ea
727 3290 779 3346 pro
793 3274 852 3329 luto
867 3278 1014 3346 compota·
1068 3276 1245 3333 meadehilis
1268 3282 1297 3331 et
1323 3275 1448 3344 infirme,
1475 3277 1505 3332 in
1520 3277 1639 3348 mystica
1654 3282 1682 3331 et
1708 3291 1775 3331 vere
1802 3275 1913 3332 visione

168 3367 218 3432 vit,
234 3369 264 3420 et
289 3363 484 3435 itaoplimem
499 3369 610 3435 purtem
642 3363 731 3435 elegit
756 3365 832 3434 (luc.
858 3365 899 3434 s),
927 3369 956 3418 et
982 3363 1014 3419 in
1067 3366 1102 3420 ad
1129 3366 1203 3421 haue
1226 3365 1397 3437 scripturam
1421 3371 1519 3421 coacta
1547 3380 1621 3424 sum.
1648 3379 1770 3436 eamque
1785 3364 1815 3421 in
1832 3365 1912 3435 gravi

168 3470 272 3509 surore
286 3451 442 3507 sanctitatis
471 3450 611 3519 consedit,
628 3451 677 3507 sad
697 3451 727 3505 iu
746 3450 835 3506 reteri
859 3454 1014 3505 testamen·
1068 3452 1240 3524 egritudine
1251 3451 1280 3507 in
1295 3454 1367 3507 lecto
1378 3453 1488 3522 iacens,
1502 3454 1560 3508 Deo
1572 3452 1693 3523 jubente
1708 3459 1737 3508 et
1750 3452 1913 3522 adjuvaute.

169 3549 197 3599 to
212 3542 295 3598 multi
324 3546 443 3614 propter
464 3539 583 3595 taedium
613 3539 710 3594 saeeuti
737 3539 823 3611 hujus
838 3545 1013 3611 peccatere-
1067 3541 1233 3613 eouscripsi,
1268 3546 1410 3613 quatenus
1442 3541 1521 3596 illam
1548 3541 1675 3614 prietatis
1701 3545 1730 3596 et
1757 3540 1911 3611 magistris,

168 3629 348 3701 linquebant,
382 3628 510 3683 etmulti
539 3628 626 3683 etiarn
648 3634 767 3700 propter
786 3628 1014 3700 amorernjusti·
1067 3630 1166 3702 quiad
1191 3629 1340 3685 servitium
1369 3629 1420 3684 liei
1447 3629 1551 3701 signati
1568 3635 1644 3695 suut,
1664 3635 1911 3701 representamus,

167 3721 226 3788 tire,
256 3720 292 3774 de
322 3718 445 3789 peccatis
472 3733 503 3772 sa
526 3716 728 3784 continebaut;
758 3717 835 3772 hrrue
855 3723 952 3773 autem
982 3718 1013 3772 in
1069 3719 1144 3774 otiu
1164 3718 1226 3792 ipsa
1251 3720 1332 3791 quasi
1360 3718 1391 3775 in
1414 3721 1530 3790 speculo
1554 3718 1778 3784 considerarent,
1808 3718 1859 3790 qui
1885 3722 1914 3773 et

167 3823 242 3863 novo
268 3809 339 3877 sole,
358 3805 464 3861 scilicet
478 3806 508 3861 in
537 3806 648 3861 Christo
662 3806 737 3874 lesu,
758 3805 938 3861 continentes
959 3823 1013 3862 uo·
1068 3807 1167 3880 quales
1181 3817 1286 3873 esseut,
1302 3812 1331 3862 et
1342 3811 1374 3861 ut
1388 3821 1452 3862 eam
1468 3805 1524 3861 illis
1539 3806 1771 3863 demonstrarent
1784 3810 1813 3861 et
1828 3821 1911 3877 eper-

167 3896 324 3963 minantur,
353 3895 422 3967 quia
451 3894 482 3949 in
497 3893 709 3965 simplieitatem
735 3894 852 3949 iulantis
876 3895 926 3967 qui
948 3911 1013 3967 pec·
1066 3895 1152 3962 irent,
1178 3894 1228 3966 qui
1256 3909 1309 3966 per
1337 3893 1530 3950 obedientiam
1551 3893 1607 3948 illis
1632 3894 1754 3965 subjecti
1775 3897 1851 3948 suut.
1880 3895 1915 3950 Et

167 3990 230 4039 ente
243 3982 343 4049 nescit,
367 3986 529 4049 vertuntur,
551 3996 616 4035 eum
643 3980 699 4052 ipsi
717 3987 833 4054 peccata
848 3981 1012 4053 repudiant,
1067 3983 1162 4038 audivi
1189 3999 1286 4038 vocem
1302 3983 1337 4038 de
1351 3983 1423 4038 coelo
1446 3984 1606 4039 dicentem:
1628 3983 1718 4038 Nemo
1741 3983 1828 4038 verbe
1851 3982 1913 4038 haec

167 4077 276 4128 etcum
301 4086 335 4126 ee
359 4070 391 4123 in
420 4071 566 4123 voluntate
581 4068 722 4124 nesciunt.
752 4069 785 4123 ln
809 4069 920 4124 duabus
934 4069 1013 4125 cuim
1067 4075 1242 4141 contemnat,
1262 4087 1299 4127 ne
1325 4071 1349 4127 si
1374 4087 1407 4126 ea
1421 4071 1648 4144 comtempserit,
1662 4070 1786 4126 vindicta
1799 4071 1850 4126 uei
1865 4087 1914 4126 su·

166 4161 296 4232 partibus
310 4157 346 4214 ad
361 4155 488 4212 coelestia
502 4156 661 4212 escendunt
675 4159 812 4228 quonism
840 4173 906 4212 cum
934 4158 1013 4214 hone
1067 4175 1119 4232 per
1132 4175 1197 4216 eum
1215 4159 1307 4215 cedat.

166 4248 327 4304 intensione
341 4250 370 4302 st
383 4261 449 4301 eum
475 4251 571 4300 senes
590 4244 744 4314 desiderio,
765 4263 799 4300 es
818 4262 883 4318 que.
897 4225 1053 4303 suenni)
1367 4248 1532 4305 urrerem
1555 4248 1607 4306 m.

167 4341 244 4405 suut,
262 4351 321 4408 pre
334 4333 445 4390 ceteris
459 4335 509 4407 qui
524 4334 661 4388 soeculum
676 4334 757 4405 prius
782 4351 841 4390 uon
859 4351 1012 4406 cognosce·
1119 4339 1251 4393 Wsrurru
1273 4353 1306 4392 ue
1325 4337 1471 4406 ffiucueru,
1490 4353 1545 4393 eurr
1565 4352 1683 4394 curnem
1702 4353 1849 4393 sociemus

166 4425 247 4494 bant,
270 4424 413 4495 diligunt,
450 4428 484 4477 et
517 4423 596 4494 quia,
623 4422 696 4478 sicut
725 4423 833 4495 aquila,
860 4439 924 4496 quaa
952 4441 1012 4496 prae
1237 4424 1294 4463 ΒΜ
1312 4424 1456 4464 Flffllffllss
1475 4425 1509 4463 ΑΒ
1529 4409 1739 4464 fllfflfflfflss·

167 4512 230 4568 aliis
260 4512 424 4569 volatilibus
454 4511 557 4566 altiora
584 4513 665 4582 petit,
693 4511 734 4566 sie
756 4527 871 4567 sursum
903 4515 1011 4583 volant,
1101 4517 1202 4570 Preces
1213 4516 1327 4570 Sanctae
1344 4513 1535 4586 Hildepurdis
1548 4517 1630 4570 enixe
1696 4513 1810 4578 ludunt:
1825 4515 1911 4574 cerdo

166 4601 244 4675 quod
261 4603 299 4657 ita
313 4601 510 4656 incenderem
529 4605 644 4654 aeternee
664 4601 729 4654 vitm
748 4606 965 4668 convertuntur,
980 4608 1012 4657 ut
1163 4584 1258 4656 ‘'imi‘'
1269 4585 1377 4658 ‘mim
1389 4583 1636 4642 &mmmmm
1687 4602 1703 4640 θ
1712 4585 1819 4642 ῑθῖῑΰῑῖ·

166 4692 202 4747 de
217 4692 267 4747 illa
282 4689 406 4746 saturari
422 4704 480 4744 nou
505 4688 633 4760 possint;
654 4693 683 4743 et
708 4689 783 4761 qood
817 4689 872 4744 hoe
897 4706 951 4762 per
966 4706 1012 4745 er·
1102 4691 1267 4748 llruoreeem
1283 4697 1378 4748 mente
1403 4698 1432 4749 et
1446 4708 1565 4765 corpore
1581 4692 1687 4764 virgini
1708 4691 1909 4758 immaculate,

165 4781 264 4837 dorem
283 4780 341 4834 reri
373 4777 446 4834 Solis
475 4777 652 4848 conculeant,
682 4777 759 4848 qood
783 4777 873 4848 prius,
889 4779 1012 4849 peccatis
1065 4779 1281 4835 etecunabulis
1309 4781 1367 4836 lieo
1394 4782 1506 4853 dicatae,
1537 4782 1749 4838 tt'uarreausde
1766 4780 1909 4838 Kireheim

165 4869 297 4935 involuti,
322 4868 461 4924 lecerunt.
482 4864 513 4921 ln
540 4865 696 4920 fortissime
724 4881 838 4939 quoque
862 4866 888 4921 ri
903 4868 1010 4922 saneti·
1064 4881 1130 4922 cum
1151 4869 1260 4931 caeteris
1275 4869 1418 4925 societatis
1446 4886 1505 4926 suas
1532 4870 1679 4940 iratribus,
1707 4872 1738 4926 iu
1765 4870 1911 4941 parochiis

163 4960 232 5014 tatis
259 4958 452 5023 considerant,
476 4954 578 5027 quanti
599 4954 712 5009 dolores
739 4959 769 5009 ct
798 4971 884 5026 quam
914 4956 1012 5027 gravia
1064 4957 1123 5010 suis
1137 4955 1195 5012 Deo
1217 4957 1348 5029 quamvis
1376 4958 1527 5032 indignum
1556 4958 1727 5016 famulatum
1752 4958 1911 5014 exhibenti·

164 5047 335 5121 ponderain
359 5044 483 5117 peccatis
510 5049 587 5112 sunt,
604 5058 669 5116 quoe
695 5042 751 5114 ipsi
766 5043 912 5114 palpando
930 5045 1011 5116 prius
1063 5041 1126 5112 bus,
1151 5047 1282 5117 exemplo
1307 5045 1446 5102 Debborae
1473 5047 1592 5103 hostiles
1606 5052 1727 5114 turmas,
1753 5048 1811 5103 Deo
1826 5046 1908 5116 duce,

163 5137 326 5209 tetigerant,
356 5140 384 5189 et
407 5133 455 5189 ills
482 5147 559 5187 nunc
581 5137 615 5186 ut
639 5131 819 5186 mortiterum
840 5131 960 5186 cadaver
979 5133 1010 5188 in
1063 5139 1210 5206 proterere
1227 5132 1334 5205 (dedic.
1353 5133 1389 5206 r).

165 5225 325 5296 semetipsis
352 5222 495 5290 occidunt,
529 5226 558 5275 et
585 5236 688 5292 corpus
711 5237 795 5276 suum
831 5227 863 5276 ut
887 5221 1009 5278 occisam
1098 5221 1171 5287 Quia
1192 5222 1330 5278 virtutum
1355 5227 1515 5278 vestrarum
1540 5222 1696 5295 lragrsnlie
1713 5239 1774 5281 uon
1797 5224 1909 5281 modica

165 5329 245 5369 orem
274 5313 475 5382 coustringunt
499 5317 529 5365 et
560 5313 787 5381 persequuntur,
817 5314 903 5382 atque
918 5311 959 5366 sic
979 5311 1009 5366 iu
1061 5313 1205 5366 terrarum
1220 5311 1312 5382 spatia
1331 5311 1477 5382 dispersit,
1506 5327 1540 5367 eo
1555 5311 1633 5383 quod
1657 5327 1716 5368 uon
1732 5312 1826 5368 solum
1842 5328 1908 5384 ope·

165 5401 313 5457 ardentem
341 5399 429 5455 solem
453 5397 605 5470 aspiciunt,
641 5395 740 5451 omnia
770 5396 918 5452 'secularis
943 5415 1009 5472 quae
1062 5400 1121 5456 reri
1135 5399 1222 5466 bona,
1250 5416 1349 5456 verum
1371 5401 1458 5458 eliam
1472 5402 1646 5475 prophetare
1664 5401 1770 5466 futura,
1784 5407 1909 5458 contem·

165 5495 230 5546 anta
255 5491 458 5561 cognoverant,
485 5491 563 5541 retro
579 5484 748 5559 abjiciendo,
770 5491 799 5542 et
824 5485 1009 5559 propulsare
1062 5487 1137 5561 plari
1172 5488 1296 5544 coelestia
1322 5488 1445 5560 Spiritus
1473 5490 1564 5546 sancti
1592 5490 1684 5562 gretia
1711 5507 1761 5546 eor
1780 5496 1907 5548 vestrum
