3984 6034
700 184 843 242 SCthAS.
857 186 967 241 -hllh
989 186 1036 247 lli,
1059 186 1149 242 ttsto
1170 186 1192 244 1.

709 475 883 562 LIBER
930 475 1185 565 TERTIUS.

761 672 913 746 visto
955 672 1135 748 eatur.

65 867 251 918 suassaius.
279 891 314 903 -
334 861 415 928 Quod
437 861 527 917 cordo
545 860 679 929 fidelium
698 861 799 916 timere
812 863 841 915 et
864 862 995 917 reuereri
1023 861 1125 917 debent
1155 862 1395 935 magnitudinem,
1421 862 1615 924 lutitadinerrt.
1642 865 1825 923 altitudinem

105 933 222 990 timoris
248 931 372 989 ltomr'ni.
403 932 483 998 Quod
510 933 604 986 oraru'r
628 931 726 996 fidelis
746 930 851 989 auimo
870 935 1019 1059 mm
1050 933 1154 988 timeus
1175 935 1274 1000 Deum,
1297 951 1350 1006 per
1370 933 1457 996 tidem
1481 935 1563 990 seder
1593 933 1643 990 ltei
1668 941 1720 990 eet.
1747 939 1826 1002 Quod

100 1003 294 1074 prosmrditm
303 1002 506 1074 mysteriorum
519 1001 576 1070 net,
587 1001 748 1058 mentetua
757 1002 901 1073 iuoompre
979 1004 985 1015 '
1004 1002 1054 1058 ilis
1065 1007 1117 1072 erl,
1129 1002 1187 1058 nisi
1200 1005 1422 1076 quantum,ipso
1433 1003 1567 1071 donante,
1583 1005 1639 1062 dds
1653 1005 1824 1078 coneipitur.

105 1076 189 1141 Quod
202 1075 273 1130 inse
301 1072 307 1083 ‘
344 1071 386 1128 tic
402 1071 456 1126 Dei
471 1073 573 1127 Pclrr'r
651 1089 776 1127 errrorem
791 1072 862 1127 Filii
871 1073 918 1127 sui
980 1073 1070 1140 sectio
1088 1074 1215 1129 omnium
1228 1075 1383 1130 electorum
1399 1079 1567 1147 computata
1580 1080 1632 1130 ert.
1658 1077 1826 1148 Exemplum

103 1144 140 1201 irs
154 1146 273 1215 Eocnpe
286 1144 347 1198 ium
360 1143 395 1198 da
406 1144 507 1198 eodem
520 1157 564 1198 re.
579 1089 651 1210 geza
661 1141 739 1214 ripnr'
777 1148 805 1197 et
817 1144 912 1198 tutem
936 1143 1054 1200 imurin
1120 1147 1182 1200 tore
1193 1148 1221 1198 el
1235 1161 1286 1200 cer
1300 1146 1382 1201 bomo
1399 1147 1436 1201 ab
1461 1147 1564 1218 cepeto
1582 1162 1640 1202 non
1659 1151 1823 1218 raperetur.

112 1216 208 1271 Verbo
220 1214 307 1271 lsciae
320 1213 360 1295 ud
373 1213 503 1269 eamdem
516 1228 591 1294 rem.
610 1213 706 1294 Verbo
721 1213 908 1281 pauonum
928 1161 1119 1294 nemesis?
1133 1214 1164 1270 iu
1178 1215 1253 1272 Filio
1274 1231 1325 1272 rito
1339 1217 1375 1272 ub
1398 1233 1505 1273 aurora
1535 1217 1652 1288 Virgine
1673 1218 1826 1276 incarnato

102 1286 387 1367 opetulenorrlmot
407 1300 445 1364 oo
461 1285 575 1356 perficit
595 1299 695 1364 omrem
710 1301 800 1355 opero
820 1301 885 1340 run.
918 1287 959 1338 Dr
985 1286 1094 1340 circulo
1117 1289 1250 1366 pyrunte.
1276 1287 1355 1354 Quod
1370 1289 1496 1360 potestus
1518 1287 1665 1344 Deiotlior
1680 1294 1723 1370 est
1736 1305 1825 1370 quoru

101 1355 372 1436 tommsmerrdnm
385 1358 433 1420 erl,
446 1358 475 1409 et
487 1371 540 1435 ear
550 1355 649 1435 aspen
661 1355 778 1438 laudent
792 1356 998 1436 vermiumque
1010 1361 1243 1438 cornmatolrooe.
1264 1358 1344 1425 Quod
1368 1361 1440 1414 oeus
1463 1361 1505 1413 erl
1522 1361 1689 1436 perspicuo¹
1699 1363 1824 1442 poetelio,

102 1443 188 1481 neres
215 1432 243 1481 el
258 1430 370 1496 justris.
400 1425 481 1492 Quod
506 1428 607 1506 orrtur,
634 1428 801 1505 Jurtrlre'el
818 1425 960 1508 padusam
986 1431 1037 1510 lter
1057 1427 1169 1482 uultum
1186 1427 1274 1492 finem
1293 1427 1397 1484 babent
1415 1429 1490 1500 quod
1511 1429 1713 1510 comprebmdr
1730 1435 1825 1502 posset

102 1496 1057 1639 mrtffl·0l.lt‘tl0.lllr“rl”dssdiimitffht
1072 1501 1211 1624 iiim
1224 1502 1250 1554 ⁶*
1270 1498 1456 1625 uuit
1471 1500 1720 1627 ttert'ttt
1732 1501 1827 1628 {itit

100 1635 536 1780 {magdetofflpga'lrzaenlleztnpqness
545 1585 1099 1776 olcssitffidssmitfflqui‘
1113 1586 1264 1766 11381εὲξὲ
1278 1585 1486 1766 Εωξηιηρζιῖψίε
1500 1639 1615 1698 delictit
1627 1643 1655 1696 et
1669 1641 1704 1696 de
1724 1641 1824 1697 Dauid.

283 1725 303 1780 q
354 1725 387 1762 m
732 1749 741 1774 ,
800 1725 1102 1780 myerromcomoo
1139 1727 1167 1764 es
1204 1726 1562 1783 rsoprocersrmuoem.

104 2010 138 2063 at
153 2023 209 2080 ego
222 2007 311 2062 homo
324 2009 439 2076 sumpta
452 2004 489 2059 ab
510 2003 575 2058 aliis
589 2002 766 2073 hominibus,
785 2019 849 2075 qna
863 2018 922 2058 non
941 2005 1032 2071 hest,
1047 2003 1106 2059 vidi
1128 2002 1222 2060 subito
1249 2003 1278 2060 iu
1306 2019 1406 2060 earnm
1441 2003 1627 2062 exstinctione
1658 2007 1762 2062 reverti
1789 2006 1825 2062 ad

65 2094 416 2169 dignanominatihomo
429 2099 549 2165 propter
570 2093 828 2164 transgressionem
849 2091 923 2164 legis
976 2093 1072 2166 ipsum
1085 2093 1233 2148 sedentem
1248 2092 1278 2148 in
1300 2091 1414 2148 throno.
1437 2093 1471 2148 nt
1493 2093 1588 2149 audivi
1612 2107 1680 2150 sum
1702 2095 1754 2167 qui
1781 2111 1825 2150 se·

68 2185 132 2249 Dei,
155 2197 221 2237 curn
241 2181 376 2246 deberem
399 2195 461 2236 esse
485 2180 564 2251 justa
588 2185 618 2234 et
645 2180 700 2234 sim
728 2179 845 2252 injusta,
866 2179 923 2234 nisi
976 2181 1063 2236 debat
1083 2180 1112 2235 in
1137 2180 1239 2236 throno
1262 2180 1334 2236 mihi
1354 2180 1516 2236 dicentem:
1541 2181 1639 2238 Scribe
1663 2198 1728 2254 quse
1746 2184 1826 2240 rides

65 2270 148 2343 qnod
158 2268 426 2325 Deicreatnrasnm
446 2267 539 2339 ipsius
559 2267 661 2338 gratia,
682 2283 748 2338 ques
769 2283 815 2322 me
836 2267 922 2323 etiam
977 2275 1007 2325 et
1020 2269 1111 2325 audis.
1130 2270 1164 2325 lit
1186 2269 1319 2342 respondi
1339 2269 1374 2326 de
1397 2269 1528 2326 interiori
1551 2270 1668 2326 scientia
1696 2270 1824 2342 ejusdem

63 2357 212 2414 salvabit:
228 2356 286 2412 ridi
301 2356 337 2412 ad
352 2355 693 2424 orientem,etecceillic
716 2356 852 2428 conspexi
871 2371 921 2410 re·
975 2357 1116 2414 visionis:
1135 2360 1214 2431 Rogo
1241 2364 1279 2426 te,
1304 2359 1343 2414 mi
1369 2359 1499 2428 Domine,
1526 2367 1559 2416 ut
1576 2360 1647 2416 mihi
1667 2361 1717 2417 des
1739 2360 1824 2416 intel·

64 2444 361 2517 lutilapidemnnnm
382 2448 476 2498 tutum
495 2443 642 2514 integrum
658 2441 808 2498 immensae
825 2442 921 2498 latitu-
975 2448 1093 2518 lectum,
1136 2451 1277 2520 quatenus
1310 2447 1420 2520 possim
1456 2448 1658 2506 enarrabiliter
1695 2449 1856 2520 prolerre·

66 2535 147 2591 dinis
161 2531 431 2607 atquealtitudinis,
456 2532 583 2587 terreum
606 2531 733 2588 colorem
757 2531 921 2598 habentem,
976 2537 1038 2591 trae
1053 2535 1181 2606 mystica,
1206 2540 1235 2591 st
1259 2552 1295 2591 ne
1318 2536 1502 2608 derelinquas
1522 2553 1587 2602 me;
1613 2537 1663 2593 sed
1684 2538 1824 2592 conlirma

66 2630 201 2696 etsuper
214 2622 311 2693 ipsum
324 2619 477 2676 candidam
491 2619 600 2676 nubem
616 2635 766 2692 :acsnper
784 2635 848 2674 earu
875 2635 923 2691 po
974 2623 1071 2679 mein
1094 2639 1198 2680 aurora
1224 2629 1282 2680 ture
1294 2624 1424 2696 justitiae,
1451 2624 1549 2697 inqua
1568 2625 1817 2682 manifestatrrsest

69 2711 159 2765 sitnm
181 2710 310 2781 regalem
330 2708 468 2763 thronum
486 2706 655 2774 rotundum,
683 2707 782 2779 inquo
806 2706 923 2762 sedebat
977 2711 1066 2768 Filius·
1081 2715 1156 2780 tuos,
1169 2715 1198 2767 et
1215 2711 1252 2767 de
1263 2711 1335 2767 mihi
1353 2712 1499 2784 quomodo
1523 2711 1675 2784 pessimat
1700 2713 1826 2785 qualiter

64 2799 183 2870 juvenis
197 2796 364 2870 perlucidus
385 2794 527 2852 mirabilis
543 2794 656 2866 gloria,
672 2800 818 2868 tantaeque
835 2795 921 2850 clari·
976 2797 1096 2869 debeam
1111 2799 1239 2870 prolerre
1260 2798 1391 2854 divinum
1411 2797 1577 2865 consilium,
1593 2800 1669 2872 qnod
1691 2800 1723 2855 in
1746 2801 1822 2856 anti·

67 2889 135 2942 tatis
150 2891 184 2942 ut
208 2886 375 2941 nallatenus
394 2898 464 2939 snm
475 2883 628 2956 perspicue
655 2883 764 2939 intueri
783 2885 921 2952 valerem,
976 2904 1035 2960 quo
1050 2888 1170 2943 consilio
1186 2887 1351 2944 ordinatum
1370 2892 1428 2958 est3
1445 2888 1590 2960 quomodo
1613 2888 1717 2944 Filium
1741 2893 1823 2944 tuum

66 2973 269 3046 habensquasi
283 2972 314 3028 in
326 2977 443 3044 pectore
458 2988 511 3028 sno
531 2972 635 3028 limum
652 2973 770 3044 nigrum
794 2975 823 3026 et
843 2973 921 3028 lutn·
975 2974 1091 3032 voluisti
1104 2975 1258 3044 incarnari,
1276 2975 1316 3030 ita
1330 2979 1362 3031 ut
1381 2976 1468 3032 homo
1494 2975 1548 3031 sub
1571 2980 1702 3047 tempore
1729 2976 1822 3042 fieret,

66 3066 189 3130 lamium,
204 3063 296 3118 1⁸¹⁰OE
320 3062 413 3116 ΠΜ
440 3060 561 3116 humani
589 3061 724 3132 Ρθῦῑῡΐίὅ»
760 3060 920 3116 circumda·
974 3067 1030 3122 hoc
1045 3065 1142 3120 volens
1165 3069 1231 3120 ante
1261 3079 1377 3120 omnem
1403 3067 1563 3120 creaturam
1587 3063 1615 3119 in
1643 3063 1824 3138 simplicitate

65 3159 129 3208 tum
145 3151 289 3223 lapidibus
298 3148 431 3222 pretiosis
446 3154 533 3222 atque
557 3150 732 3220 margaritis.
756 3151 790 3205 lit
802 3150 838 3204 de
859 3149 922 3221 ipso
974 3161 1026 3209 tna
1040 3157 1069 3209 et
1084 3152 1116 3208 in
1137 3152 1205 3224 igne
1226 3152 1367 3209 columbae
1386 3152 1493 3208 sutioet
1516 3152 1638 3224 Spiritus
1662 3153 1761 3222 sancti,
1792 3157 1824 3208 ut

65 3240 165 3296 lucido
199 3240 316 3295 ”dente
347 3239 380 3293 in
411 3238 518 3293 throno
557 3237 768 3310 protendebant
797 3253 921 3311 magnus
974 3241 1037 3312 ipse
1058 3241 1146 3296 Filius
1168 3246 1246 3310 tuus,
1264 3241 1345 3312 qussi
1370 3240 1519 3312 splendida
1542 3239 1609 3295 solis
1625 3239 1719 3296 torma
1733 3240 1820 3296 mira·

66 3329 193 3385 circulus
207 3326 402 3382 anreiooloria
415 3330 560 3382 utaurora
579 3326 673 3397 (cnjus
698 3327 920 3398 amplitudinem
942 3300 1072 3385 Bbiliter
1081 3344 1212 3402 surgens,
1237 3328 1267 3384 in
1290 3328 1445 3400 incipiente
1467 3329 1559 3399 capite
1581 3327 1753 3401 virginitatis
1776 3346 1822 3384 ve·

68 3417 247 3474 nullomodo
260 3414 507 3487 comprehendere
520 3414 614 3486 potui)
633 3415 788 3487 wansab
808 3414 921 3470 oriente
973 3418 1077 3474 raoiter
1105 3418 1274 3474 inducretur
1312 3417 1492 3472 humanitate
1533 3421 1651 3488 propter
1672 3417 1818 3474 hominem

67 3509 105 3563 ad
118 3505 359 3578 septentrionem,
375 3503 453 3560 etad
467 3503 649 3559 occidentem
668 3509 755 3577 etque
771 3503 807 3558 ad
835 3503 921 3559 meri·
974 3511 1090 3578 sumpta
1104 3505 1231 3562 hominis
1249 3505 1352 3561 forme.
1376 3507 1409 3559 Et
1436 3505 1541 3560 iterum
1565 3505 1660 3562 audiri
1684 3521 1749 3561 enm
1778 3507 1819 3562 di·

67 3594 254 3663 diem,itass
276 3593 427 3647 rellectene
448 3591 485 3646 ad
504 3591 645 3647 orientem
668 3591 705 3646 ed
727 3591 823 3662 ipsum
844 3590 920 3646 luci·
974 3599 1086 3650 centem
1097 3593 1168 3649 mibi
1185 3595 1323 3665 :Oquam
1343 3592 1457 3664 pulchri
1477 3596 1544 3648 sunt
1565 3593 1641 3647 oculi
1658 3593 1699 3648 tui
1724 3594 1755 3648 in
1778 3595 1819 3650 di-

65 3685 146 3749 dum,
163 3681 317 3738 necnttum
328 3679 440 3736 habens
468 3678 568 3736 finem.
586 3680 620 3734 nt
639 3678 764 3734 circulus
791 3678 840 3733 ille
858 3684 921 3733 erat
974 3683 1041 3739 rina
1064 3683 1239 3748 narratione,
1260 3681 1330 3737 dum
1356 3680 1397 3736 ibi
1416 3681 1564 3752 consurgit
1591 3697 1695 3736 eurora
1722 3681 1751 3736 in
1777 3682 1820 3736 di·

66 3791 84 3827 a
107 3776 185 3827 terre
208 3773 295 3825 tantoe
333 3767 505 3831 altitudinis,
532 3771 564 3823 ut
586 3783 651 3823 eam
676 3767 919 3838 comprehendere
975 3771 1042 3826 vino
1055 3770 1185 3826 sensilia.
1200 3771 1235 3825 Et
1248 3769 1353 3838 iterum
1368 3767 1503 3840 respondi
1513 3769 1548 3824 de
1558 3767 1689 3824 interiori
1702 3768 1822 3826 scientia

66 3877 127 3917 non
147 3873 272 3931 possem,
299 3873 333 3912 er
355 3873 385 3912 se
409 3856 532 3912 reddens
552 3855 734 3928 splendorem
761 3856 842 3910 valde
860 3861 917 3910 ter-
973 3860 1091 3916 visionis
1102 3859 1193 3932 ipsius
1209 3874 1215 3914 :
1232 3861 1292 3930 Ego
1303 3857 1374 3914 mihi
1385 3873 1509 3929 appareo
1526 3856 1555 3911 in
1566 3857 1629 3911 sinn
1644 3855 1734 3912 animi
1752 3857 1818 3924 mei,

67 3949 195 4015 rihtlem,
218 3946 327 4002 scilicet
364 3944 480 4016 lapidei,
504 3944 625 4016 calybei,
654 3943 792 4016 igneique
815 3943 920 3999 coloris
972 3952 1006 4004 ut
1019 3947 1092 4003 cinis
1107 3947 1227 4002 cinereae
1241 3945 1412 4019 putredinis,
1429 3951 1458 4002 et
1472 3945 1546 4000 sicut
1566 3945 1660 4016 pulvis
1676 3944 1821 4000 instabili-

68 4037 198 4109 nndiquc
220 4033 379 4090 secundnm
401 4033 622 4105 amplitudinem
645 4049 728 4088 suam
749 4047 864 4088 sursum
887 4031 918 4086 in
972 4036 1050 4103 tatis,
1067 4036 1143 4090 unde
1159 4036 1244 4091 sedeo
1258 4050 1367 4106 parens
1381 4034 1410 4089 in
1425 4033 1528 4089 umbra
1542 4032 1617 4088 sicut
1633 4049 1745 4105 penna;
1770 4033 1819 4088 sed

66 4123 249 4181 altitudinem
268 4122 345 4192 omli,
366 4125 396 4176 et
416 4121 554 4177 deorsum
575 4121 605 4176 in
627 4120 802 4193 protundum
824 4119 918 4192 abyssi
973 4140 1010 4180 ne
1036 4125 1131 4180 dcless
1153 4139 1199 4178 me
1224 4124 1356 4179 deterre
1384 4121 1543 4178 viventium
1563 4126 1596 4177 ut
1618 4123 1819 4194 peregrinam:

66 4215 107 4270 ita
119 4230 151 4268 se
160 4211 376 4277 extendentem,
387 4216 419 4265 nt
429 4210 542 4266 nulium
557 4211 646 4266 tinem
658 4209 722 4280 ejus
738 4208 835 4264 videre
858 4207 918 4264 sut·
973 4211 1041 4285 qnia
1055 4211 1086 4267 in
1102 4227 1207 4282 magno
1217 4210 1323 4266 sudore
1334 4211 1434 4266 laboro
1448 4210 1540 4266 inbac
1567 4209 1686 4276 visione,
1703 4215 1732 4264 et
1747 4209 1821 4281 :qnia

67 4305 193 4358 ticerem.
222 4299 285 4354 Vidi
319 4299 406 4354 etiam
444 4305 514 4354 tunc
545 4298 580 4354 de
605 4302 714 4354 secreto
737 4297 863 4353 sedentis
886 4296 917 4352 iu
972 4299 1059 4355 etiam
1076 4299 1111 4355 de
1123 4299 1231 4354 vilitate
1255 4298 1313 4353 mei
1337 4297 1419 4354 stulti
1434 4313 1534 4352 sensns
1557 4296 1608 4368 qui
1629 4312 1709 4351 meus
1726 4301 1769 4351 est
1788 4295 1821 4350 in

66 4392 174 4446 throno
188 4387 301 4442 stellam
314 4401 462 4457 magnam,
487 4385 607 4456 plurimi
625 4385 788 4457 splendoris
805 4401 839 4440 ac
867 4385 916 4440 dc·
972 4403 1069 4456 earne,
1084 4393 1187 4460 reputo
1202 4402 1247 4442 me
1257 4387 1424 4458 frequenter
1436 4384 1468 4440 in
1489 4383 1643 4440 minimum
1658 4384 1727 4440 etin
1742 4383 1817 4438 vilis-

62 4476 139 4532 coris
152 4473 355 4547 prodeuntem,
370 4478 400 4528 et
412 4488 480 4528 cum
491 4489 527 4528 es
549 4474 706 4544 plurimam
732 4471 917 4528 candentium
971 4475 1077 4532 simum
1091 4474 1335 4547 locnm‚itaquod
1351 4490 1409 4528 non
1430 4473 1484 4528 sim
1501 4472 1693 4544 dignavooari
1722 4471 1818 4538 homo,
1882 4469 1886 4474 “

65 4563 257 4621 scintillarum
273 4561 500 4630 multitudinem,
520 4577 586 4633 qnae
599 4577 666 4616 cum
688 4561 769 4616 steila
782 4561 833 4616 itlc
853 4575 915 4616 om·
936 4564 1041 4651 Curtia
1055 4563 1135 4620 raldo
1150 4563 1239 4619 timeo
1254 4579 1312 4618 non
1327 4561 1437 4618 audens
1455 4565 1505 4616 tna
1530 4557 1665 4630 mysteria
1690 4574 1817 4612 narrare.

64 4669 117 4708 nes
135 4651 245 4707 eductae
264 4649 300 4706 ad
324 4653 466 4716 austrum,
491 4647 684 4720 inspiciebant
713 4648 862 4705 sedentem
883 4649 915 4703 in
969 4652 1083 4708 0bone
1103 4668 1136 4708 ac
1152 4651 1229 4708 mitis
1249 4653 1343 4720 Pater,
1359 4650 1429 4706 doce
1450 4663 1496 4704 me
1520 4663 1585 4720 qnae
1612 4651 1661 4701 tua
1688 4647 1818 4702 voluntas

64 4739 259 4812 throuoqnasi
279 4738 420 4805 alienum,
440 4753 529 4809 seque
545 4737 582 4794 ab
593 4753 627 4793 eo
648 4742 807 4793 everuntes
824 4737 916 4809 magis
969 4737 1015 4806 sit,
1031 4737 1100 4812 quid
1124 4737 1244 4794 debeam
1259 4737 1399 4810 proferre.
1419 4737 1441 4791 0
1458 4741 1489 4792 tn
1511 4735 1665 4791 metuende
1685 4734 1770 4788 Pater
1790 4737 1818 4788 ct
1932 4795 1935 4800 ,

67 4826 446 4900 iuhiahaatedaquilonem
465 4841 554 4898 quam
568 4826 599 4881 in
613 4842 682 4882 eom
697 4825 836 4898 inspicere
854 4826 916 4882 vel·
970 4832 1032 4883 otu
1049 4826 1225 4895 dulcissime,
1255 4832 1284 4882 ct
1308 4842 1326 4881 o
1349 4833 1380 4882 tu
1408 4823 1493 4896 plene
1520 4821 1754 4894 omnistgratim,
1782 4837 1818 4874 ne

66 4921 134 4974 lent.
159 4915 215 4972 Sed
235 4914 333 4971 statim
349 4915 379 4970 in
393 4914 616 4986 ipsaaversious
638 4914 825 4986 inspectionis
845 4930 915 4980 ente,
970 4914 1162 4987 derelinquas¹
1174 4929 1238 4970 me:
1257 4914 1305 4970 sed
1325 4929 1462 4970 oensem
1477 4928 1523 4968 me
1538 4911 1568 4967 in
1588 4916 1639 4966 tna
1660 4909 1819 4964 misericor·

66 5021 166 5060 ornnes
179 5003 464 5072 exstinctmsunt,sic
479 5004 614 5058 romain
635 5003 793 5058 carbonum
819 5002 917 5072 nigre-
971 5003 1028 5059 dia.
1059 5005 1091 5058 tu
1119 5002 1223 5058 iterum
1254 5001 1349 5058 audivi
1378 5001 1512 5058 eumdem
1542 4999 1614 5055 mihi
1636 4997 1778 5054 dicentem
1805 5013 1812 5050 2

68 5095 175 5151 dinem.
202 5093 236 5148 et
250 5106 315 5148 occe
337 5096 440 5146 ventus
464 5089 588 5146 turbinis
603 5096 683 5146 ortus
708 5096 753 5145 est
772 5089 809 5144 ab
836 5088 916 5160 ipsis,
971 5094 1051 5147 Nunc
1063 5091 1109 5146 die
1123 5092 1267 5164 quomodo
1282 5091 1380 5146 edocta
1396 5107 1435 5145 es.
1453 5090 1568 5144 volout
1585 5086 1682 5141 dicas:
1709 5083 1818 5150 Quam-

66 5183 116 5256 qui
139 5198 189 5236 eas
219 5196 286 5235 mox
309 5181 345 5234 ab
367 5185 465 5234 austro
487 5183 565 5234 retro
590 5179 739 5234 maenum
762 5178 791 5232 in
815 5179 918 5234 throno
973 5180 1015 5235 vis
1029 5179 1100 5235 cinis
1117 5179 1163 5235 sis.
1179 5181 1228 5234 ttio
1250 5179 1452 5234 revelationem
1477 5178 1559 5248 panis
1583 5176 1633 5246 qui
1656 5173 1744 5228 Filius
1769 5173 1816 5228 liei

67 5271 189 5344 projecit
203 5270 238 5325 ad
251 5268 440 5342 laqnitonem,
457 5266 642 5341 precipimus
650 5268 684 5323 in
705 5267 849 5339 abyssum,
878 5265 920 5324 ita
973 5267 1086 5340 est,qui
1107 5268 1164 5324 vita
1181 5275 1224 5322 est
1245 5269 1276 5324 in
1296 5269 1381 5342 igneo
1399 5282 1508 5335 amore,
1530 5279 1647 5321 omnam
1670 5267 1816 5319 mortuum

70 5365 100 5414 nt
122 5372 224 5414 earum
254 5357 380 5430 amplius
412 5358 522 5413 nnllam
545 5357 644 5414 ridere
665 5356 800 5411 ruerem.
818 5355 918 5427 Splen-
973 5357 1114 5413 suscitans
1134 5357 1164 5412 in
1188 5357 1286 5416 anima
1308 5363 1336 5412 et
1361 5371 1490 5427 corpore,
1514 5353 1818 5424 etdissolutapeeeata

70 5448 171 5504 dorem
199 5450 298 5503 antem
325 5447 409 5503 ittam
440 5461 577 5518 magnum
613 5445 662 5517 qui
687 5445 727 5501 eis
763 5445 920 5502 abstractus
974 5445 1106 5501 relaxans
1129 5446 1159 5502 in
1187 5460 1288 5500 serena
1309 5443 1449 5506 claritate,
1475 5441 1537 5514 ipse
1556 5440 1671 5497 initium
1695 5435 1818 5494 suseita-
