3984 6034
167 221 218 274 eet
912 212 940 267 S.
961 211 1196 271 lllLllEGdllDlS
1863 215 1936 272 292

169 359 229 410 tem
253 369 318 409 eum
342 350 481 406 varietate
502 347 552 404 illa
576 348 695 415 babens,
728 349 804 420 quod
829 365 892 404 cem
912 348 1020 421 ubique
1039 351 1229 409 ltexercitum
1255 365 1339 406 suum
1367 349 1475 416 eduxit,
1496 351 1519 406 si
1546 350 1682 406 vexillum
1712 367 1796 406 suum
1816 350 1936 424 aliquis

169 457 298 514 spargas,
314 438 557 513 quemadmodum
579 437 702 492 ventiin
729 437 840 492 viribus
862 437 922 492 suis
936 437 1019 492 divisi
1071 441 1134 495 vilis
1159 445 1245 495 homo
1273 441 1376 496 cadere
1401 439 1553 512 permittit,
1578 441 1651 496 alius
1674 440 1719 495 vir
1746 440 1935 496 fortissimus

169 536 245 586 suut.
261 528 367 602 Aquilo
383 527 657 600 namquepercutit,
673 527 793 580 etnullo
808 525 1017 597 medoparcit;
1071 528 1143 585 illud
1164 530 1255 585 elevat
1278 547 1310 586 ec
1341 535 1458 586 strenue
1490 535 1594 601 portat,
1621 529 1840 602 propterquod
1872 530 1935 584 do-

169 619 218 675 sed
242 617 315 672 alius
329 622 432 672 ventus
458 615 506 671 isti
524 615 555 670 in
576 615 674 687 aliquo
695 614 797 669 similis
822 621 866 670 est
886 614 935 687 qui
950 630 1018 670 eum
1072 615 1168 671 miuus
1192 633 1261 671 suus
1285 617 1379 689 ipsum
1403 618 1485 674 valde
1511 624 1599 686 amat,
1625 623 1653 674 et
1683 633 1821 688 maguum
1844 633 1930 688 prae-

168 707 298 763 sustinet.
315 707 393 761 Alios
407 720 474 760 vero
499 708 602 760 ventus
627 703 716 758 bisin
739 702 939 758 blandimento
966 706 1017 757 oti·
1074 703 1163 760 mium
1178 705 1205 759 ei
1219 705 1277 760 dat.
1293 705 1339 760 Sic
1352 709 1382 760 et
1402 705 1454 760 tibi
1475 703 1534 769 fiet,
1551 705 1574 760 si
1591 705 1621 760 in
1641 705 1702 760 uice
1720 705 1825 761 Christi
1850 711 1931 759 stre-

167 795 231 851 vius
252 801 311 858 est;
339 793 389 848 sed
410 794 483 848 alius
511 809 613 848 omues
644 808 693 847 eos
729 795 879 863 temperet.
913 792 1018 864 Aquilo
1072 808 1128 848 nne
1155 809 1220 848 cum
1242 809 1276 848 eo
1298 792 1421 849 laboras.
1446 794 1522 849 llam
1546 798 1641 849 autem
1664 797 1715 850 tua
1739 794 1771 848 iu
1790 793 1927 866 quadam

168 884 247 941 enim
261 884 346 939 llrme
360 881 502 953 correptio
524 886 576 946 est,
592 881 623 935 iu
637 896 695 952 qua
709 880 841 952 quaedam
869 879 913 935 ira
939 882 1016 935 latet.
1070 881 1146 937 bona
1173 882 1333 938 intentione
1375 883 1410 938 ad
1439 883 1529 938 neum
1567 882 1674 950 rutilat,
1717 882 1766 938 sed
1798 881 1925 954 quidam

169 971 224 1028 Sed
255 971 373 1043 quidam
396 969 470 1025 alius
501 974 604 1024 ventus
628 984 695 1024 eum
724 985 789 1024 cum
813 968 965 1024 severitate
989 973 1019 1024 et
1071 976 1172 1027 ventus
1200 970 1322 1027 turbinis
1363 969 1511 1041 cuiusdam
1553 969 1716 1026 inutilitatis
1748 976 1776 1025 te
1804 969 1925 1040 fatigat,

169 1061 340 1117 discretione
374 1061 525 1126 sustentat,
572 1062 604 1112 ut
630 1057 717 1113 bomo
754 1057 832 1130 juste
869 1057 1016 1129 corripiat.
1071 1077 1158 1134 quem
1168 1066 1265 1116 tamen
1279 1059 1402 1132 Spiritus
1418 1064 1533 1115 sanctus
1554 1064 1614 1114 ate
1627 1057 1749 1128 abjiciet.
1765 1058 1800 1112 Et
1813 1058 1925 1129 plateae

167 1151 276 1205 Ventus
290 1153 388 1204 eutem
408 1147 459 1218 qui
483 1145 553 1218 ipsis
568 1145 704 1201 declivior
728 1151 770 1200 est
791 1145 939 1201 bominem
964 1145 1017 1200 mi·
1071 1150 1262 1222 quarumdam
1291 1149 1439 1204 civitatum
1469 1146 1618 1204 lutulente
1652 1151 1729 1215 sunt,
1757 1151 1786 1201 st
1810 1146 1927 1202 calcea-

169 1237 330 1294 ssricordiae
360 1242 389 1291 et
410 1236 492 1308 pium
507 1250 569 1290 esse
589 1234 683 1304 docet,
705 1234 745 1289 ita
769 1235 845 1307 quod
866 1235 898 1289 iu
922 1233 1017 1304 seipso
1071 1241 1168 1294 ments
1182 1236 1375 1309 quorumdam
1397 1235 1547 1291 bominum
1572 1234 1725 1306 putredine
1740 1233 1924 1304 plenasuut,

168 1328 255 1382 etiarn
278 1340 516 1398 unumquemque
539 1323 627 1378 ulium
650 1323 797 1378 bominem
811 1339 872 1378 esse
886 1323 1017 1378 recorde-
1071 1342 1103 1380 ac
1122 1325 1234 1396 justitia
1251 1339 1316 1380 cum
1332 1322 1487 1396 iniquitate
1504 1322 1672 1378 obnubilata
1690 1325 1743 1387 est,
1759 1325 1788 1376 et
1809 1336 1924 1392 praece·

167 1422 230 1484 tur;
247 1415 328 1470 etita
344 1419 446 1468 centus
469 1413 523 1467 iste
549 1411 649 1466 oculus
675 1411 844 1466 eorumdem
866 1417 1017 1466 ventorum
1070 1419 1120 1487 pta
1147 1415 1218 1485 legis
1256 1429 1320 1468 oum
1355 1412 1591 1484 praevaricatione
1630 1417 1840 1482 praeceptorum
1868 1409 1924 1464 bei

168 1509 220 1560 est.
248 1503 303 1560 Sed
331 1501 435 1557 ardens
460 1504 561 1556 ventus
589 1515 689 1554 omues
723 1504 822 1554 ventos
852 1500 921 1554 istos
950 1514 1017 1554 eum
1070 1503 1175 1559 violata
1198 1506 1274 1558 sunt.
1289 1502 1469 1574 Quapropter
1482 1504 1612 1571 pastores
1626 1499 1748 1566 ululent,
1765 1503 1792 1553 et
1821 1497 1922 1552 cinere

168 1592 307 1649 charitate
328 1594 470 1661 temperat
493 1593 522 1642 et
542 1587 654 1657 dividit,
679 1603 711 1643 ac
734 1587 880 1655 discernit,
911 1587 1018 1643 scilicet
1070 1608 1101 1647 se
1127 1595 1291 1664 aspergant,
1314 1589 1383 1662 quia
1405 1586 1552 1645 constituti
1580 1586 1685 1659 gradus
1705 1585 1835 1642 Ecclesia.
1855 1587 1920 1656 jem

168 1697 204 1738 ue
228 1679 414 1752 aquilonum
437 1677 554 1732 cadente
581 1676 681 1732 morbo
707 1677 798 1745 cadat,
830 1676 903 1732 sicut
928 1677 1016 1733 Satan
1035 1665 1143 1737 Bscirs
1157 1682 1261 1736 uolunt
1279 1680 1349 1753 quid
1370 1679 1436 1734 sint.
1467 1679 1538 1734 Nam
1560 1680 1647 1748 caput
1675 1676 1765 1732 oculis
1779 1680 1865 1742 caret,
1886 1692 1922 1728 ae

167 1767 286 1834 cecidit;
303 1766 350 1821 sed
367 1771 399 1822 ut
420 1766 451 1821 in
470 1764 642 1820 rectitudine
661 1771 834 1837 perseveret,
857 1769 887 1819 ct
910 1769 943 1819 ut
967 1764 1016 1820 ille
1070 1771 1157 1843 pedes
1172 1769 1275 1825 itinera
1288 1783 1347 1824 uon
1358 1767 1476 1833 habent,
1489 1765 1626 1838 quoniam
1640 1764 1750 1836 flagitia
1763 1763 1921 1836 superllue‘

166 1862 279 1926 ventus,
294 1855 345 1927 qui
367 1869 482 1910 severus
505 1858 557 1919 est,
581 1853 613 1908 iu
634 1853 793 1908 constantia
812 1854 900 1924 justin
927 1852 1017 1907 vindi·
1070 1858 1230 1932 iniquitatis
1252 1857 1403 1913 hominum
1422 1854 1458 1911 da
1477 1869 1566 1910 manu
1582 1854 1633 1910 Dei
1656 1853 1782 1908 noudum
1811 1852 1844 1907 ad
1859 1855 1922 1924 ple-

167 1951 219 2001 etae
250 1945 395 2008 consistat,
425 1942 570 2014 quomodo
597 1945 735 2013 scriptum
757 1947 823 1997 eat:
848 1939 1018 1997 Irascimini
1071 1961 1141 2002 num
1166 1949 1287 2018 purgata
1316 1948 1398 2011 sunt;
1428 1941 1476 1998 sad
1499 1947 1596 1996 tamen
1627 1940 1726 1996 eadem
1756 1939 1829 1994 mala
1858 1954 1919 1994 non

166 2035 195 2088 et
208 2032 298 2089 notite
313 2047 434 2104 peccare
454 2031 569 2102 (pres.
596 2033 644 2098 tv).
660 2031 719 2086 llnc
742 2034 796 2097 est,
811 2031 855 2085 ira
875 2030 940 2086 talis
954 2044 1017 2085 esse
1071 2041 1135 2106 post
1149 2036 1268 2105 longum
1283 2040 1397 2104 tempus
1412 2031 1567 2101 [linieutun
1582 2034 1610 2086 et
1624 2029 1727 2086 melior
1750 2029 1798 2084 lux
1820 2027 1921 2099 priore

167 2122 264 2190 debet,
288 2137 324 2176 ne
346 2121 408 2192 ipsa
428 2119 574 2192 iniquitati
595 2118 721 2173 societur
748 2118 964 2186 consentiendo,
989 2123 1018 2172 et
1070 2124 1186 2179 lucebit.
1208 2123 1288 2178 Nunc
1314 2127 1410 2178 autem
1432 2119 1550 2193 qrridam
1572 2118 1705 2174 homines
1724 2117 1754 2172 in
1771 2118 1841 2173 duas
1853 2133 1922 2188 par·

167 2227 205 2266 ne
219 2209 369 2266 bominem
390 2208 492 2265 odibili
514 2206 635 2263 erimine
657 2213 750 2262 totum
771 2207 913 2264 conciliet.
938 2208 1017 2263 Unde
1069 2215 1113 2267 tes
1138 2211 1231 2266 cordis
1254 2211 1298 2266 sui
1321 2210 1404 2266 divisi
1431 2213 1507 2276 sunt,
1532 2207 1639 2264 scilicet
1653 2206 1684 2261 iu
1710 2206 1829 2261 alteram
1848 2220 1921 2276 par-

168 2305 199 2356 et
220 2299 313 2355 leuior
338 2303 441 2352 ventus
460 2296 508 2352 ille
536 2295 672 2369 predicto
696 2296 813 2351 ardente
836 2301 920 2352 vento
947 2302 1018 2352 tem·
1069 2306 1137 2366 mm,
1154 2301 1231 2372 qrrod
1254 2315 1320 2355 cum
1336 2299 1461 2354 elatione
1476 2296 1599 2370 propriae
1614 2293 1719 2351 mentis
1735 2294 1832 2350 omnia
1846 2294 1922 2349 scire

167 2392 294 2460 paratus,
310 2403 375 2442 cum
399 2385 520 2442 discreta
547 2385 728 2457 correptione
757 2385 899 2456 persistat,
914 2389 947 2440 ut
967 2385 1017 2441 ille
1071 2391 1180 2456 volunt,
1199 2389 1229 2444 in
1254 2389 1373 2444 alteram
1397 2403 1465 2442 vero
1493 2385 1570 2458 quod
1594 2384 1661 2441 odio
1687 2383 1796 2439 babent
1821 2383 1922 2454 prole-

166 2477 235 2533 tacit
259 2476 309 2548 qui
332 2475 425 2530 lilium
448 2491 532 2530 suum
563 2489 630 2530 cum
663 2474 743 2545 virga
768 2474 902 2546 pereutit,
928 2491 1015 2546 quem
1071 2485 1147 2534 ctum
1177 2479 1294 2534 illorum
1316 2477 1367 2549 qui
1395 2477 1423 2532 in
1440 2476 1485 2530 via
1501 2479 1578 2530 recta
1604 2473 1761 2529 ambulant.
1779 2473 1919 2543 Hospes-

165 2569 264 2620 umen
277 2563 380 2634 diligit.
401 2563 461 2618 Tali
475 2562 564 2618 modo
586 2562 710 2634 teipsum
740 2567 879 2633 tempera,
907 2562 1015 2630 divide,
1070 2569 1144 2624 sima
1173 2567 1313 2623 diabolica
1345 2565 1439 2634 turbe,
1467 2579 1532 2637 quoe
1559 2579 1608 2619 cor
1635 2561 1703 2618 mali
1738 2561 1918 2627 nominatur,

167 2669 200 2708 ac
214 2653 356 2720 discerne,
370 2657 400 2707 et
414 2651 445 2706 in
461 2651 518 2707 lide
532 2667 565 2706 ac
592 2651 623 2705 in
644 2651 749 2706 timore
770 2650 822 2707 bet
844 2655 872 2704 te
892 2651 1016 2724 corripe,
1070 2656 1208 2712 acerrime
1238 2659 1267 2710 et
1283 2654 1367 2710 noxie
1390 2653 1500 2725 fatigat.
1524 2653 1556 2708 lit
1578 2652 1633 2706 boo
1660 2665 1752 2721 genus
1776 2648 1919 2719 maligno·

167 2745 195 2795 et
213 2745 283 2796 tunc
295 2740 447 2812 joculatrix
461 2739 597 2794 vitiorum
625 2744 655 2793 et
678 2737 856 2794 obnubilatio
875 2737 1018 2810 inquieto·
1070 2759 1135 2802 ium
1163 2744 1317 2816 spirituum
1344 2741 1540 2798 contradicere
1563 2755 1622 2795 uon
1647 2739 1733 2794 audet
1746 2737 1816 2793 illud
1837 2740 1917 2809 quod

167 2845 233 2886 rum
261 2845 377 2885 morum
406 2844 423 2884 a
452 2832 480 2884 le
506 2826 697 2899 fugabuntur,
722 2843 755 2882 80
786 2827 862 2898 ignis
894 2826 1017 2899 Spiritus
1071 2836 1145 2890 Deus
1158 2833 1327 2898 construxit,
1352 2831 1401 2886 sed
1420 2843 1653 2902 unamquamque
1676 2842 1791 2882 causam
1821 2827 1916 2880 aliene

166 2919 258 2975 aneu
270 2917 302 2973 iu
314 2923 343 2973 lo
357 2915 474 2973 &debila
1035 2967 1053 3018 Γ
1070 2923 1211 2990 distrahit,
1238 2921 1279 2976 its
1303 2925 1334 2976 ut
1361 2919 1439 2992 quod
1454 2919 1509 2991 ipsi
1524 2918 1555 2973 in
1582 2915 1744 2990 perditione
1770 2916 1869 2970 volunt
1888 2921 1918 2970 et

456 3003 622 3061 EPISTOLA
641 3003 728 3060 LXXl·
1044 3003 1191 3084 'eligunt
1205 3013 1258 3067 boc
1270 3010 1300 3066 in
1315 3008 1505 3065 estimatione
1528 3022 1579 3062 sua
1601 3005 1711 3061 bonum
1735 3009 1763 3059 et
1786 3007 1916 3058 sanctum

203 3111 314 3152 lttcoul
334 3109 441 3149 assarta
460 3107 699 3149 sentententiam
717 3108 755 3149 Ab
776 3107 978 3148 ethonomus.
1070 3102 1098 3157 in
1115 3102 1173 3157 Deo
1199 3115 1260 3154 esse
1288 3097 1396 3164 dicuni,
1428 3102 1456 3153 ei
1477 3095 1518 3150 sic
1533 3096 1563 3150 in
1586 3109 1693 3166 magna
1715 3091 1848 3147 irrisione
1863 3108 1916 3162 po.

316 3180 529 3239 ⁶⁰7¹⁸⁰²⁰l⁰ril⁸⁸
549 3180 586 3236 ῦὸ
603 3195 640 3234 ²⁰
654 3182 725 3252 ΡΜ
746 3178 871 3236 lium·
1069 3189 1170 3260 pulum
1188 3187 1304 3243 ducunt.
1320 3185 1375 3242 Sed
1403 3184 1547 3257 quomodo
1574 3183 1628 3236 boc
1656 3195 1746 3252 genus
1774 3178 1915 3250 ellugieu·

204 3271 363 3328 Venerabili
386 3270 417 3325 in
446 3270 557 3325 Chrisw
577 3269 699 3323 mullum
718 3269 829 3324 &¹⁰01ae
855 3269 941 3324 mtlri
963 3270 1015 3324 d0·
1069 3279 1138 3334 dum
1159 3283 1210 3341 est,
1227 3276 1259 3330 in
1289 3273 1452 3330 humilitate
1481 3275 1509 3328 et
1532 3270 1687 3326 stabilitate
1710 3269 1838 3324 bdelium
1866 3268 1916 3322 ho-

168 3363 256 3418 minen
271 3362 304 3416 ll.
318 3360 353 3416 dc
366 3359 396 3416 S.
420 3359 560 3430 liuperto,
582 3358 670 3413 frater
695 3357 833 3414 Nrooueua
861 3358 954 3413 dictus
970 3357 1016 3412 ab
1069 3364 1180 3420 minum
1194 3362 1360 3420 destruitur.

168 3450 220 3506 bas
234 3449 266 3504 in
281 3446 512 3517 llalesbrunnun,
529 3445 669 3520 quidquid
685 3445 779 3519 opteri
797 3451 891 3518 potest
905 3445 1015 3501 felicius
1343 3503 1508 3561 Epmom
1531 3501 1619 3558 mu

168 3539 213 3594 vel
226 3536 336 3610 sperari
351 3536 512 3592 sublimius.

202 3627 303 3683 Certus
318 3624 455 3692 devehis,
478 3623 554 3697 quod
569 3621 710 3677 universis
725 3621 842 3677 utiliore
860 3621 1013 3694 providere
1068 3627 1201 3669 innatus
1229 3625 1437 3676 naturantis,
1456 3625 1483 3664 o.
1505 3622 1662 3665 cani-socr.
1685 3623 1713 3662 a.
1734 3619 1914 3670 cmurronrrs,

163 3714 324 3787 jucundum
352 3727 468 3784 semper
493 3709 660 3774 habueritis,
687 3725 790 3781 precor
819 3708 955 3765 attentius
982 3714 1016 3763 ut
1118 3701 1142 3739 ¹¹·
1164 3698 1321 3752 “immi
1341 3698 1372 3736 Π
1391 3697 1417 3736 ⁰·
1437 3695 1587 3745 ”mma
1607 3695 1641 3733 ΑΒ
1661 3690 1864 3732 mmm·

166 3800 284 3858 etmihi
308 3802 393 3857 solitu
419 3799 522 3856 affectu
541 3798 705 3854 consulatis.
726 3798 783 3852 Cur
801 3801 898 3854 autem
915 3796 1014 3853 tandiu
1067 3806 1211 3866 [immin
1226 3823 1262 3862 ea
1279 3806 1356 3862 (tm
1375 3805 1507 3866 medani,
1523 3801 1720 3874 mittuntqusi
1761 3800 1766 3812 ’
1788 3798 1914 3855 sterilem

165 3892 346 3948 sanctitatem
381 3895 504 3945 vestram
541 3903 600 3943 non
628 3887 812 3953 visitaverim,
844 3887 929 3942 credo
965 3901 1015 3940 voe
1101 3877 1391 3962 nobibmseminom,
1404 3872 1682 3954 claustroquulitus
1737 3868 1915 3929 neamenim

165 3996 226 4036 uon
249 3982 349 4048 latere,
372 3993 439 4034 cum
460 3975 628 4033 medullitus
650 3975 680 4030 id
707 3973 941 4031 desideraverim.
966 3975 1016 4028 Ve·
1102 3953 1214 4006 mmffl
1228 3948 1401 4022 ‘ml-'⁰²⁶2'
1410 3963 1516 4020 Palm
1530 3948 1629 4020 P⁰⁸⁵⁸b

165 4085 233 4125 ΝΜ
246 4069 324 4140 ‘1¹¹⁰d
348 4082 461 4138 nelll¹t⁰
486 4081 582 4137 ⁰P0f02
611 4067 708 4120 mem
733 4078 852 4135 Ρθηῦθ·
877 4064 1015 4119 Ullum
1103 4073 1280 4139 Belltevallis,
1310 4072 1341 4128 G.
1372 4069 1512 4135 Ceri-loci,
1541 4071 1574 4126 a.
1602 4066 1774 4133 Claritontis,
1803 4065 1837 4121 ll.
1862 4065 1913 4122 oa-

166 4155 223 4212 hec
237 4156 332 4224 itasit,
347 4171 406 4210 non
429 4168 503 4226 opus
516 4155 680 4224 estpraeter
702 4166 753 4206 vos
766 4150 824 4206 alio
838 4154 919 4206 teste.
933 4152 1016 4206 Nunc
1067 4163 1170 4231 rium,
1197 4162 1229 4218 (ς,
1259 4159 1415 4228 neptunias,
1444 4157 1512 4214 diiii
1541 4155 1668 4223 abbates,
1693 4157 1725 4210 H,
1755 4155 1911 4225 pmiiaeiffi

166 4259 234 4300 '0¹¹⁰
249 4243 368 4315 ⁵¹¹l¹ll¹0¹
390 4246 468 4314 9⁰¹⁰,
491 4256 601 4313 (lum,
627 4241 719 4312 pulso,
749 4244 781 4294 ¹¹¹
811 4237 883 4294 mihi
897 4253 1013 4311 W*os
1031 4250 1182 4320 DChristi,
1198 4264 1310 4323 sponsae
1324 4249 1427 4304 llorere
1443 4247 1472 4303 in
1492 4246 1613 4318 gratim
1629 4249 1658 4300 et
1671 4243 1831 4300 collaudare
1846 4257 1911 4298 can·

166 4332 264 4388 divina
288 4331 373 4388 delur
402 4329 569 4398 consolatio,
594 4327 702 4384 scilicet
729 4332 762 4384 ut
785 4328 889 4384 litteris
913 4328 1014 4384 vestus
1067 4341 1168 4397 ticum,

166 4435 358 4493 praemonear,
383 4425 412 4476 et
429 4418 534 4474 sanctis
557 4416 736 4473 orationihus
755 4433 773 4472 a
799 4417 875 4472 melo
894 4416 1011 4488 eripiar.
1103 4413 1279 4470 Cunctorum
1296 4408 1490 4480 spiritualium
1505 4407 1563 4462 lleo
1577 4404 1706 4477 largitori
1725 4403 1911 4459 chrismatum

167 4512 238 4567 Nam
256 4511 313 4566 lleo
324 4509 396 4565 nibil
412 4506 659 4579 estimpossibile,
675 4522 729 4562 nec
749 4505 828 4562 vobis
852 4504 908 4562 boc
927 4504 1014 4561 dene·
1067 4507 1128 4558 toto
1156 4499 1249 4556 cordis
1269 4497 1361 4571 iubilo
1388 4495 1546 4569 gratiarum
1575 4493 1748 4550 exsolvimus
1771 4491 1909 4556 actiones,

165 4600 229 4673 gari
243 4598 358 4655 scimus.
376 4598 481 4652 Valetc.
1068 4590 1119 4664 qui
1137 4587 1313 4662 dignationis
1336 4603 1395 4642 suae
1420 4585 1539 4656 antiqua
1566 4582 1705 4640 miracula
1730 4586 1829 4636 uostm
1854 4595 1912 4636 nou

362 4701 566 4760 RESPONSUM
578 4700 818 4758 itttnssctitpts,
1068 4679 1242 4751 dedignatur
1264 4691 1403 4732 renovare
1415 4674 1447 4730 in
1470 4677 1612 4745 tempore.
1629 4672 1666 4728 Ex
1690 4685 1748 4742 quo
1762 4669 1845 4726 lacile
1866 4668 1913 4724 ad·

164 4796 275 4851 mnam
288 4791 383 4865 ipsius
412 4791 453 4849 nd
467 4793 556 4846 ileum
577 4788 763 4846 intentionem
783 4787 897 4858 mat,
915 4787 1013 4844 toria.
1067 4767 1206 4826 vertimus
1227 4767 1290 4837 aius
1309 4781 1363 4821 nos
1382 4763 1502 4820 minime
1516 4760 1645 4817 fraudari
1673 4759 1834 4832 promissis,
1849 4757 1911 4830 qui·

430 4866 533 4935 larque
553 4861 591 4916 od
611 4861 747 4917 lotorem
1067 4859 1121 4915 bus
1136 4873 1201 4912 suos
1216 4855 1285 4910 olim
1311 4852 1475 4909 consolatus
1501 4856 1544 4906 est
1563 4850 1682 4907 dicens:
1714 4849 1791 4904 Eece
1806 4861 1912 4919 epouo·

201 4955 260 5011 Lux
275 4969 343 5009 vera
355 4953 387 5008 in
406 4951 517 5007 lumine
534 4950 604 5007 dicit
621 4965 675 5022 per
692 4966 724 5005 os
737 4948 911 5021 Sapientiae:
928 4948 1015 5003 Vetus
1067 4945 1250 5003 mcumsum
1259 4938 1676 5015 usqueudcomnmmots'onem
1690 4934 1787 4994 scelte·
1797 4933 1912 5006 (Molli.

163 5043 209 5101 lex
233 5041 368 5100 officialia
394 5041 478 5114 signa
498 5040 627 5112 reliquit,
648 5045 677 5095 st
700 5040 733 5094 in
752 5037 900 5094 auditione
933 5035 1014 5092 verbi
1067 5035 1242 5106 natatilis
1262 5033 1395 5090 licetnos
1415 5028 1525 5102 indigni
1550 5026 1733 5084 inveniamur
1755 5023 1913 5096 promissis,

163 5133 283 5190 tedium
312 5131 422 5199 babuit,
447 5146 501 5186 nec
526 5129 656 5185 laborare
682 5127 838 5196 voluitne
865 5126 907 5181 sic
931 5125 1015 5182 fluite
1068 5129 1109 5182 eis
1139 5129 1238 5180 tamen
1274 5122 1316 5177 sic
1343 5119 1429 5176 vestri
1458 5117 1562 5186 cordis,
1597 5120 1771 5187 cooperante
1806 5111 1911 5184 Spiritu

165 5226 219 5276 eat.
247 5223 326 5277 Tunc
356 5218 479 5276 Ecclesia
515 5218 547 5273 iu
574 5217 677 5272 vexillo
717 5215 802 5288 Regis
827 5214 959 5283 surrexit,
985 5222 1015 5270 et
1068 5217 1175 5282 sancto,
1192 5209 1423 5280 recognoscimus
1446 5207 1545 5264 inllata
1563 5203 1733 5277 precordia,
1752 5205 1783 5258 ut
1811 5215 1911 5273 quem·

165 5309 296 5365 eamdem
310 5310 405 5382 legam
424 5309 456 5364 in
478 5307 634 5380 purissimo
658 5305 742 5360 oculo
765 5303 934 5374 observavit,
960 5319 1014 5360 uec
1067 5301 1109 5356 vla
1129 5300 1220 5358 idiota
1245 5297 1399 5356 condiendi
1423 5295 1523 5363 libros,
1545 5293 1659 5366 dieque
1684 5291 1760 5348 mira
1776 5288 1911 5363 perplura

152 5397 285 5476 ¹tedium
316 5398 428 5466 habuit,
456 5395 506 5452 sed
533 5394 656 5452 libenter
679 5391 828 5450 laboravit.
860 5391 906 5448 Sic
927 5394 1013 5462 tu,o
1067 5389 1199 5455 ludendi,
1213 5388 1316 5460 bisque
1343 5386 1393 5460 qui
1418 5382 1668 5458 inpresentiarum
1681 5383 1750 5437 sunt
1767 5375 1912 5450 stupendi,

159 5485 254 5570 'probe
267 5485 361 5554 miles,
388 5485 441 5541 tae.
471 5485 506 5542 nt
534 5483 659 5540 iterum
690 5483 761 5541 Cum
792 5480 837 5537 vir
864 5481 1014 5555 preliator
1067 5479 1188 5535 coelestis
1211 5475 1382 5534 mirabiliter
1402 5475 1512 5548 aspirat
1530 5469 1693 5537 bunonis,
1725 5473 1756 5526 at
1779 5473 1844 5524 anm
1871 5465 1913 5522 iu·
