3984 6034
32 163 35 166 <
146 133 214 188 lira
868 132 897 190 S.
917 128 1163 188 uluuauauuls.
1826 139 1894 192 ileu

142 270 193 340 lat,
217 268 367 342 pulverem
390 268 480 326 iatam
499 282 622 340 paneae
641 272 672 324 et
691 267 811 342 ieiunus
823 284 891 324 eum
912 283 987 340 pane
1007 267 1116 324 Atario
1131 267 1244 337 tundat,
1267 273 1297 325 et
1319 272 1388 326 tunc
1402 268 1457 327 ieto
1475 274 1562 342 caput
1584 285 1671 328 annm
1692 287 1770 344 sape
1790 277 1892 346 ungat,

141 359 283 426 comedat,
298 362 328 414 et
343 357 446 416 melius
463 357 590 414 habebit.
607 357 663 414 Sed
686 363 715 414 et
731 358 782 430 qui
802 358 833 412 in
849 358 987 428 pulmone
1042 361 1072 411 et
1100 357 1184 414 uellera
1200 357 1314 427 mdent,
1331 362 1360 413 et
1382 363 1468 430 caput
1490 359 1568 414 illias
1592 359 1744 431 pulchrum
1768 361 1834 416 erit.
1859 362 1895 416 lit

142 446 220 503 dolet
237 446 373 502 eumdem
388 446 536 518 pulverem
555 452 606 502 arat
627 447 659 502 in
680 447 773 502 calido
795 447 863 501 vino
886 450 937 502 aut
957 446 988 500 in
1043 446 1093 518 qni
1116 448 1193 513 print
1216 447 1245 501 in
1264 446 1358 518 capite
1383 447 1480 512 habet,
1511 448 1634 520 accipiet
1661 449 1747 504 liures
1770 455 1800 504 et
1822 450 1895 504 lolia

142 534 324 605 calidaeque
341 532 458 603 jejunus
472 538 500 587 et
517 522 644 604 pransne'
663 533 753 598 bibat,
778 538 807 586 et
829 532 987 589 curabitur.
1043 535 1160 603 ringeln,
1194 539 1223 590 et
1249 551 1364 590 succum
1392 535 1428 592 de
1450 535 1495 590 his
1526 537 1678 607 exprimat,
1708 541 1737 592 et
1760 544 1829 592 ωηο
1857 538 1895 594 de

249 622 319 678 Car.
336 622 408 677 cxx.
432 622 526 677 -ile
548 624 651 678 llarrca
676 621 716 693 (l)
735 623 781 696 [ll,
807 624 878 693 1281.
1044 638 1127 678 ariaco
1149 623 1204 678 isto
1229 629 1256 678 et
1280 623 1393 679 modica
1412 629 1534 695 aqunet
1561 640 1627 679 cum
1659 625 1753 680 larino
1783 627 1895 692 aimoin,

178 710 279 767 Hatirle
305 709 423 783 [Ebulue
452 710 507 781 ed]
536 709 640 782 frigida
668 716 713 765 est
742 715 771 765 et
803 709 931 774 humida,
960 713 990 764 et
1043 711 1088 767 vel
1111 726 1176 766 cnm
1203 711 1297 767 lerina
1325 711 1446 783 siliginis
1466 712 1550 782 deici
1572 718 1663 785 parat,
1688 719 1717 770 et
1747 729 1814 768 cum
1843 714 1897 770 illu

142 805 255 856 naturae
281 799 408 854 hominis
428 799 581 864 contraria,
607 799 646 854 ita
668 805 700 853 nt
725 794 750 852 si
773 798 877 869 aliquis
901 799 990 852 home
1043 803 1137 855 totum
1151 806 1237 870 caput
1254 817 1339 855 suum
1353 816 1449 872 panno
1465 817 1531 856 cum
1550 802 1783 873 pilleo,·ligatum
1804 802 1898 858 relin-

143 905 207 944 eam
231 889 405 955 comederet,
421 888 464 942 illi
478 889 671 959 periculosam
695 894 778 942 esset.
795 887 848 942 Sed
869 886 894 940 si
905 883 990 940 alicui
1045 894 1114 960 quat
1137 888 1207 944 dnm
1228 889 1301 944 illud
1311 889 1464 945 incalescat
1487 895 1516 944 et
1540 891 1609 944 dum
1631 890 1715 959 deyck
1734 891 1896 957 scindatur,

144 976 256 1031 homiui
270 976 306 1032 de
321 975 403 1031 malis
417 976 586 1031 humoribus
598 981 686 1046 caput
699 975 777 1030 reiut
791 981 902 1029 torrens
916 988 992 1044 aqua
1045 977 1074 1032 id
1089 981 1129 1032 eat
1143 977 1280 1046 schrinde,
1303 961 1389 1049 atque
1410 983 1479 1033 tunc
1493 979 1615 1045 uerterat,
1635 982 1664 1032 et
1686 977 1794 1034 iterum
1808 979 1896 1048 dauci

143 1065 241 1133 duret,
270 1065 348 1120 illius
370 1065 463 1136 capite
487 1064 527 1119 ita
552 1063 658 1134 frigida
692 1064 937 1134 circumponatur,
963 1066 992 1114 et
1045 1066 1133 1122 simili
1155 1066 1242 1121 modo
1271 1073 1361 1138 paret,
1387 1070 1416 1121 et
1438 1066 1526 1137 capiti
1555 1082 1606 1120 sno
1628 1065 1838 1138 circumponat
1868 1074 1897 1122 et

144 1154 247 1208 melina
274 1153 401 1209 habebit.
424 1153 458 1208 lit
478 1153 503 1209 ei
526 1153 632 1226 aliquia
653 1153 738 1208 homo
759 1151 790 1206 in
817 1151 915 1222 digitis
941 1155 993 1204 aut
1046 1151 1086 1208 sic
1107 1168 1159 1224 per
1184 1169 1286 1208 novem
1310 1153 1371 1209 dies
1397 1152 1500 1220 laciet;
1533 1159 1561 1208 et
1586 1154 1719 1224 quotiens
1747 1154 1832 1222 deyck
1861 1154 1897 1209 de

144 1243 175 1296 in
192 1241 313 1312 pedihus
337 1242 397 1298 auis
412 1243 489 1311 print
511 1241 663 1305 [scabiosos
688 1257 798 1312 ungnes
817 1241 871 1307 ed]
895 1238 991 1305 habet,
1046 1240 1138 1312 capite
1153 1257 1205 1296 sun
1224 1242 1326 1306 aulert,
1349 1241 1454 1298 lutiam
1468 1242 1504 1298 de
1522 1257 1606 1296 sacco
1630 1243 1739 1312 ringeln
1764 1241 1896 1298 lixiviam

143 1335 213 1386 tunc
227 1331 287 1386 bere
313 1331 388 1387 ntielr
414 1331 562 1403 unguibus
585 1330 643 1385 illis
665 1345 741 1401 saepe
763 1328 932 1400 superliget,
960 1331 993 1380 nt
1045 1334 1177 1401 paratam
1196 1329 1310 1398 habeat,
1333 1336 1419 1401 caput
1449 1346 1535 1384 snum
1559 1347 1593 1385 ea
1620 1330 1725 1386 totiena
1754 1330 1840 1398 lavet,
1868 1336 1899 1385 et

142 1424 194 1474 aut
215 1425 376 1492 purgentur
395 1425 445 1476 aut
464 1421 580 1484 cedant,
595 1422 625 1474 et
644 1418 686 1474 sic
701 1418 752 1473 alii
775 1417 890 1487 pulchri
912 1431 993 1470 rena·
1047 1418 1206 1474 sanabitur.

144 1515 268 1564 scantur.
1118 1509 1190 1564 Car.
1207 1507 1323 1564 CXltlll
1344 1537 1379 1548 -
1399 1508 1440 1562 lla
1459 1508 1608 1564 Wunnara
1624 1507 1663 1575 lt)
1674 1507 1723 1580 [[1,
1748 1505 1821 1580 llll.

214 1595 427 1652 Car.Clin.-
442 1597 483 1651 [la
499 1596 715 1653 Nacarscnanr
731 1593 829 1665 (2)[ll,
848 1590 919 1656 lael
1012 1561 1033 1616 B
1084 1596 1210 1652 wulteran
1235 1594 1403 1660 [Blandonia
1428 1593 1482 1662 ed]
1512 1593 1605 1649 calida
1634 1598 1663 1648 et
1686 1594 1760 1650 sicca
1787 1599 1842 1662 est,
1869 1601 1899 1650 et

178 1683 367 1740 Nnehtechnde
389 1684 543 1758 [Solatrum
564 1683 619 1751 ed]
653 1681 747 1738 calida
772 1688 802 1738 et
838 1681 912 1737 sicca
937 1684 991 1734 est.
1047 1681 1226 1753 aliquantum
1240 1681 1363 1753 frigida3
1379 1686 1409 1737 et
1423 1681 1474 1752 qui
1487 1681 1623 1737 debileet
1636 1680 1717 1736 triste
1731 1696 1780 1736 cor
1793 1681 1896 1750 habet,

144 1773 178 1828 ht
191 1771 241 1844 qui
263 1772 293 1826 in
307 1771 394 1828 corde
415 1771 507 1840 dolet,
523 1776 574 1825 aut
592 1770 643 1842 qui
664 1770 696 1824 in
710 1770 796 1825 corde
809 1768 990 1839 unmechtigz,
1051 1772 1204 1828 Wullmum
1232 1777 1282 1828 aut
1308 1788 1373 1828 cnm
1403 1771 1548 1840 carnibus,
1583 1777 1634 1828 ant
1660 1787 1725 1827 cum
1754 1772 1895 1845 piscibus,

143 1859 325 1916 ranchuchcde
348 1860 478 1931 ineque
505 1859 619 1914 modice
649 1863 764 1930 coquat,
788 1862 819 1911 et
835 1872 913 1928 aqua
943 1871 993 1910 er·
1046 1865 1097 1915 aut
1118 1860 1243 1918 Kucheln
1271 1861 1380 1933 absque
1411 1860 1474 1915 aliis
1507 1860 1603 1917 hurbis
1632 1868 1740 1934 coqrrat
1759 1865 1787 1918 et
1815 1878 1895 1934 saepe

144 1964 252 2020 pressa,
274 1963 339 2002 eam
357 1948 398 2002 ita
419 1947 542 2004 calidam
558 1963 646 2017 super
667 1962 716 2000 cor
736 1960 821 2000 suum
840 1947 939 2016 ponat,
963 1949 994 1998 et
1047 1950 1187 2014 comedat,
1213 1956 1242 2004 et
1260 1965 1309 2004 cor
1327 1949 1390 2020 ejus
1412 1949 1553 2005 coniectat
1580 1954 1610 2004 et
1631 1949 1766 2006 lmtilicat.
1790 1949 1898 2006 Sedet

143 2035 351 2091 meliorabitur.
377 2036 476 2092 Sedet
498 2035 595 2107 quiin
614 2033 748 2090 dentibus
771 2032 858 2099 dolet,
883 2047 947 2087 mm
962 2030 993 2086 in
1047 2036 1142 2109 quiin
1165 2053 1234 2092 voce
1249 2037 1323 2092 etin
1340 2042 1457 2108 gutture
1479 2052 1582 2092 raucus
1596 2042 1648 2107 eet,
1670 2038 1765 2111 etqui
1786 2037 1818 2094 in
1842 2055 1897 2110 pe-

144 2138 221 2194 aqua
237 2123 393 2191 calefaciat,
409 2128 440 2178 et
458 2139 525 2178 cnm
540 2123 578 2179 ad
597 2128 711 2179 noctem
726 2121 884 2178 dormitum
904 2121 991 2188 vadit,
1047 2129 1124 2180 ctore
1138 2124 1226 2193 dolet,
1242 2126 1403 2182 wullenam
1418 2130 1446 2181 et
1463 2124 1619 2182 feniculum
1644 2125 1749 2198 aquali
1767 2126 1898 2198 pondere

145 2227 208 2266 eam
227 2226 314 2283 super
329 2212 475 2268 maxillam
497 2216 526 2267 et
546 2227 634 2283 super
659 2210 828 2265 mandibula
847 2208 896 2264 ubi
915 2209 994 2264 delet
1048 2213 1078 2269 in
1093 2213 1168 2268 hono
1191 2213 1258 2270 rino
1279 2220 1395 2286 coquat,
1412 2221 1441 2269 et
1464 2230 1660 2286 perpennam
1676 2216 1761 2284 colet,
1776 2221 1805 2270 et
1819 2231 1899 2287 slepe

145 2299 265 2355 calidam
290 2308 386 2371 ponat,
410 2307 439 2356 et
453 2301 535 2356 dolor
557 2301 689 2357 cessabit.
710 2301 823 2354 Etcum
845 2298 934 2370 pedes
947 2297 993 2352 in·
1047 2302 1136 2370 bibat,
1153 2309 1182 2360 et
1196 2318 1296 2357 vocem
1312 2302 1441 2374 recipiet,
1456 2308 1595 2374 etpectue
1606 2307 1696 2359 sanet.

145 2393 319 2460 tumescunt,
333 2405 398 2445 eam
420 2389 452 2445 in
466 2406 543 2460 aqna
557 2389 668 2446 modica
686 2387 851 2444 οηωίοοωιη
870 2385 994 2458 pedihus
1095 2391 1168 2446 Car.
1189 2391 1310 2448 cxxiv,
1331 2419 1366 2434 -ι
1383 2392 1423 2447 lla
1440 2393 1631 2448 Gauianassa
1653 2391 1691 2464 (5)
1707 2392 1751 2461 lll,
1770 2394 1845 2459 ital.

145 2485 332 2548 superponat,
354 2483 384 2533 et
414 2483 526 2534 tumere
558 2478 721 2534 cessabunt.
749 2477 803 2532 Sed
828 2482 858 2530 et
883 2474 935 2547 qui
963 2473 994 2529 in
1083 2480 1260 2536 Gumnndreo
1290 2479 1477 2551 [Alentidium
1501 2477 1556 2542 ed]
1581 2481 1672 2536 calide
1699 2486 1743 2536 eat
1760 2485 1789 2536 et
1824 2479 1895 2550 pin-

147 2565 273 2620 mednlle
292 2567 323 2621 in
351 2567 483 2622 eruribus
510 2567 597 2635 dolel,
626 2564 834 2624 Nochtechcdeu
860 2564 893 2618 in
917 2579 993 2635 aqua
1047 2567 1122 2639 guis,
1138 2574 1166 2623 et
1184 2584 1236 2624 nec
1257 2569 1434 2636 hominibus,
1451 2585 1503 2624 nec
1522 2569 1673 2640 pecoribus
1695 2575 1822 2626 comeatu
1844 2573 1896 2624 aut

145 2660 261 2725 eoquat,
299 2659 328 2709 et
355 2656 518 2710 calefactam
551 2655 689 2710 crudibue
718 2653 927 2724 circumponat,
965 2655 995 2706 et
1049 2655 1139 2711 bibita
1163 2657 1289 2728 prodest,
1315 2657 1385 2729 quia
1412 2657 1532 2712 livorem
1554 2663 1582 2712 et
1607 2656 1731 2713 scabiem
1758 2657 1841 2728 fugat
1867 2662 1898 2712 et

145 2757 243 2813 panno
257 2742 446 2815 circumliget,
457 2749 487 2799 et
500 2746 604 2800 melius
614 2742 739 2798 habebit.
1049 2744 1164 2813 devitat,
1190 2749 1219 2800 et
1233 2745 1263 2800 in
1284 2745 1455 2815 sangninem
1480 2745 1566 2813 cadit,
1589 2761 1623 2800 ac
1644 2745 1727 2802 illum
1752 2746 1898 2800 minorem

235 2829 308 2887 Cae.
326 2833 438 2889 cxltlt.
456 2863 488 2874 -
505 2831 749 2902 [lalliacncaiitl
767 2830 811 2904 [ll,
832 2832 905 2901 ¹³⁰l·
1014 2832 1117 2910 clacit
1136 2839 1164 2888 at
1200 2839 1328 2889 attenuat
1357 2835 1406 2906 (6).
1436 2834 1507 2892 Nem
1531 2834 1701 2906 sanguinem
1726 2834 1843 2902 minnit,
1867 2838 1898 2888 et

98 2945 103 2956 ¹
182 2922 302 2988 lliegulo
322 2923 465 2994 [ltingella
485 2921 540 2990 edi
566 2920 673 2992 frigida
697 2926 727 2976 et
752 2919 871 2974 humida
893 2922 947 2981 est,
967 2921 997 2971 el
1048 2923 1143 2978 tabem
1166 2927 1253 2992 auget
1280 2937 1346 2976 cum
1379 2937 1443 2978 eam
1466 2938 1524 2978 non
1557 2922 1658 2978 aufert.
1686 2922 1769 2988 Quod
1788 2922 1897 2994 siquis

147 3008 251 3064 fortem
275 3010 449 3066 viriditatem
468 3011 498 3066 in
518 3027 548 3066 se
564 3010 661 3078 hahet,
677 3016 706 3063 et
728 3013 830 3064 contm
850 3021 996 3061 venenum
1048 3025 1112 3066 eam
1136 3010 1234 3083 aliquo
1258 3010 1345 3066 modo
1370 3011 1568 3082 purgatoriam
1593 3017 1698 3080 sumat,
1719 3015 1751 3066 nt
1776 3009 1897 3080 livorem

148 3097 231 3152 valet
255 3099 328 3152 Nam
351 3098 402 3170 qui
420 3113 565 3154 venenum
585 3098 718 3165 comedit,
743 3102 793 3151 aut
816 3101 845 3149 et
867 3093 914 3148 cni
936 3096 995 3148 oir-
1049 3099 1187 3154 ettabem
1203 3097 1252 3169 qni
1268 3099 1299 3153 in
1320 3114 1354 3154 eo
1368 3103 1571 3154 remanserunt
1597 3099 1717 3167 minuat,
1741 3098 1897 3170 aliquando

147 3186 232 3253 pedere
255 3188 473 3254 antemuralem
496 3185 526 3241 in
553 3203 628 3258 aqna
652 3192 767 3258 coquat,
793 3190 823 3239 et
845 3199 922 3254 aqna
943 3197 995 3237 ex·
1049 3188 1137 3260 pestis
1159 3187 1354 3258 subsequitur,
1370 3187 1510 3258 quioniam
1530 3186 1648 3258 sanguis
1666 3187 1697 3242 iu
1717 3187 1898 3244 cominatus

147 3289 257 3343 presse,
282 3291 346 3329 eam
374 3291 462 3346 snper
490 3274 669 3330 stomachum
693 3289 777 3329 sunm
805 3274 846 3328 ita
872 3272 996 3328 calidam
1049 3279 1094 3330 eet
1106 3280 1136 3330 et
1161 3275 1240 3330 tabes
1262 3274 1292 3330 in
1316 3290 1350 3330 eo
1364 3274 1513 3340 remansit,
1526 3278 1555 3329 et
1568 3273 1634 3330 ideo
1656 3290 1722 3330 cere
1741 3274 1805 3344 ejus
1819 3273 1898 3327 inlir·

150 3367 249 3431 ponat,
273 3367 302 3417 et
324 3378 467 3418 venenum
491 3364 624 3419 mollifiat
643 3369 673 3420 et
694 3363 729 3418 ab
751 3363 814 3434 ipso
838 3366 995 3418 excreatur.
1050 3362 1185 3419 mabitur.
1200 3364 1254 3420 Sed
1277 3368 1375 3419 tamma
1390 3363 1441 3435 qui
1462 3363 1601 3418 minorem
1622 3361 1747 3418 scabiem
1770 3376 1836 3432 quse
1852 3361 1898 3416 in·

150 3448 205 3505 Sed
230 3454 259 3506 et
281 3449 360 3506 idem
381 3452 468 3507 homo
490 3468 559 3508 mua
579 3452 687 3508 bonum
711 3451 811 3506 riuum
837 3448 995 3511 calefaciat,
1049 3456 1094 3508 ter
1116 3457 1211 3508 cutem
1231 3458 1260 3507 et
1273 3467 1389 3507 carnem
1404 3456 1457 3520 eet,
1470 3451 1586 3522 patitur,
1602 3451 1808 3523 gamandream
1830 3466 1901 3504 cnm

148 3539 258 3593 eteatis
273 3539 308 3594 de
321 3542 435 3610 ringula
453 3541 593 3613 imponat,
609 3544 638 3596 et
652 3555 719 3595 cnm
742 3555 777 3595 ea
791 3540 896 3619 iterum
919 3537 996 3593 idern
1048 3538 1137 3592 reteri
1156 3537 1257 3592 arvina
1278 3537 1390 3605 tundat,
1419 3542 1448 3592 et
1471 3552 1501 3591 ee
1516 3551 1582 3592 cum
1602 3551 1638 3592 ea
1659 3540 1758 3608 ungat,
1780 3541 1809 3590 et
1831 3551 1900 3592 caro

149 3625 248 3680 vinum
271 3627 427 3697 caleiaciat,
460 3635 489 3685 et
520 3629 590 3701 quia
614 3643 755 3684 ranennm
787 3625 921 3698 sumpsit,
956 3626 996 3679 ita
1049 3627 1112 3698 ejus
1134 3627 1291 3682 sanabitur.
1326 3625 1381 3682 Sed
1403 3629 1557 3697 postquam
1585 3624 1769 3696 aliquantum
1801 3625 1901 3680 mnari

151 3712 348 3770 semicalidum
366 3714 466 3770 siurim
488 3714 562 3771 illnd
577 3714 668 3784 bibat,
683 3725 713 3769 et
726 3729 869 3770 venenum
882 3717 934 3768 aut
947 3727 997 3783 per
1047 3715 1109 3786 jam
1130 3715 1258 3786 coeperit,
1283 3719 1351 3770 tnnc
1377 3714 1481 3770 amodo
1507 3730 1538 3770 se
1557 3729 1621 3770 cum
1647 3713 1697 3768 illa
1721 3728 1780 3768 aon
1794 3718 1898 3784 ungat,

150 3817 252 3857 nasum
271 3804 433 3874 spumando
457 3805 571 3872 emittit,
594 3812 644 3860 ant
663 3818 714 3874 per
736 3817 880 3875 spumam,
906 3800 936 3855 id
955 3804 998 3855 eat
1049 3803 1118 3876 quia
1133 3803 1304 3876 sangninem
1327 3818 1411 3858 suum
1427 3801 1516 3869 laedit,
1533 3802 1557 3856 si
1580 3819 1611 3856 se
1624 3800 1733 3857 diutius
1747 3800 1788 3856 ibi
1803 3816 1899 3856 unxe-

150 3891 254 3959 aeltum,
280 3892 316 3947 de
342 3909 372 3946 ee
398 3893 475 3947 eicit.
505 3893 539 3947 lit
565 3892 589 3946 ei
614 3892 702 3947 borea
727 3896 777 3946 aut
797 3906 865 3945 oves
885 3888 995 3958 aliquid
1050 3891 1097 3947 rit.
1119 3892 1224 3962 Contra
1246 3897 1341 3946 cutem
1367 3906 1424 3946 non
1446 3889 1530 3959 salat,
1556 3889 1626 3962 quia
1650 3892 1726 3959 print
1752 3889 1783 3944 iu
1811 3906 1899 3944 carne

151 3979 220 4034 mali
240 3979 428 4049 comederint,
461 3982 539 4036 unde
569 3987 688 4053 repente
713 3980 860 4046 inllantnr,
894 3978 924 4032 id
953 3983 997 4032 est
1050 3979 1191 4052 profunda
1213 3985 1272 4046 est;
1297 3983 1325 4034 et
1356 3979 1380 4034 si
1404 3995 1471 4034 cum
1498 3994 1533 4034 ea
1561 3979 1691 4052 ungitur,
1724 3976 1897 4049 sauguinem

148 4067 300 4137 creauerit,
323 4071 437 4138 νωοιιω
463 4070 612 4136 tundatur,
639 4073 669 4124 et
691 4083 791 4122 succus
814 4067 877 4137 ejus
903 4067 996 4136 expri·
1051 4067 1171 4135 minuet,
1181 4074 1211 4122 et
1225 4068 1321 4123 tabem
1330 4067 1451 4123 interius
1464 4066 1622 4124 dimitteret
1634 4066 1684 4138 (Ἰ).

153 4158 257 4223 matur,
277 4160 364 4227 etque
389 4156 500 4213 modica
517 4172 594 4228 aqna
620 4171 721 4211 succus
745 4155 776 4210 in
800 4154 850 4209 illa
878 4169 929 4209 ora
947 4150 1037 4208 eu-ll
1121 4156 1189 4212 Car.
1205 4155 1307 4211 CXXV.
1324 4185 1358 4196 -
1380 4157 1421 4212 [ln
1445 4157 1613 4212 (lemanem
1633 4155 1671 4227 (8)
1690 4154 1733 4226 ill,
1752 4153 1824 4217 lael.

153 4258 217 4296 riam
231 4241 369 4298 landatur
394 4243 512 4301 atinde
529 4248 656 4316 gustent,
679 4249 709 4300 et
731 4243 919 4298 curabuntur.
942 4241 997 4298 Sed
1086 4245 1241 4318 Centaurea
1255 4244 1348 4300 calida
1368 4251 1397 4300 et
1420 4245 1494 4299 sicca
1508 4251 1566 4311 eet3
1581 4252 1610 4300 et
1621 4244 1669 4300 cni
1688 4261 1721 4298 os
1740 4246 1769 4296 et
1780 4242 1851 4310 beyn
1868 4241 1899 4296 iu

152 4337 181 4386 et
203 4330 226 4386 si
252 4334 303 4388 boa
327 4339 377 4389 aut
403 4334 465 4389 uria
492 4334 723 4400 insulanarum
747 4334 867 4401 mapilla
887 4333 996 4403 absque
1051 4347 1172 4403 corpore
1196 4348 1250 4387 auu
1279 4333 1383 4388 alicubi
1411 4333 1532 4388 fractum
1559 4338 1612 4402 eat,
1638 4340 1822 4388 centauream
1854 4331 1900 4384 rel

151 4436 227 4493 equa
245 4423 364 4480 naribus
381 4439 483 4479 eorum
498 4422 628 4491 infunde,
644 4428 674 4479 et
692 4439 759 4477 mox
775 4422 874 4477 noxios
889 4422 997 4477 humo·
1050 4421 1175 4477 radicem
1202 4420 1265 4492 eina
1284 4427 1335 4476 aut
1353 4419 1419 4476 rinc
1437 4425 1578 4492 antequa
1603 4420 1721 4476 mixtam
1746 4435 1824 4490 sepe
1854 4419 1899 4473 bi·

152 4526 198 4564 ras
212 4516 353 4579 excreant,
367 4516 396 4567 et
411 4511 650 4568 meliorabuntur.
1052 4511 1110 4576 hat,
1139 4515 1168 4564 et
1193 4509 1315 4564 lractum
1349 4526 1380 4564 ns
1414 4509 1500 4566 simul
1538 4509 1762 4582 conglutinatur,
1788 4505 1819 4562 id
1853 4513 1902 4562 eat

189 4600 223 4655 at
240 4599 328 4656 homo
353 4601 399 4657 cni
417 4605 506 4672 eaput
523 4601 645 4669 uelurht,
673 4598 800 4655 abscidat
820 4598 893 4654 illnd
918 4597 997 4669 quod
1051 4598 1148 4654 wellet.
1182 4598 1236 4654 Sed
1268 4604 1335 4653 tunc
1365 4599 1453 4654 etiam
1481 4604 1663 4653 centauream
1689 4597 1720 4652 in
1751 4611 1828 4667 aque
1853 4612 1900 4650 ca-

153 4688 239 4744 molle
265 4689 296 4744 in
316 4689 397 4744 lardo
421 4689 613 4758 aet,abscidat
632 4694 660 4743 et
682 4688 769 4743 etiam
792 4693 912 4744 swarten
935 4686 998 4758 ejus
1052 4685 1173 4752 lelaciel,
1199 4691 1227 4740 et
1250 4701 1326 4757 aqna
1353 4701 1493 4758 expressa,
1519 4700 1583 4740 sem
1614 4685 1654 4740 ita
1677 4684 1799 4740 calidam
1834 4684 1900 4738 loeo

153 4776 236 4841 lardi,
253 4777 353 4834 reiciat
370 4783 399 4834 et
413 4778 467 4834 hec
486 4777 564 4850 quod
576 4777 660 4849 juxta
678 4777 810 4832 eamdem
829 4781 949 4833 swarten
968 4774 998 4830 in
1053 4775 1103 4829 ubi
1123 4791 1154 4829 os
1179 4775 1300 4830 fractum
1326 4791 1401 4846 saepe
1420 4779 1605 4847 superponat,
1635 4778 1663 4828 et
1683 4771 1724 4828 sic
1747 4772 1844 4844 ipsum
1859 4772 1901 4826 lu-

153 4865 242 4935 lard0‚
260 4867 364 4922 durum
378 4867 509 4940 accipiat,
524 4871 552 4922 et
566 4866 639 4922 illud
652 4881 719 4921 cum
738 4865 852 4934 ringula
871 4863 902 4919 in
916 4880 999 4919 mor·
1052 4879 1119 4919 cum
1144 4880 1209 4919 curn
1239 4880 1272 4919 ea
1299 4864 1379 4931 lewe,
1403 4869 1433 4919 et
1459 4863 1615 4919 sanabitur.
1633 4863 1704 4918 Nam
1725 4859 1776 4934 qui
1790 4859 1832 4916 ita
1843 4863 1901 4915 uir-

189 4991 228 5063 (l)
247 4993 528 5050 sanemarium.
1054 4988 1133 5045 addit
1149 5005 1156 5044 ε
1173 5009 1187 5040 u
1202 4987 1230 5045 si
1246 4993 1341 5043 sutem
1367 4989 1485 5058 sanguis
1498 4987 1528 5043 in
1552 4985 1679 5053 homine,
1695 4985 1779 5040 malla
1796 4985 1901 5041 humo·

189 5061 224 5132 (ο)
244 5064 375 5120 &meum
387 5067 508 5132 nigrum.
1055 5061 1134 5116 ribus
1156 5059 1304 5126 excitatus,
1328 5075 1379 5131 per
1402 5059 1563 5131 posteriora
1583 5061 1646 5128 ejue
1661 5073 1728 5112 cunr
1753 5057 1899 5124 agnatione

187 5137 225 5198 rai
245 5135 561 5202 Gouradutnofflcircta‘e.
1054 5132 1185 5186 ciborum
1199 5131 1318 5186 eilluere
1334 5131 1463 5200 roeperit,
1487 5145 1552 5185 eum
1575 5144 1633 5184 non
1647 5127 1812 5198 restringat,
1831 5127 1901 5198 quia

188 5205 228 5276 (ll
252 5205 417 5261 Verhnscum
430 5205 555 5276 thnpaua.
1056 5201 1254 5274 purgationem
1269 5201 1295 5255 ei
1311 5201 1406 5269 allert;
1425 5201 1473 5256 sed
1489 5200 1513 5255 ai
1527 5215 1614 5271 snpra
1629 5198 1745 5253 modum
1756 5213 1814 5279 ¹per
1833 5213 1900 5278 eum

189 5279 214 5340 (ὅ
247 5277 386 5332 Teucriam
405 5276 585 5331 Ohomoedria.
625 5282 646 5326 a
1055 5273 1167 5340 transit,
1193 5272 1363 5328 alentidium
1393 5271 1519 5327 oleribus
1545 5275 1573 5324 et
1603 5270 1665 5325 aliia
1695 5268 1779 5323 boma
1804 5267 1903 5323 herbis

189 5281 227 5412 (tii
247 5347 319 5412 Qua'u
329 5349 484 5403 liuorem-
499 5349 623 5402 attenuet
635 5361 693 5400 om.
704 5345 750 5400 ed.
1055 5343 1149 5410 addat,
1166 5347 1195 5397 ct
1206 5342 1302 5397 cibum
1317 5343 1409 5408 iaciat,
1423 5348 1452 5396 at
1473 5357 1536 5396 eam
1546 5339 1721 5421 refocillant.
1742 5361 1757 5387 o

190 5415 351 5487 (licentra
373 5422 459 5473 mrtem
478 5445 513 5459 -
531 5417 679 5473 dimitteret
708 5416 768 5472 dee.
792 5415 838 5478 iu⁴
854 5415 912 5482 ed.,
934 5431 999 5486 quas
1090 5417 1126 5483 l8)
1146 5414 1296 5470 Gcnteurec
1311 5415 1434 5482 Gyareus.
1451 5413 1492 5468 cl.
1511 5412 1582 5467 Plan.
1606 5411 1685 5466 Hiat.
1709 5415 1766 5464 rairt.
1787 5423 1855 5473 arr,
1874 5411 1901 5460 ti.
