3984 6034
187 231 238 282 tiis
913 228 940 283 S.
963 227 1207 284 tittuuttattbts.
1884 229 1936 282 titt

186 359 369 431 unigenitum
390 373 489 416 meum
512 356 635 429 Spiritus
663 362 779 413 sanatus
805 358 836 413 iu
863 359 958 430 speeie
981 375 1030 414 co·
1049 359 1165 416 Allnde
1181 360 1313 433 quisquis
1337 360 1439 414 salvari
1472 359 1613 416 desiderat
1636 360 1666 414 in
1690 361 1860 433 purgatione
1879 363 1936 416 cri·

184 449 292 506 lumbes
310 447 434 504 ostendit
460 463 525 519 quea
542 446 722 518 simpliciset
753 446 855 503 sinceri
871 448 958 504 moris
979 452 1032 516 est,
1087 450 1199 505 minum
1218 464 1347 519 suorum,
1371 449 1533 521 regenerari
1549 464 1606 504 nen
1623 453 1742 505 recuset.

185 539 324 612 qnoniam
346 542 377 592 et
397 536 519 608 Spiritus
546 541 660 590 sanctus
679 535 710 591 in
737 536 920 608 simplicitate
950 541 978 592 et
1002 538 1033 592 in
1124 539 1205 606 Nam,
1221 553 1274 610 ego
1290 538 1354 594 dedi
1381 538 1513 592 masculis
1536 537 1650 610 generis
1675 537 1795 593 Abrabae
1811 537 1935 593 circum-

184 626 312 685 bonitate
342 625 472 681 amnium
495 624 638 679 bonorum
658 625 825 680 indeficiens
845 627 955 697 justitia
977 631 1030 680 est.
1086 624 1222 681 cisionem
1247 627 1371 682 membri
1390 627 1485 693 unias,
1507 627 1555 680 sed
1577 625 1605 680 in
1624 625 1694 680 Filio
1723 640 1788 680 meo
1807 627 1937 698 praecepi

184 719 220 772 Et
247 713 443 781 baedeoebat,
463 713 532 785 qnia
546 713 635 768 Filius
649 729 732 769 meus
754 715 816 770 sine
839 715 898 770 nlla
919 715 1033 771 macula
1086 714 1154 769 viris
1181 731 1214 769 ac
1237 714 1406 770 mulieribus
1422 719 1592 770 cunctorum
1614 715 1788 788 popularum
1803 716 1933 770 circum-

184 804 314 860 criminis
328 819 363 858 ex
384 801 494 874 virgine
519 807 603 857 nutus
628 806 681 871 est,
702 808 736 857 ut
754 803 842 858 etiarn
867 805 955 858 boma
977 803 1028 876 qni
1085 801 1223 856 cisiencm
1245 803 1375 858 omnium
1399 803 1594 857 membrorum
1610 817 1738 857 suorum.
1762 801 1934 868 Quomodo?

183 909 250 950 cum
268 896 387 965 peccato
412 890 449 946 de
466 890 526 945 viro
547 895 576 945 et
596 891 718 946 muliere
734 892 861 947 nescitur
882 891 944 948 sine
967 908 1031 964 pec·
1086 891 1270 947 circumcisio
1291 891 1425 963 baptismi
1442 896 1503 946 orta
1516 898 1559 945 est
1576 891 1607 946 in
1633 891 1775 963 baptisma
1791 891 1854 947 Filii
1875 892 1934 947 mei

182 986 246 1038 cato
269 979 418 1052 splendide
440 983 469 1033 et
490 978 613 1049 gloriosa
640 985 849 1044 renasceretur,
871 978 944 1035 sicut
970 980 1031 1052 ipse
1085 996 1150 1051 quae
1165 985 1193 1034 ιι
1206 980 1343 1046 duratura
1358 985 1401 1035 est
1423 996 1514 1052 usque
1529 979 1557 1035 in
1579 979 1767 1035 novissimam
1796 979 1888 1048 dism;
1905 987 1935 1037 at

182 1067 411 1126 Filiusmeusin
432 1067 634 1138 Evangelioad
652 1068 836 1124 Nicodemum
857 1069 911 1126 ait:
927 1075 1029 1138 Amen,
1085 1073 1149 1138 post
1171 1068 1253 1122 illurn
1274 1068 1359 1136 diem,
1380 1068 1515 1122 sanctitas
1535 1071 1597 1138 ejus
1631 1067 1661 1122 in
1681 1068 1841 1123 aeternitate
1872 1085 1933 1123 ma-

179 1173 267 1214 nmen
278 1154 493 1224 &contineri
514 1155 580 1228 puis
608 1159 727 1212 renatus
745 1158 978 1229 sueriteeupua
1002 1160 1031 1212 et
1085 1156 1173 1225 nebit,
1190 1156 1343 1211 acclinem
1359 1157 1495 1229 aecipiet3
1525 1157 1666 1228 atqrieita
1688 1157 1739 1228 qni
1763 1158 1793 1211 in
1815 1157 1932 1212 lavacra

177 1245 293 1319 spiritu,
303 1261 361 1302 non
372 1247 467 1317 potest
479 1243 602 1300 introire
615 1243 647 1299 in
660 1261 779 1318 regnum
791 1245 957 1316 Dei(.laon.
975 1250 1026 1314 m).
1083 1242 1218 1315 baptismi
1249 1243 1501 1312 circumciduntur,
1535 1244 1683 1299 verissime
1717 1245 1931 1300 conservabun-

178 1336 252 1401 0uid
274 1335 349 1391 boc?
371 1333 608 1391 constantissima
622 1334 794 1388 certitudine
809 1340 839 1388 et
857 1349 917 1388 non
935 1335 1027 1388 insta·
1083 1337 1141 1400 tur,
1174 1333 1198 1387 si
1213 1333 1267 1388 hoc
1294 1333 1438 1388 lavacrum
1459 1331 1544 1403 justis
1568 1333 1703 1405 operibus
1724 1333 1845 1388 fideliter
1860 1347 1930 1388 con-

177 1425 230 1480 bili
251 1423 440 1494 ambiguitate
462 1420 525 1476 dico
547 1421 599 1476 tibi
622 1421 672 1493 qui
699 1428 784 1476 natas
808 1438 838 1476 es
864 1438 899 1477 ex
925 1439 1027 1477 carru·
1082 1421 1265 1485 servaverint,
1283 1423 1350 1494 quia
1368 1437 1421 1494 ego
1441 1421 1590 1477 hominem
1613 1421 1671 1476 sire
1685 1421 1853 1478 inllrmiaris
1869 1422 1931 1476 siae

176 1512 287 1584 ptione,
313 1512 382 1584 quia
402 1512 489 1566 homo
509 1510 559 1581 qui
573 1516 653 1565 artus
674 1519 716 1566 est
737 1511 773 1566 de
794 1511 907 1568 ardenti
927 1528 1028 1566 conca·
1082 1510 1208 1565 fortioris
1234 1510 1324 1566 aetatis
1351 1511 1398 1579 sit,
1424 1511 1575 1582 suscipiam
1604 1511 1628 1565 si
1652 1510 1743 1566 loedus
1765 1527 1862 1565 merim
1877 1527 1930 1564 cu-

176 1601 323 1674 piscentire
349 1599 442 1655 calore
468 1604 497 1653 et
518 1599 664 1654 involutus
692 1615 834 1654 venenosa
863 1604 949 1669 veste,
972 1601 1026 1656 nisi
1081 1598 1220 1668 stodierit,
1237 1599 1313 1672 quod
1339 1615 1451 1654 meatim
1476 1600 1597 1672 pepigit,
1622 1599 1773 1654 scilicetin
1798 1615 1844 1654 mc
1865 1615 1929 1654 cre-

175 1691 208 1744 in
236 1705 301 1744 vera
329 1688 434 1761 gaudio
459 1703 540 1742 nova.
579 1688 684 1743 sabulis
711 1694 876 1743 renascatur
895 1705 929 1743 ex
951 1705 1027 1761 aqua
1081 1686 1274 1754 denda,etin
1297 1687 1515 1742 rere'lriuitata
1536 1704 1582 1742 rna
1604 1687 1779 1754 confitendo,
1799 1703 1849 1742 seu
1876 1703 1930 1758 per

175 1776 407 1834 sanctificationis
430 1781 458 1831 et
473 1775 575 1847 spiritu
595 1775 826 1842 illuminationis,
842 1776 872 1832 in
897 1781 1027 1849 tempora
1080 1775 1221 1846 seipsum
1249 1791 1299 1830 seu
1328 1792 1381 1846 per
1409 1777 1481 1830 elios
1507 1777 1557 1848 qui
1585 1793 1637 1847 pro
1662 1776 1930 1845 condemnentur

174 1871 321 1938 neglectus
353 1865 398 1920 sui
417 1865 618 1920 contundetur.
644 1864 814 1930 Quomodo‘l
833 1865 906 1930 Quia
934 1866 1023 1921 bomo
1080 1863 1485 1936 inlunsautmutusquinun
1506 1865 1642 1934 loquitur,
1671 1864 1721 1936 qui
1737 1865 1824 1919 rerba
1838 1863 1928 1920 alieni

173 1956 253 2012 velut
267 1971 352 2027 aqua,
378 1970 444 2009 cum
467 1953 573 2024 spiritu
595 1953 786 2024 vegetationis
807 1969 867 2009 suas
891 1954 1023 2021 inundat,
1079 1949 1137 2005 oris
1153 1950 1322 2022 expostulat,
1339 1957 1441 2006 elnon
1470 1950 1572 2006 delebo
1586 1967 1651 2006 eum
1676 1952 1707 2006 in
1722 1957 1882 2019 arternum
1896 1961 1929 2009 ut

174 2044 312 2117 quoniam
333 2048 367 2098 ut
386 2059 461 2114 aqua
480 2040 578 2096 sardas
607 2042 755 2110 emundat,
787 2046 816 2096 et
843 2047 875 2096 ut
907 2042 1023 2113 spiritua
1078 2037 1348 2110 illumquilantem
1367 2039 1443 2094 bunc
1467 2055 1532 2094 cum
1554 2039 1926 2111 operclldeireciperere·

173 2133 334 2190 inanimata
359 2130 484 2186 vivificat
506 2130 572 2202 (niel
599 2131 630 2185 iu
647 2146 715 2185 vera
738 2130 925 2208 generatione
951 2146 1021 2202 pur·
1077 2127 1230 2196 meaverit,
1248 2127 1491 2196 quemadmodum
1508 2127 1537 2183 in
1552 2127 1683 2182 doctrine
1700 2127 1843 2199 Evangelii
1860 2127 1927 2182 Filii

173 2222 266 2292 geter)
280 2237 339 2276 non
362 2219 469 2292 poterit
490 2234 544 2289 per
561 2218 711 2273 introitum
741 2219 907 2274 salvationis
930 2220 1022 2274 haeres
1077 2215 1134 2269 mei
1149 2215 1286 2287 scriptum
1301 2219 1361 2270 est:
1379 2216 1431 2282 Qui
1442 2213 1595 2271 crediderit
1615 2218 1643 2270 et
1661 2215 1927 2288 baptizatussuerit

172 2309 253 2380 regni
266 2309 409 2365 Crantoris
434 2307 479 2362 sui
493 2306 567 2375 fieri,
586 2306 654 2379 quie
681 2307 710 2361 in
735 2313 850 2379 peccato
869 2307 956 2379 primi
969 2325 1022 2379 pe·
1074 2302 1173 2358 salmas
1183 2301 1248 2372 erit,
1278 2302 1405 2376 quivero
1431 2321 1488 2358 non
1506 2303 1660 2360 crediderit
1687 2304 1927 2359 condemnabitur

171 2397 261 2452 rentis
275 2413 362 2469 quem
380 2396 512 2452 diabolus
528 2394 726 2450 fraudulenter
746 2395 857 2465 decepit
878 2396 1020 2468 obligatus
1076 2392 1181 2460 (Marc.
1197 2393 1265 2462 xvi).
1280 2392 1353 2457 Quid
1368 2392 1443 2447 bea?
1453 2393 1503 2448 llle
1514 2392 1600 2448 homo
1613 2393 1662 2465 qui
1678 2408 1817 2463 persuum
1833 2395 1927 2448 scien-2
1975 2375 1976 2400 ¹

171 2490 224 2540 est.
241 2483 411 2549 Quomodo?
434 2482 577 2548 Quoniam
598 2490 628 2538 nt
642 2483 689 2537 sur
703 2484 754 2554 qui
770 2484 978 2539 nobilissimam
990 2489 1020 2539 et
1074 2481 1476 2552 tiam,quseinterioruculus
1503 2486 1554 2548 est,
1580 2481 1654 2536 istud
1679 2481 1755 2548 ridet
1782 2482 1857 2552 quud
1874 2499 1925 2537 ex·

170 2573 409 2644 pretiosissimam
430 2571 582 2642 pecuniam
601 2570 678 2641 regis
692 2571 815 2638 iuratur,
830 2570 934 2626 furtive
950 2571 1018 2626 sub·
1074 2569 1173 2624 teriori
1201 2568 1272 2624 risui
1289 2571 1460 2626 absconsum
1476 2576 1529 2636 est,
1546 2575 1574 2625 st
1594 2569 1623 2625 ia
1646 2571 1701 2626 hoc
1724 2585 1781 2625 non
1799 2571 1924 2640 dabitat,

168 2661 269 2727 intrat,
293 2660 334 2714 sic
353 2663 484 2714 tortuosa
506 2658 656 2730 conceptio
674 2659 705 2714 in
717 2659 846 2732 ingluvie
858 2666 1018 2732 suggestae
1072 2657 1119 2712 bic
1135 2658 1293 2713 certissima
1322 2658 1423 2726 crodit,
1449 2663 1477 2713 et
1500 2659 1560 2714 lraec
1585 2657 1658 2715 fides
1685 2662 1735 2714 est.
1754 2660 1826 2714 Nam
1840 2661 1921 2731 quod

169 2745 285 2802 diabolo
296 2746 414 2802 subdole
430 2745 554 2816 irrepsit,
569 2746 609 2800 ιιι
628 2747 703 2819 quod
727 2746 788 2818 ipse
801 2747 1016 2803 dilectissimam
1072 2745 1159 2800 bomo
1176 2747 1300 2802 exterius
1315 2747 1415 2816 cernit,
1431 2747 1485 2802 boc
1511 2753 1539 2802 et
1554 2748 1679 2802 exterius
1696 2747 1785 2816 novit,
1797 2753 1825 2803 et
1839 2749 1921 2820 quud

169 2849 313 2904 gemmam
333 2839 438 2888 sanctae
462 2834 636 2890 innocentiae
661 2840 690 2888 et
710 2835 848 2890 castitatis
865 2836 896 2890 in
913 2836 1017 2906 quibus
1071 2834 1190 2890 interius
1203 2837 1290 2902 ridet,
1316 2836 1369 2891 hoc
1391 2841 1419 2891 at
1439 2837 1560 2890 interius
1587 2836 1757 2892 considerat.
1774 2836 1842 2892 ldea
1854 2853 1925 2892 cam
1975 2843 1976 2864 ¹

167 2922 291 2993 Spiritus
308 2927 423 2977 senatus
447 2922 558 2976 habitat
592 2923 727 2994 aequiter
763 2924 909 2978 abstraxit.
937 2925 1016 2979 llnde
1037 2925 1189 3020 Cscientia
1202 2924 1328 2980 bominis
1342 2941 1394 2996 per
1412 2926 1561 2996 speculum
1572 2925 1637 2979 ritae
1650 2925 1785 2980 ardenter
1798 2925 1925 2997 percipit

168 3028 246 3067 natac
265 3013 296 3066 in
318 3010 544 3066 sanctificatione
570 3010 728 3065 ablutionis
750 3011 934 3067 emundanda
960 3019 1013 3069 est.
1070 3013 1390 3084 incomprehensibilem
1412 3015 1590 3069 divinitatem
1615 3029 1702 3084 quam
1715 3015 1837 3069 exterior
1850 3030 1922 3068 ocu-

168 3103 239 3158 Nam
256 3100 422 3158 mortiferus
444 3100 522 3155 calor
545 3115 632 3172 quem
649 3100 737 3156 libido
765 3102 794 3155 in
817 3103 1013 3158 cumulatione
1069 3098 1255 3172 lusaspicere
1271 3119 1328 3157 non
1352 3104 1436 3170 salet,
1459 3108 1528 3158 tunc
1542 3103 1685 3158 desideria
1704 3102 1797 3157 carnis
1823 3105 1923 3174 oppri-

166 3189 407 3262 concupiscentioe
435 3187 679 3261 prevaricationis
707 3195 920 3261 preceptorum
947 3207 1013 3246 om·
1069 3196 1188 3245 muntur
1202 3195 1230 3245 et
1244 3191 1404 3246 alliduntur
1419 3191 1453 3245 ad
1468 3193 1587 3262 petram.
1604 3191 1624 3246 U
1629 3191 1683 3246 nde
1698 3195 1727 3246 et
1736 3191 1852 3262 spiritus
1864 3192 1921 3246 bo-

166 3279 325 3351 nipotentis
343 3279 393 3334 ttei
416 3279 573 3344 succendit,
597 3277 693 3333 inille
715 3279 942 3350 submergendus
959 3286 1011 3344 est,
1069 3276 1154 3332 minis
1169 3278 1247 3332 illius
1263 3279 1297 3334 ed
1316 3295 1412 3334 veram
1427 3277 1607 3334 altitudinem
1630 3279 1763 3350 suspiret,
1782 3280 1855 3334 hanc
1868 3295 1921 3334 re-

164 3369 217 3441 qui
246 3383 397 3440 nunquam
422 3365 568 3422 mirabilia
596 3381 648 3421 sua
678 3365 817 3421 invidiose
851 3367 1011 3436 abscondit,
1068 3366 1284 3437 genarationenr
1298 3369 1437 3435 sentiens,
1454 3383 1541 3440 qiram
1564 3368 1652 3423 Filius
1667 3368 1793 3426 bominis
1807 3368 1919 3440 Spiritu

166 3457 216 3512 sed
235 3473 270 3512 ee
283 3457 314 3512 iu
339 3454 624 3527 incomprebensibili
651 3454 757 3526 pietate
789 3455 1012 3511 misericorditer
1068 3459 1165 3509 saneto
1177 3460 1332 3527 conceptus
1347 3456 1452 3519 attulit,
1474 3470 1561 3526 quem
1574 3456 1680 3511 intacta
1700 3460 1792 3511 mater
1808 3471 1866 3510 non
1881 3455 1919 3512 de

164 3544 299 3602 ostendit.
328 3544 432 3600 audite
455 3560 524 3616 ergo
548 3543 652 3599 Filium
675 3543 706 3597 in
730 3544 783 3598 bac
808 3544 1011 3599 constitutione
1065 3557 1152 3598 carae
1166 3542 1218 3599 viri
1232 3545 1360 3599 sudantis
1376 3543 1405 3598 in
1420 3543 1538 3599 libidine
1553 3544 1677 3615 accepim
1690 3543 1739 3599 sed
1758 3545 1793 3600 de
1808 3549 1919 3599 secreto

163 3633 391 3707 regenerationis
417 3647 482 3705 quae
512 3631 648 3686 revelatio
669 3631 752 3703 regni
779 3631 837 3686 mei
852 3636 903 3696 est,
928 3633 1011 3688 etdi·
1064 3629 1153 3700 patris
1178 3631 1319 3687 omnium.
1345 3632 1400 3697 Qui
1424 3632 1549 3687 suaviter
1574 3632 1702 3700 veniens,
1727 3631 1917 3704 purissimum

163 3723 233 3778 scite
248 3723 285 3778 ab
297 3738 331 3778 ιο
356 3725 390 3777 ut
409 3724 554 3792 precepta
577 3735 642 3775 mea
663 3719 841 3792 compleatis.
857 3720 901 3776 Sic
915 3719 1009 3777 tacite.
1064 3723 1093 3773 et
1107 3719 1203 3774 viram
1219 3720 1366 3792 speculum
1380 3719 1410 3775 in
1426 3737 1500 3793 aqua
1516 3721 1656 3787 ostendit;
1677 3721 1717 3776 ita
1733 3721 1809 3792 quod
1826 3721 1916 3776 bomo

163 3811 303 3866 Nambuc
317 3809 390 3865 mibi
416 3814 564 3880 acceptum
590 3813 643 3875 est,
665 3813 694 3863 et
717 3812 813 3863 cavete
844 3825 880 3864 ne
894 3825 942 3863 aas
957 3826 1010 3864 aa·
1064 3822 1117 3877 per
1131 3806 1201 3863 illud
1229 3809 1260 3863 in
1284 3807 1502 3880 regeneratione
1526 3808 1604 3864 vivit.
1633 3809 1703 3864 Nam
1728 3809 1801 3864 sicut
1827 3811 1917 3865 hama

161 3899 543 3971 tiquusserpensseducat3
564 3901 668 3952 etnon
690 3897 856 3952 moriemini
872 3898 897 3951 si
913 3896 1010 3968 bapti·
1064 3895 1229 3951 nesciturus
1239 3912 1334 3964 earne,
1348 3896 1446 3952 divina
1457 3901 1597 3969 potestate
1611 3896 1640 3951 in
1654 3897 1913 3954 tormaedaeittam
1975 3945 1976 3950 ,

161 4003 257 4043 smum
284 3991 410 4042 vestrum
451 3985 640 4050 servaveritis,
678 3990 710 4039 ut
735 3984 813 4040 vobis
838 3985 869 4041 in
891 3986 1009 4042 nomine
1063 3985 1251 4054 creante3ita
1265 3985 1388 4056 Spiritus
1408 3991 1520 4041 sanctus
1533 3990 1683 4058 recuperat
1696 3986 1782 4040 vitem
1807 3987 1914 4043 anime

161 4075 334 4131 beatissime
362 4074 508 4130 Trinitatis
544 4078 720 4145 preceptum
748 4079 799 4129 est.
832 4074 867 4127 Et
895 4075 1009 4145 quoties
1064 4089 1115 4144 per
1129 4073 1346 4129 inundationem
1364 4091 1456 4147 aquae,
1473 4091 1538 4129 anm
1558 4075 1621 4146 ipsa
1640 4073 1774 4145 spiritum
1785 4073 1913 4130 bominis

161 4163 334 4229 cecideritis,
374 4163 483 4233 surgite
525 4177 591 4217 cum
628 4161 804 4217 correctione
829 4161 1006 4231 paenitentia
1062 4162 1093 4216 iu
1114 4177 1143 4215 se
1166 4163 1278 4233 accipit,
1302 4179 1368 4217 eura
1396 4163 1567 4217 resuscitans
1591 4162 1748 4229 advitam,
1777 4167 1807 4216 ut
1829 4163 1913 4234 prius
1975 4163 1976 4222 l

160 4252 317 4307 sectandum
339 4250 565 4305 misericordiam
584 4266 679 4304 meam
691 4250 726 4304 de
753 4250 877 4319 peccatis
893 4250 1003 4304 vestris.
1024 4239 1091 4305 ltin
1111 4249 1188 4306 unde
1207 4251 1355 4322 sanguinis
1379 4253 1531 4306 suscitatus
1551 4255 1608 4318 est;
1631 4265 1696 4306 cum
1713 4250 1744 4306 in
1767 4252 1911 4321 corporali

159 4341 182 4396 0
207 4355 257 4394 ras
284 4338 444 4394 charissimi
471 4338 523 4392 lilii
559 4338 626 4405 mei,
656 4339 819 4410 cognoscite
846 4338 1004 4394 bonitatem
1060 4339 1173 4394 vasculo
1203 4339 1403 4394 manifestatus
1432 4344 1485 4406 est,
1511 4343 1544 4394 ut
1564 4339 1642 4394 enirn
1665 4339 1759 4394 forme
1784 4339 1911 4396 bominis

159 4427 249 4483 Patris
273 4428 374 4495 vestri;
396 4428 508 4498 quivos
527 4426 557 4481 ιιι
575 4426 795 4497 semetipsoper
809 4443 912 4498 puram
935 4443 1003 4482 con·
1061 4432 1129 4483 tunc
1153 4427 1329 4484 sensibiliter
1358 4427 1500 4483 formatur
1528 4442 1594 4482 cum
1619 4427 1705 4482 bomo
1732 4426 1852 4484 dicitur:
1869 4429 1911 4486 sic

156 4515 310 4572 laesionem
331 4520 361 4570 ιι
376 4531 428 4587 ριι·
454 4531 549 4570 reram
573 4514 684 4570 reniam
708 4515 743 4570 de
765 4515 881 4570 maxilla
896 4515 1003 4572 diaboli
1059 4515 1179 4587 spiritus
1200 4516 1327 4572 bominis
1343 4521 1408 4571 ante
1426 4517 1523 4571 oculos
1548 4517 1597 4572 [ιιι
1613 4520 1682 4572 tunc
1705 4516 1734 4571 in
1763 4533 1840 4588 equa
1865 4519 1908 4573 ιιι-

156 4604 298 4671 liberavit,
324 4609 353 4659 et
371 4604 421 4676 qui
437 4604 517 4659 rabis
540 4602 639 4658 omnia
653 4603 873 4670 bonacontnlit,
894 4603 924 4658 in
939 4605 1002 4677 qni·
1058 4603 1201 4671 vilicatus,
1225 4603 1267 4659 ita
1289 4605 1365 4677 quod
1390 4621 1457 4660 eum
1482 4605 1557 4660 lteris
1573 4605 1607 4661 ad
1628 4605 1826 4661 haereditatem
1841 4606 1909 4662 vitre

156 4694 210 4749 bus
232 4692 365 4748 laborare
389 4691 508 4759 debetis,
524 4696 557 4747 ut
577 4692 721 4746 caelestem
745 4692 919 4746 Hierusalem
935 4709 1001 4763 pos·
1058 4692 1148 4748 novit.
1178 4692 1258 4749 Unde
1287 4693 1336 4766 qui
1360 4692 1400 4748 sic
1422 4692 1531 4748 lentem
1547 4691 1724 4748 salutiscam
1740 4691 1907 4765 ioederejn-

155 4780 285 4847 sideatis;
315 4794 402 4852 quam
435 4794 488 4850 per
519 4779 648 4833 fallacem
678 4778 875 4848 deceptionem
907 4780 1002 4851 perdi·
1057 4779 1142 4835 stitia
1165 4779 1293 4853 suscipit,
1332 4781 1420 4836 vitam
1448 4781 1478 4836 in
1508 4779 1663 4836 salvatione
1684 4781 1804 4852 invenit,
1837 4782 1908 4854 quie

155 4871 248 4937 distis,
274 4869 340 4940 quia
363 4883 448 4924 nemo
478 4868 619 4939 perditam
644 4869 841 4922 haereditatem
862 4885 1002 4925 suamve·
1056 4867 1394 4940 fidelitercrediditaqui
1420 4883 1485 4922 raro
1509 4868 1625 4924 credere
1650 4883 1708 4922 non
1737 4871 1808 4937 ruit,
1830 4884 1907 4924 mor·

155 4972 292 5030 cuperere
319 4961 424 5028 potest,
440 4955 496 5011 nisi
518 4957 721 5027 persudurem
750 4956 924 5012 laborissui.
946 4960 1002 5014 llos
1056 4963 1121 5011 tuus
1153 4961 1205 5022 est,
1234 4957 1371 5028 quoniam
1403 4957 1543 5028 spiracula
1578 4958 1697 5029 spiritus
1720 4973 1777 5012 non
1806 4956 1904 5026 hebet,

154 5051 251 5102 eutem
279 5057 434 5116 supernam
449 5045 667 5101 beatitudimcm
693 5044 800 5098 scilicet
826 5045 1001 5100 excellentis·
1055 5061 1120 5101 cum
1144 5044 1249 5117 quibus
1265 5045 1293 5099 in
1316 5044 1497 5100 altitudinem
1523 5046 1585 5100 eceli
1602 5047 1693 5101 volat:
1718 5045 1767 5101 sed
1790 5051 1904 5104 tantum

155 5134 257 5190 ιιιιιιιιι
268 5133 465 5190 haereditatem
480 5137 615 5199 vestram,
638 5133 721 5188 facila
737 5149 796 5186 non
810 5131 919 5188 difficili
937 5136 1001 5201 tege
1055 5133 1198 5205 tangendo
1215 5134 1296 5189 caecis
1318 5134 1407 5188 ocutis
1429 5133 1560 5205 palpitat,
1575 5135 1607 5190 in
1621 5133 1793 5190 obumbrata
1807 5137 1905 5191 scien-

154 5222 423 5296 reciperepatestis.
453 5223 524 5278 Nam
552 5221 676 5292 Spiritus
699 5225 823 5288 sanctus,
850 5227 882 5275 ut
896 5222 999 5292 praedi·
1054 5220 1201 5277 tiacarnis
1224 5238 1282 5277 non
1306 5222 1413 5291 virens,
1443 5221 1512 5294 qriia
1535 5222 1614 5278 vitali
1639 5221 1791 5294 disciplina
1811 5229 1901 5294 caret,

152 5313 232 5368 ctum
258 5315 311 5375 est,
330 5313 502 5381 potestatem
522 5307 634 5364 Satanae
662 5308 693 5362 ia
713 5307 857 5378 baptismo
880 5309 999 5379 expellit
1054 5326 1142 5383 quam
1174 5311 1250 5366 [teus
1279 5310 1397 5383 spiravit
1428 5310 1458 5365 in
1482 5310 1640 5381 bominem,
1669 5327 1782 5366 sursum
1801 5319 1904 5370 contm

150 5404 188 5457 ab
211 5400 339 5466 bomine,
369 5397 551 5455 sanctificans
577 5414 643 5454 eum
665 5413 770 5454 novam
795 5399 944 5454 bominem
968 5398 998 5453 ia
1053 5399 1230 5454 volantatem
1261 5399 1355 5454 carnis
1390 5399 1601 5456 ascendentem.
1639 5399 1819 5474 Quapropter
1847 5401 1903 5459 iste

150 5488 377 5561 regeneratione,
408 5490 441 5542 ut
471 5485 584 5557 perdita
613 5487 718 5559 gaudie
737 5486 864 5558 recipere
893 5489 996 5544 valeat.
1053 5487 1083 5543 in
1119 5491 1242 5543 mortem
1278 5485 1456 5544 infidelitatis
1488 5488 1739 5558 condemnabitur,
1765 5489 1833 5563 quie
1863 5491 1903 5546 la·
