3984 6034
174 147 225 200 tt:
917 143 943 196 S.
967 140 1203 196 uluuueaunls
1868 141 1926 194 :lita

173 273 299 335 ardeubi
320 271 449 330 libidinis
461 271 492 326 in
514 269 716 326 constrictione
737 271 866 342 corporis
894 270 938 326 sui
967 287 1011 325 sc·
1031 271 1156 330 Abomo
1171 270 1220 342 qui
1240 286 1290 341 per
1305 273 1419 326 noctem
1442 267 1582 341 polluitur
1600 267 1632 323 iu
1651 285 1753 325 somno
1767 269 1925 326 dormitio-

173 361 308 433 mctipsas
336 359 468 430 fatigant,
505 357 587 415 valde
611 359 768 430 culpabiles
809 359 912 415 exinde
939 364 1017 429 sunt,
1072 359 1117 414 nis
1139 374 1207 424 site,
1249 362 1362 429 separet
1386 374 1416 414 se
1449 358 1484 413 da
1508 357 1732 428 congregatione
1757 357 1924 413 sanctitatis

172 449 242 520 quia
257 462 322 501 cum
346 446 377 501 in
393 446 523 500 castilate
550 461 581 500 se
603 446 749 502 continere
770 445 919 515 deberent,
943 446 1019 502 scin
1071 447 1225 519 illiusque
1252 447 1287 502 ad
1302 446 1391 501 altare
1419 443 1663 517 ntenmpertinct,
1679 445 1721 499 ita
1751 450 1783 500 ut
1799 460 1829 498 aa
1857 461 1924 516 my-

171 534 356 590 immunditia
370 534 515 605 polluunt.
546 534 696 588 Undetam
723 534 837 589 feminae
860 550 948 607 quain
963 535 1020 590 riri
1072 535 1160 590 sterio
1188 535 1231 590 illi
1256 535 1433 606 conjungere
1473 549 1531 588 non
1559 537 1725 603 praesumat,
1751 538 1922 604 antequam,

171 623 222 695 qui
249 622 369 694 proprio
396 626 473 677 tactu
496 621 627 692 corporis
650 622 696 676 aui
716 638 815 678 semen
840 638 925 678 suum
940 623 1017 679 dese
1072 622 1195 680 abeunte
1207 621 1291 678 noxio
1305 622 1410 688 calore,
1434 620 1485 676 illo
1511 620 1685 675 emundatur
1701 621 1814 675 lavacro
1830 620 1926 690 poeni·

171 710 329 778 excutiant,
350 710 379 766 iri
392 710 446 766 hac
466 710 551 766 sorde
573 725 625 764 sua
637 709 781 766 ulceribus
802 716 831 766 et
850 710 1017 766 vulneribus
1072 709 1170 764 tonnae
1197 709 1228 764 in
1255 707 1434 785 confessione
1462 711 1491 762 ct
1515 707 1738 778 compunctione
1763 707 1858 762 cordis
1884 708 1924 762 ile

171 799 342 871 semctipsos
356 799 387 854 in
410 798 563 854 animabus
576 799 635 853 suis
657 798 803 866 inliciunt,
818 813 884 854 cum
900 805 1019 871 propter
1072 797 1205 858 incendio
1233 797 1362 854 libidinis
1390 813 1460 852 suni.
1494 796 1527 852 lit
1555 801 1632 864 lunc,
1671 797 1843 868 poenitentia
1870 797 1925 854 illia

170 903 300 944 amorem
316 902 414 943 meum
436 887 467 942 in
482 886 576 942 officio
604 887 742 942 castitatis
763 903 794 942 sa
819 887 1018 958 conuringerc
1072 900 1137 958 quie
1153 900 1201 940 cor
1225 883 1316 955 ipsius
1344 882 1385 938 ita
1413 883 1605 938 illustraverat
1627 887 1751 953 peracta,
1769 883 1870 938 redeat
1888 882 1924 938 in

171 975 335 1033 noluerunt.
360 976 435 1042 Quid
464 974 537 1031 boc‘l
560 974 633 1040 Quia
657 991 723 1030 cum
747 976 836 1032 homo
866 975 1017 1046 stimulum
1071 989 1170 1029 amore
1197 971 1333 1028 castitatis
1362 970 1398 1027 ad
1420 971 1484 1026 illos
1512 970 1564 1042 qui
1591 987 1621 1026 se
1650 971 1772 1028 lidelitcr
1800 972 1836 1026 ab
1861 970 1922 1026 im-

171 1065 338 1121 oarnissute
359 1081 390 1120 se
412 1079 544 1136 pungere
565 1065 703 1120 senserit:
729 1065 759 1119 iu
782 1080 932 1120 cavernam
951 1081 1017 1122 con·
1072 1062 1213 1119 munditia
1244 1059 1414 1134 pollutionis
1440 1059 1616 1125 detendunt,
1646 1067 1674 1116 et
1706 1067 1924 1120 sacramentum

170 1153 301 1209 tinentiae
321 1158 426 1221 currat,
453 1158 483 1206 et
514 1158 626 1207 scnium
649 1152 787 1208 castitatis
809 1153 1016 1225 apprehendat,
1072 1151 1142 1208 illud
1156 1151 1232 1223 quod
1251 1155 1344 1206 tolum
1373 1150 1404 1205 in
1432 1148 1581 1204 sanctitate
1598 1155 1639 1203 cst
1660 1148 1797 1220 digne'et
1824 1149 1921 1205 hono-

169 1247 256 1314 atque
277 1242 319 1296 ita
341 1257 371 1296 se
397 1241 433 1297 ab
460 1241 647 1298 immunditia
668 1241 811 1298 defendat.
837 1242 986 1308 Quomodo
1001 1241 1015 1296 i
1071 1239 1151 1295 rilice
1166 1239 1258 1294 adeat.
1274 1238 1329 1294 Sed
1344 1237 1432 1293 homo
1447 1237 1495 1292 ille
1507 1235 1557 1309 qui
1571 1241 1630 1292 tam
1647 1237 1817 1293 dormiendo
1829 1253 1923 1309 quam

169 1330 329 1385 Zizaniade
356 1329 451 1386 tritico
475 1331 578 1400 ejiciat,
595 1329 624 1385 id
648 1335 692 1385 est
721 1330 873 1402 strepitum
888 1329 1017 1386 libidinis
1070 1325 1215 1397 vigilando
1239 1325 1353 1380 fortiter
1380 1325 1409 1380 in
1426 1323 1547 1379 libidine
1568 1324 1660 1392 ardet,
1695 1330 1790 1379 caveat
1814 1340 1851 1380 ne
1877 1341 1923 1379 or·

170 1418 350 1473 asuavitate
375 1419 511 1473 castilatis
542 1424 664 1488 separet.
695 1418 775 1473 Unde
802 1420 934 1491 quisquis
959 1436 1017 1492 gu·
1071 1413 1134 1468 dori
1153 1429 1204 1468 suo
1215 1413 1379 1468 incendium
1395 1413 1604 1467 subministret.
1620 1411 1789 1476 Quomodo?
1804 1413 1923 1467 Scilicet
1980 1427 1981 1452 t

168 1511 245 1562 stunt
274 1507 402 1563 libidinis
432 1507 502 1562 sica
523 1523 553 1562 se
577 1505 747 1578 projecerit:
774 1508 856 1562 raldo
882 1507 1017 1563 dulciret
1071 1502 1142 1556 escis
1170 1501 1227 1556 iltis
1246 1517 1311 1572 qiiae
1338 1501 1392 1556 sibi
1420 1516 1535 1556 succum
1564 1499 1693 1556 libidinis
1718 1499 1854 1564 offerunt,
1888 1516 1921 1555 sc

168 1595 299 1650 amabilis
322 1596 462 1651 mihiesl.
492 1595 548 1652 Sed
571 1611 633 1662 vos,
660 1595 834 1665 obomincs,
854 1596 1016 1652 castitatem
1035 1570 1056 1624 B
1073 1606 1129 1645 non
1155 1589 1326 1654 inllaiumet,
1343 1589 1429 1646 seda
1455 1589 1590 1644 carnibus
1615 1587 1828 1660 illisquaestnc
1858 1595 1922 1660 teg·
1980 1595 1981 1604 ¹

167 1682 329 1752 abjicitiset
343 1683 493 1738 libidinem
509 1682 621 1748 aciatis,
641 1699 706 1737 ciim
735 1683 822 1738 etiam
848 1700 906 1738 non
921 1686 1016 1739 solum
1072 1679 1149 1734 mino
1168 1679 1254 1735 uudto
1271 1679 1306 1736 da
1328 1681 1469 1734 matribus
1484 1679 1555 1747 suis,
1583 1679 1613 1734 id
1640 1685 1683 1732 est
1697 1679 1732 1734 dc
1755 1678 1919 1751 pecoribus,

166 1769 356 1826 fornicatores
383 1771 548 1834 bominum,
570 1770 619 1824 sed
644 1770 732 1824 ctiam
759 1769 949 1826 fornicatores
971 1787 1018 1842 pc·
1071 1782 1193 1839 egressae
1221 1774 1289 1824 sitnt
1328 1767 1475 1823 humiliter
1506 1766 1662 1836 abstineat;
1692 1768 1759 1838 quia
1786 1768 1816 1822 in
1845 1768 1920 1839 ipsis

166 1873 267 1914 corum
295 1858 362 1913 estis
377 1857 417 1912 ita
446 1859 522 1929 quod
550 1873 650 1912 seman
674 1863 799 1912 restrum
817 1874 876 1912 non
890 1859 920 1913 in
944 1859 1015 1914 illud
1070 1857 1165 1911 terior
1180 1855 1292 1912 ardoris
1306 1862 1359 1923 est,
1380 1857 1430 1929 qiii
1454 1862 1551 1912 lautus
1573 1872 1630 1911 uon
1657 1863 1699 1911 est
1726 1858 1855 1912 incarne
1870 1875 1920 1912 vo·

167 1945 245 2010 onod
258 1945 337 2012 vivit,
366 1947 416 2003 sed
438 1945 469 2000 in
483 1945 554 2000 illud
583 1945 658 2018 quod
679 1952 826 2000 mortuum
854 1951 898 2001 est
926 1947 1015 2001 mitti·
1069 1946 1181 2000 lucrum
1214 1961 1279 2018 qitm
1309 1946 1371 2000 sine
1400 1945 1528 2016 tegmine
1563 1960 1621 2000 non
1656 1945 1814 2016 egreditur,
1847 1961 1918 2002 cum

166 2032 214 2100 tis,
243 2037 273 2087 et
299 2034 378 2105 quod
406 2040 565 2088 consortem
597 2033 683 2087 rastri
710 2033 852 2100 deseritis,
881 2040 910 2090 et
944 2035 1014 2091 illud
1069 2035 1196 2105 tegmine
1211 2039 1282 2088 teste
1308 2033 1397 2087 fracto
1423 2049 1476 2088 oro
1503 2032 1638 2087 nascitur.
1657 2033 1736 2087 [luda
1755 2034 1843 2088 etiam
1867 2033 1919 2090 mi·

166 2120 243 2192 quod
271 2122 352 2177 vobis
379 2120 410 2175 in
441 2123 578 2176 servitute
601 2123 763 2192 subjectum
794 2128 837 2176 cst
864 2121 1013 2194 appetitis.
1069 2137 1123 2178 niis
1146 2120 1364 2188 incendiumjn
1385 2121 1447 2192 ipsa
1469 2125 1523 2175 est.
1546 2119 1601 2176 Sed
1625 2121 1704 2176 etab
1725 2119 1919 2176 immoderato

167 2211 350 2281 Quapropter
374 2209 498 2264 clamant
531 2225 619 2281 super
640 2227 690 2265 vos
711 2211 854 2266 elementa
874 2210 1015 2268 dicentia:
1068 2208 1179 2263 vinose
1205 2209 1356 2274 abstineat,
1373 2209 1453 2263 nein
1478 2208 1676 2279 superfluitate
1704 2215 1814 2279 potatu,
1832 2224 1915 2264 venas

166 2299 245 2354 licut
262 2298 334 2354 benl
357 2298 448 2353 nostri
479 2298 672 2353 dominatores
692 2297 814 2354 miscent
828 2315 858 2353 se
878 2299 960 2354 nobis
984 2298 1015 2354 iu
1067 2296 1260 2368 ipsiiisnorio
1290 2295 1429 2368 sanguiue
1459 2297 1585 2368 repletae,
1611 2296 1642 2352 iri
1672 2297 1774 2352 ardore
1788 2296 1919 2352 incendii

165 2388 368 2442 commistione
398 2385 517 2442 seminia
543 2403 597 2442 stit.
630 2389 663 2441 ut
693 2388 732 2442 ita
755 2388 790 2443 de
815 2386 1015 2458 indignatione
1068 2385 1190 2455 turpiter
1217 2385 1399 2439 incalescant.
1426 2383 1456 2438 Si
1483 2384 1547 2454 qiiis
1575 2387 1670 2438 etitem
1701 2384 1729 2438 in
1761 2383 1917 2453 superflui·

164 2489 228 2529 mea
255 2474 287 2529 in
314 2475 450 2546 operibus
475 2475 577 2530 restris
601 2475 748 2530 tristitiam
786 2492 817 2530 sa
835 2475 942 2531 habere
964 2474 1011 2531 de·
1068 2480 1127 2528 tata
1154 2489 1304 2528 caricarum
1340 2472 1461 2526 istarum
1496 2472 1616 2538 laborat,
1657 2471 1826 2542 sibimetipsi
1867 2489 1918 2526 re-

164 2569 335 2620 monstraul.
363 2566 420 2620 Cor
447 2579 501 2634 ego
523 2564 734 2634 intelligibilem
759 2564 937 2620 intellectum
965 2579 1014 2619 re·
1067 2561 1167 2618 sistere
1193 2578 1244 2632 ier
1268 2576 1298 2615 se
1325 2576 1383 2616 non
1412 2562 1518 2623 valens,
1546 2560 1730 2616 devotissima
1752 2561 1917 2616 interitione

164 2660 255 2706 strum
277 2651 306 2706 iri
327 2653 475 2724 pecualem
504 2653 655 2707 stultitiam
688 2652 808 2721 vertitis,
842 2669 908 2707 cum
937 2652 1014 2706 scitis
1069 2655 1250 2721 maquerel,
1270 2665 1304 2704 ac
1330 2646 1449 2704 vulnera
1466 2649 1559 2704 cordis
1585 2647 1628 2703 sui
1656 2649 1917 2716 btimillimadete·

164 2755 213 2795 ros
227 2742 360 2795 liomines
377 2740 462 2796 esse?
489 2740 623 2811 Nuitqtiid
643 2741 737 2796 creavi
761 2756 811 2796 vos
838 2740 873 2795 ad
891 2741 1012 2813 juitctu·
1067 2738 1160 2794 ctione
1175 2738 1246 2794 mibi
1260 2738 1447 2793 demonstret.
1469 2737 1639 2802 Quomodo?
1659 2736 1796 2793 Videlicet
1810 2739 1918 2794 bamili

163 2843 226 2883 rain
255 2828 411 2899 pecorum?
435 2829 632 2900 Nequaquam.
660 2828 694 2883 Et
724 2828 864 2900 quoniam
888 2827 945 2884 illis
964 2827 1243 2918 vosccotilessiouc
1277 2843 1372 2882 coram
1401 2828 1548 2882 sacerdota
1576 2842 1610 2881 ea
1639 2826 1710 2881 mibi
1738 2829 1857 2898 aperiat.
1885 2828 1918 2882 Et

163 2916 349 2987 conjungitis,
388 2916 494 2972 idcirco
528 2917 710 2972 amarissima
738 2919 884 2972 consortia
913 2917 1010 2972 oetan·
1066 2931 1117 2970 cur
1133 2913 1207 2971 boc?
1236 2915 1308 2981 Quia
1336 2930 1403 2970 vera
1430 2916 1571 2970 confessio
1593 2916 1717 2970 secunda
1741 2917 1916 2970 resurrectio

163 3005 263 3060 dorum
287 3003 442 3058 criminum
474 3005 577 3060 cadent
600 3020 687 3075 super
722 3021 778 3070 vos,
804 3005 873 3077 quia
893 3005 1010 3060 institu-
1064 3011 1116 3060 cst.
1132 3004 1426 3071 Quomudo‘llncasu
1442 3003 1626 3060 raterisitde
1645 3004 1804 3060 humanum
1820 3019 1915 3074 genus

162 3093 271 3148 tionem
287 3108 382 3147 meatu
396 3091 426 3146 in
446 3095 583 3161 junctura
597 3094 684 3146 maris
699 3095 728 3147 et
749 3093 865 3148 lemine
879 3100 1009 3149 contem·
1064 3092 1189 3148 occisum
1204 3099 1256 3160 est,
1274 3093 1349 3165 quod
1367 3109 1456 3148 nouus
1479 3093 1570 3148 Adam
1598 3093 1627 3148 in
1656 3100 1749 3149 niorte
1772 3109 1823 3148 sita
1838 3094 1916 3149 exci-

162 3181 240 3237 nitis.
257 3182 327 3236 Nam
347 3181 480 3252 qtiisqiiis
504 3182 533 3235 in
558 3182 669 3236 actibus
684 3181 743 3236 suis
757 3198 788 3236 sc
802 3184 843 3238 ita
860 3187 1009 3238 benamu-
1062 3181 1142 3237 tavit.
1173 3180 1354 3252 Quapropter
1372 3186 1401 3236 et
1431 3181 1568 3237 inmorte
1592 3181 1723 3252 ejusdem
1751 3181 1817 3237 riori
1844 3182 1917 3240 nac

161 3275 214 3337 lat,
224 3269 301 3341 quod
315 3269 370 3325 boc
382 3268 452 3322 iacit
465 3269 541 3340 qnod
564 3268 658 3324 facere
672 3269 856 3341 concupiscit,
878 3271 1009 3327 videlicet
1063 3273 1235 3326 resurrectio
1266 3271 1429 3325 animarum
1447 3277 1548 3326 exorta
1571 3276 1624 3338 est,
1648 3269 1689 3324 ita
1718 3270 1793 3342 qood
1821 3272 1913 3328 ltomo

161 3359 283 3432 quodse
309 3358 349 3412 ita
376 3357 515 3423 destituit,
540 3357 618 3429 quod
641 3374 741 3414 semen
764 3375 849 3414 suunt
864 3375 930 3416 cum
957 3376 1007 3433 pa·
1063 3366 1179 3431 peccata
1199 3375 1250 3413 sua
1268 3359 1399 3413 conllleri
1425 3359 1519 3428 debet,
1538 3359 1616 3430 qiiod
1636 3365 1716 3414 ratiis
1734 3360 1826 3416 Adam
1852 3377 1915 3418 non

161 3462 228 3504 core
250 3445 382 3512 effundit,
406 3443 454 3501 bic
486 3446 642 3502 maximam
672 3447 789 3503 ruinam
807 3447 863 3504 sibi
886 3449 1007 3520 inducit,
1063 3448 1140 3516 iecit,
1170 3463 1236 3502 cum
1261 3447 1529 3521 prevaricationem
1566 3463 1647 3503 suam
1673 3447 1766 3520 magis
1791 3448 1915 3520 obtexit,

163 3538 197 3590 ut
224 3535 312 3590 atiani
352 3532 471 3588 Satanas
505 3534 694 3605 semetipsum
724 3549 776 3607 par
809 3536 1007 3592 adversitatem
1063 3551 1150 3609 quam
1166 3535 1389 3592 eamconlessns
1409 3535 1457 3592 sit.
1482 3535 1650 3602 Quomodo?
1680 3535 1826 3600 Quiaaam
1851 3553 1917 3594 non

160 3637 242 3677 suam
257 3621 363 3692 dejecit
375 3637 440 3676 cum
467 3621 572 3678 similis
593 3622 651 3678 Deo
677 3638 739 3678 esse
763 3623 863 3680 voluit.
877 3624 1007 3696 Quapro—
1063 3625 1267 3680 cstconfcssns
1280 3624 1458 3696 paenitendo,
1484 3627 1532 3680 sed
1556 3640 1621 3680 eam
1644 3624 1752 3680 obtexit
1770 3624 1915 3682 sentinam

161 3713 225 3780 pter
237 3727 288 3765 vos
301 3725 401 3764 omnes
425 3709 476 3781 qui
500 3725 633 3782 perverso
662 3725 717 3766 usu
746 3711 777 3766 in
808 3713 928 3768 diversis
951 3714 1007 3768 bu·
1063 3712 1240 3780 accusando;
1270 3713 1346 3768 unde
1371 3718 1400 3768 et
1427 3713 1570 3768 contessio
1592 3714 1687 3784 posita
1716 3719 1767 3782 cst,
1784 3719 1816 3768 ut
1831 3721 1912 3785 post·

81 3867 87 3878 ·
158 3796 286 3868 jusmodi
322 3797 532 3870 pollutionibus
570 3815 620 3854 vos
657 3801 873 3870 contaminatis;
903 3817 1007 3857 concii·
1063 3818 1149 3874 quam
1179 3802 1311 3858 boinines
1334 3801 1499 3870 ceciderint,
1525 3802 1561 3856 de
1582 3817 1650 3857 casii
1674 3818 1727 3857 sitii
1765 3818 1817 3874 per
1846 3819 1915 3860 eam

159 3887 309 3958 piscentiic
342 3893 444 3941 rastra
473 3888 608 3955 resistite,
637 3895 666 3943 ct
692 3904 813 3960 corpora
841 3895 933 3945 restra
959 3905 1006 3945 ca·
1062 3892 1219 3963 erigantur.
1253 3890 1287 3946 Et
1327 3891 1393 3947 ideo
1426 3891 1592 3963 quicunque
1620 3907 1692 3963 pura
1729 3891 1914 3950 confessione

158 3975 319 4046 stignantes
351 3975 561 4030 amarissimam
603 3981 632 4031 at
661 3991 759 4031 ueram
803 3977 1005 4047 paenitentiam
1062 3979 1202 4034 sacerdoti
1231 3980 1262 4034 in
1285 3995 1384 4034 amore
1417 3995 1493 4046 meo,
1528 3985 1645 4050 peccatu
1679 3994 1731 4034 atta
1764 3979 1913 4036 confessus

158 4078 225 4119 cum
253 4066 369 4134 planctu
405 4079 512 4135 magno
543 4070 571 4118 et
603 4063 716 4136 jejunio
745 4080 779 4119 ac
815 4071 1007 4121 maceratione
1061 4067 1163 4124 luerit:
1182 4067 1217 4124 de
1235 4075 1326 4124 morte
1341 4067 1378 4124 ad
1395 4067 1482 4124 vitain
1507 4068 1643 4141 resurgit,
1661 4074 1694 4123 nl
1710 4068 1912 4126 etiamilleda

157 4153 252 4207 carnis
275 4158 378 4206 vestrae
406 4158 493 4223 atqiie
520 4167 585 4207 cum
619 4153 690 4208 diris
720 4152 886 4209 verberibus
910 4155 1004 4221 facite,
1024 4135 1047 4192 ⁰
1064 4165 1156 4212 morta
1174 4161 1273 4228 erepta
1288 4161 1331 4212 est
1345 4173 1411 4230 quie
1437 4158 1468 4212 in
1493 4157 1625 4216 convivio
1639 4171 1737 4212 coram
1755 4157 1815 4212 lilio
1843 4173 1911 4214 meo

156 4255 195 4295 ne
212 4239 244 4296 in
266 4240 416 4296 cumulum
438 4239 629 4296 crudelissimi
645 4247 741 4298 reatus
757 4256 805 4297 ros
819 4243 1004 4315 impoeniten·
1059 4260 1124 4301 oiim
1154 4245 1332 4316 lacrymabili
1362 4244 1531 4319 penitentia
1557 4245 1592 4302 de
1619 4245 1752 4301 sordibus
1789 4247 1849 4301 suis
1878 4263 1910 4303 se

157 4332 200 4384 tes
214 4328 345 4385 mittatis.
416 4408 418 4412 ,
1058 4333 1200 4406 purgavit.
1215 4333 1296 4400 Quod
1313 4333 1473 4390 remedium
1488 4333 1669 4406 purgationis
1689 4340 1719 4390 sl
1733 4335 1764 4390 in
1780 4336 1910 4409 antiquis

192 4417 257 4474 lton
282 4419 377 4473 solum
402 4421 500 4474 autent
525 4417 590 4473 volo
616 4422 647 4474 ut
679 4417 812 4475 homines
835 4418 1004 4493 evigilanti
1058 4422 1187 4496 patribus
1200 4423 1249 4479 diu
1265 4421 1482 4496 praefiguratum
1498 4426 1549 4479 ast.
1565 4422 1737 4489 Quomodo?
1756 4423 1827 4480 Nam
1840 4431 1909 4482 ante

156 4505 342 4580 immunditia
355 4521 386 4560 se
400 4507 567 4574 emundent,
592 4509 643 4563 scd
657 4513 690 4565 ut
701 4509 821 4565 etiamn
844 4509 1005 4581 pollutione
1057 4511 1152 4584 legem
1177 4512 1289 4584 graliae,
1318 4511 1487 4584 patriarche
1515 4516 1545 4567 ct
1568 4509 1718 4584 prophetie
1747 4513 1907 4570 consolatio

153 4596 205 4652 illa
233 4611 298 4669 qua
325 4595 395 4666 ipsis
440 4594 651 4652 dormientibus
673 4597 831 4654 occurerrit
859 4613 889 4653 se
916 4597 1003 4670 digne
1057 4601 1210 4657 bominum
1236 4605 1328 4668 crant,
1355 4605 1384 4657 et
1410 4601 1463 4656 sub
1489 4599 1553 4673 lege
1583 4600 1731 4673 pontifices
1759 4607 1788 4656 et
1811 4617 1907 4657 sacer·

153 4689 289 4757 purgent.
318 4684 391 4740 Nam
421 4684 445 4739 si
473 4684 630 4740 dormienti
658 4684 770 4742 bomini
793 4686 950 4742 commotio
960 4703 1003 4742 se·
1056 4688 1136 4746 doles
1159 4688 1283 4744 eruditio
1308 4688 1438 4760 ipsorum
1453 4688 1582 4756 fueraut,
1612 4704 1677 4744 cum
1701 4688 1805 4746 dmnde
1833 4706 1902 4761 ipo-

44 4824 47 4832 ,
153 4774 241 4830 minis
254 4773 286 4831 in
312 4772 423 4830 somnis
436 4773 629 4846 subrepserit;
648 4776 716 4830 uolo
741 4780 773 4831 ut
790 4775 832 4830 ita
844 4774 877 4830 iu
888 4774 1002 4831 ardenti
1056 4777 1121 4834 stoli
1145 4776 1293 4833 venientes
1307 4792 1404 4834 veram
1422 4777 1566 4848 Justitiam
1581 4777 1612 4832 in
1628 4777 1698 4833 Filio
1714 4792 1778 4832 meo
1795 4778 1905 4833 attule-

152 4864 247 4918 calora
265 4861 316 4918 illo
337 4863 368 4916 in
393 4868 573 4919 sacramanto
588 4863 674 4919 ottlcli
689 4863 787 4920 altana
802 4864 860 4920 mai
873 4865 1000 4935 accedet,
1055 4869 1123 4922 runt
1137 4863 1177 4920 ita
1198 4865 1277 4937 quod
1291 4865 1375 4922 multi
1399 4865 1531 4922 homines
1553 4867 1588 4922 ad
1604 4881 1655 4921 eos
1674 4871 1831 4936 correntes,
1854 4865 1905 4923 ail-

151 4965 303 5023 quousqne
318 4949 403 5006 ardor
420 4950 469 5006 ille
484 4951 513 5006 in
530 4968 564 5007 eo
579 4952 706 5019 sedetur,
737 4953 921 5023 iitscriptum
938 4957 999 5009 est:
1051 4952 1195 5024 jutorium
1227 4969 1327 5010 eorum
1356 4952 1457 5010 devote
1484 4953 1721 5027 imploraverunt.
1744 4955 1778 5011 Et
1799 4954 1840 5011 iti
1865 4955 1905 5012 ab

151 5036 280 5108 Sisiieri't
300 5036 377 5093 inter
397 5053 448 5096 itus
469 5039 554 5095 bomo
577 5039 631 5111 qui
653 5043 791 5096 necturae
810 5039 940 5113 pollutio
959 5039 1001 5096 sit
1054 5042 1145 5099 Adam
1160 5057 1250 5115 usque
1269 5042 1306 5099 ad
1333 5044 1528 5115 apostolatum
1556 5044 1765 5116 apostolorum,
1786 5059 1904 5116 semper

149 5143 260 5196 mutuo,
276 5127 441 5201 egredietur
464 5132 546 5184 catru
566 5131 680 5192 aarum
709 5132 738 5184 ct
758 5145 816 5184 nott
841 5132 1000 5184 reuertatur
1053 5130 1073 5185 ii
1087 5137 1171 5186 erent
1185 5131 1236 5204 qui
1265 5146 1316 5200 per
1339 5147 1494 5204 supernam
1523 5131 1753 5204 inspirationem.
1769 5134 1903 5188 consola·

149 5216 320 5289 priusquam
342 5215 543 5288 oduetpcrom
565 5217 675 5271 locetur
688 5233 777 5288 aquo,
797 5219 906 5289 etpost
927 5216 999 5276 solis
1052 5219 1132 5276 tione
1154 5224 1183 5275 at
1205 5219 1393 5276 instructione
1417 5221 1614 5276 coemiteriis
1637 5220 1789 5276 bominum
1803 5220 1904 5277 subve-

150 5319 282 5362 occcruttt
308 5303 543 5378 regredereris
568 5309 669 5361 castro
688 5303 785 5377 (Dect.
814 5309 904 5374 ratu).
922 5305 998 5373 Quid
1051 5307 1180 5364 niebaut.
1196 5305 1251 5363 Sed
1276 5312 1306 5364 ct
1320 5312 1352 5362 ut
1372 5309 1494 5378 apostoli
1508 5307 1676 5364 homiuibus
1694 5323 1746 5364 sua
1764 5308 1902 5382 pradica-

151 5391 224 5449 hoc?
253 5391 283 5447 Si
309 5397 353 5448 est
378 5393 456 5450 inter
475 5409 525 5448 vos
553 5393 605 5466 qui
632 5393 748 5450 servitio
774 5409 839 5450 meo
857 5394 996 5452 insudatis
1051 5394 1131 5450 tione
1154 5400 1183 5450 et
1202 5395 1301 5452 mullis
1323 5395 1470 5454 miraculis
1498 5396 1698 5464 ostendebant,
1727 5397 1816 5456 bomo
1847 5399 1899 5470 qtti
