<?xml version="1.0" encoding="UTF-8"?>
<!DOCTYPE html PUBLIC "-//W3C//DTD XHTML 1.0 Transitional//EN"
    "http://www.w3.org/TR/xhtml1/DTD/xhtml1-transitional.dtd">
<html xmlns="http://www.w3.org/1999/xhtml" xml:lang="en" lang="en">
 <head>
  <title>
</title>
<meta http-equiv="Content-Type" content="text/html;charset=utf-8" />
  <meta name='ocr-system' content='tesseract 3.04.00' />
  <meta name='ocr-capabilities' content='ocr_page ocr_carea ocr_par ocr_line ocrx_word'/>
</head>
<body>
  <div class='ocr_page' id='page_1' title='image "./patrologiaecurs125unkngoog_0305.png"; bbox 0 0 3984 6034; ppageno 0'>
   <div class='ocr_carea' id='block_1_1' title="bbox 87 209 1834 282">
    <p class='ocr_par' dir='ltr' id='par_1_1' title="bbox 87 209 1834 282">
     <span class='ocr_line' id='line_1_1' title="bbox 87 209 1834 282; baseline -0.001 -14"><span class='ocrx_word' id='word_1_1' title='bbox 87 209 140 268; x_wconf 85' lang='grc' dir='ltr'>ιι(</span> <span class='ocrx_word' id='word_1_2' title='bbox 708 209 971 270; x_wconf 75' lang='grc' dir='ltr'><strong>ιιιιιιι.-ιιι.</strong></span> <span class='ocrx_word' id='word_1_3' title='bbox 991 211 1041 282; x_wconf 88' lang='grc' dir='ltr'><strong>ιιι,</strong></span> <span class='ocrx_word' id='word_1_4' title='bbox 1062 210 1152 268; x_wconf 79' lang='lat' dir='ltr'>ursio</span> <span class='ocrx_word' id='word_1_5' title='bbox 1170 211 1215 266; x_wconf 83' lang='grc' dir='ltr'>ιι.</span> <span class='ocrx_word' id='word_1_6' title='bbox 1783 213 1834 268; x_wconf 78' lang='grc' dir='ltr'><strong>(ιιι</strong></span> 
     </span>
    </p>
   </div>
   <div class='ocr_carea' id='block_1_2' title="bbox 120 345 1836 492">
    <p class='ocr_par' dir='ltr' id='par_1_2' title="bbox 120 345 1836 492">
     <span class='ocr_line' id='line_1_2' title="bbox 121 345 1835 424; baseline 0 -18"><span class='ocrx_word' id='word_1_7' title='bbox 121 347 243 416; x_wconf 64' lang='lat' dir='ltr'>maiora</span> <span class='ocrx_word' id='word_1_8' title='bbox 258 347 397 422; x_wconf 82' lang='lat' dir='ltr'>quosdam</span> <span class='ocrx_word' id='word_1_9' title='bbox 403 345 665 424; x_wconf 76' lang='lat' dir='ltr'>sortiorcttopetlo,</span> <span class='ocrx_word' id='word_1_10' title='bbox 680 347 821 422; x_wconf 75' lang='lat' dir='ltr'>quosdam</span> <span class='ocrx_word' id='word_1_11' title='bbox 832 346 961 406; x_wconf 79' lang='lat' dir='ltr'>runcino</span> <span class='ocrx_word' id='word_1_12' title='bbox 974 363 1102 404; x_wconf 85' lang='lat' dir='ltr'>arumna</span> <span class='ocrx_word' id='word_1_13' title='bbox 1129 345 1234 404; x_wconf 79' lang='lat' dir='ltr'>manlia</span> <span class='ocrx_word' id='word_1_14' title='bbox 1251 349 1279 404; x_wconf 90' lang='lat' dir='ltr'>el</span> <span class='ocrx_word' id='word_1_15' title='bbox 1303 346 1433 416; x_wconf 74' lang='lat' dir='ltr'>commis</span> <span class='ocrx_word' id='word_1_16' title='bbox 1450 345 1629 422; x_wconf 73' lang='lat' dir='ltr'>emetrinpil.</span> <span class='ocrx_word' id='word_1_17' title='bbox 1664 347 1835 422; x_wconf 68' lang='lat' dir='ltr'>&amp;ereptum</span> 
     </span>
     <span class='ocr_line' id='line_1_3' title="bbox 120 417 1836 492; baseline 0.001 -19"><span class='ocrx_word' id='word_1_18' title='bbox 120 419 330 483; x_wconf 80' lang='lat' dir='ltr'>del’lloraonc,</span> <span class='ocrx_word' id='word_1_19' title='bbox 348 423 377 473; x_wconf 90' lang='lat' dir='ltr'>el</span> <span class='ocrx_word' id='word_1_20' title='bbox 395 421 504 492; x_wconf 79' lang='lat' dir='ltr'>Moyse,</span> <span class='ocrx_word' id='word_1_21' title='bbox 527 423 555 474; x_wconf 87' lang='lat' dir='ltr'>et</span> <span class='ocrx_word' id='word_1_22' title='bbox 572 424 670 476; x_wconf 78' lang='lat' dir='ltr'>Aaron</span> <span class='ocrx_word' id='word_1_23' title='bbox 689 421 729 475; x_wconf 74' lang='grc' dir='ltr'>ιιι</span> <span class='ocrx_word' id='word_1_24' title='bbox 756 419 887 475; x_wconf 83' lang='lat' dir='ltr'>eamdem</span> <span class='ocrx_word' id='word_1_25' title='bbox 912 435 982 474; x_wconf 86' lang='lat' dir='ltr'>rem.</span> <span class='ocrx_word' id='word_1_26' title='bbox 1006 421 1046 475; x_wconf 85' lang='lat' dir='ltr'>lle</span> <span class='ocrx_word' id='word_1_27' title='bbox 1067 417 1160 474; x_wconf 85' lang='lat' dir='ltr'>modis</span> <span class='ocrx_word' id='word_1_28' title='bbox 1191 418 1452 492; x_wconf 71' lang='lat' dir='ltr'>castigationum!</span> <span class='ocrx_word' id='word_1_29' title='bbox 1464 420 1513 474; x_wconf 85' lang='lat' dir='ltr'>llei</span> <span class='ocrx_word' id='word_1_30' title='bbox 1524 419 1749 475; x_wconf 76' lang='lat' dir='ltr'><strong><em>consolationum</em></strong></span> <span class='ocrx_word' id='word_1_31' title='bbox 1773 418 1836 474; x_wconf 82' lang='lat' dir='ltr'>cios</span> 
     </span>
    </p>
   </div>
   <div class='ocr_carea' id='block_1_3' title="bbox 123 487 1837 618">
    <p class='ocr_par' dir='ltr' id='par_1_3' title="bbox 123 487 1837 618">
     <span class='ocr_line' id='line_1_4' title="bbox 123 487 1837 616; baseline -0.001 -71"><span class='ocrx_word' id='word_1_32' title='bbox 123 490 271 616; x_wconf 48' lang='lat' dir='ltr'>bugginugnmn</span> <span class='ocrx_word' id='word_1_33' title='bbox 298 488 485 562; x_wconf 81' lang='lat' dir='ltr'>irupicicntis.</span> <span class='ocrx_word' id='word_1_34' title='bbox 534 491 629 546; x_wconf 85' lang='lat' dir='ltr'>Verbo</span> <span class='ocrx_word' id='word_1_35' title='bbox 653 492 802 563; x_wconf 80' lang='lat' dir='ltr'>snpientia</span> <span class='ocrx_word' id='word_1_36' title='bbox 839 489 1010 546; x_wconf 78' lang='lat' dir='ltr'>Solonconis.</span> <span class='ocrx_word' id='word_1_37' title='bbox 1048 489 1141 556; x_wconf 80' lang='lat' dir='ltr'><em>Quare</em></span> <span class='ocrx_word' id='word_1_38' title='bbox 1158 489 1337 546; x_wconf 72' lang='lat' dir='ltr'>scicruiatlci</span> <span class='ocrx_word' id='word_1_39' title='bbox 1354 487 1490 560; x_wconf 83' lang='lat' dir='ltr'>inspiciat</span> <span class='ocrx_word' id='word_1_40' title='bbox 1515 489 1643 546; x_wconf 72' lang='lat' dir='ltr'>tornines</span> <span class='ocrx_word' id='word_1_41' title='bbox 1667 505 1740 546; x_wconf 84' lang='lat' dir='ltr'>noua</span> <span class='ocrx_word' id='word_1_42' title='bbox 1760 494 1837 546; x_wconf 81' lang='lat' dir='ltr'>vesle</span> 
     </span>
     <span class='ocr_line' id='line_1_5' title="bbox 207 578 250 618; baseline -0.093 0"><span class='ocrx_word' id='word_1_43' title='bbox 207 578 250 618; x_wconf 80' lang='lat' dir='ltr'>os.</span> 
     </span>
    </p>
   </div>
   <div class='ocr_carea' id='block_1_4' title="bbox 88 792 1865 2995">
    <p class='ocr_par' dir='ltr' id='par_1_4' title="bbox 88 792 1865 2995">
     <span class='ocr_line' id='line_1_6' title="bbox 127 792 1833 868; baseline 0 -20"><span class='ocrx_word' id='word_1_44' title='bbox 127 793 160 848; x_wconf 85' lang='lat' dir='ltr'>Et</span> <span class='ocrx_word' id='word_1_45' title='bbox 176 792 280 849; x_wconf 88' lang='lat' dir='ltr'>deinde</span> <span class='ocrx_word' id='word_1_46' title='bbox 304 794 378 848; x_wconf 88' lang='lat' dir='ltr'>ultra</span> <span class='ocrx_word' id='word_1_47' title='bbox 394 794 563 864; x_wconf 75' lang='lat' dir='ltr'>predictam</span> <span class='ocrx_word' id='word_1_48' title='bbox 582 793 685 850; x_wconf 89' lang='lat' dir='ltr'>turrim</span> <span class='ocrx_word' id='word_1_49' title='bbox 699 810 859 867; x_wconf 70' lang='lat' dir='ltr'><strong>praecursus</strong></span> <span class='ocrx_word' id='word_1_50' title='bbox 884 810 931 850; x_wconf 84' lang='lat' dir='ltr'>vo·</span> <span class='ocrx_word' id='word_1_51' title='bbox 949 793 1156 851; x_wconf 76' lang='lat' dir='ltr'>Aseslimente</span> <span class='ocrx_word' id='word_1_52' title='bbox 1174 795 1279 868; x_wconf 87' lang='lat' dir='ltr'>quibus</span> <span class='ocrx_word' id='word_1_53' title='bbox 1299 793 1473 850; x_wconf 72' lang='lat' dir='ltr'>induebatur</span> <span class='ocrx_word' id='word_1_54' title='bbox 1495 793 1675 848; x_wconf 88' lang='lat' dir='ltr'>considerare</span> <span class='ocrx_word' id='word_1_55' title='bbox 1697 793 1833 862; x_wconf 89' lang='lat' dir='ltr'>valerem,</span> 
     </span>
     <span class='ocr_line' id='line_1_7' title="bbox 88 880 1834 956; baseline 0.001 -22"><span class='ocrx_word' id='word_1_56' title='bbox 88 880 279 947; x_wconf 77' lang='lat' dir='ltr'>luntalisliei,</span> <span class='ocrx_word' id='word_1_57' title='bbox 298 883 346 936; x_wconf 86' lang='lat' dir='ltr'>sed</span> <span class='ocrx_word' id='word_1_58' title='bbox 361 882 458 938; x_wconf 89' lang='lat' dir='ltr'>cubito</span> <span class='ocrx_word' id='word_1_59' title='bbox 475 898 533 938; x_wconf 91' lang='lat' dir='ltr'>uno</span> <span class='ocrx_word' id='word_1_60' title='bbox 551 882 627 938; x_wconf 86' lang='lat' dir='ltr'>inira</span> <span class='ocrx_word' id='word_1_61' title='bbox 649 885 790 955; x_wconf 89' lang='lat' dir='ltr'>angulum</span> <span class='ocrx_word' id='word_1_62' title='bbox 820 883 871 956; x_wconf 90' lang='lat' dir='ltr'>qui</span> <span class='ocrx_word' id='word_1_63' title='bbox 894 900 937 939; x_wconf 90' lang='lat' dir='ltr'>re-</span> <span class='ocrx_word' id='word_1_64' title='bbox 989 889 1107 955; x_wconf 82' lang='lat' dir='ltr'>excapto</span> <span class='ocrx_word' id='word_1_65' title='bbox 1128 883 1206 956; x_wconf 89' lang='lat' dir='ltr'>quod</span> <span class='ocrx_word' id='word_1_66' title='bbox 1228 887 1339 938; x_wconf 89' lang='lat' dir='ltr'>tantum</span> <span class='ocrx_word' id='word_1_67' title='bbox 1360 886 1392 936; x_wconf 93' lang='lat' dir='ltr'>ut</span> <span class='ocrx_word' id='word_1_68' title='bbox 1418 885 1529 936; x_wconf 79' lang='lat' dir='ltr'>caetere</span> <span class='ocrx_word' id='word_1_69' title='bbox 1547 881 1667 936; x_wconf 86' lang='lat' dir='ltr'>virtutes</span> <span class='ocrx_word' id='word_1_70' title='bbox 1688 881 1719 936; x_wconf 92' lang='lat' dir='ltr'>in</span> <span class='ocrx_word' id='word_1_71' title='bbox 1742 881 1834 937; x_wconf 82' lang='lat' dir='ltr'>torma</span> 
     </span>
     <span class='ocr_line' id='line_1_8' title="bbox 90 969 1834 1044; baseline 0.001 -21"><span class='ocrx_word' id='word_1_72' title='bbox 90 970 175 1040; x_wconf 92' lang='lat' dir='ltr'>spicit</span> <span class='ocrx_word' id='word_1_73' title='bbox 197 969 232 1025; x_wconf 88' lang='lat' dir='ltr'>ad</span> <span class='ocrx_word' id='word_1_74' title='bbox 251 970 475 1042; x_wconf 78' lang='lat' dir='ltr'><strong>septentrionem</strong></span> <span class='ocrx_word' id='word_1_75' title='bbox 506 971 565 1027; x_wconf 80' lang='lat' dir='ltr'>nidi</span> <span class='ocrx_word' id='word_1_76' title='bbox 592 972 677 1044; x_wconf 90' lang='lat' dir='ltr'>quasi</span> <span class='ocrx_word' id='word_1_77' title='bbox 703 974 867 1029; x_wconf 88' lang='lat' dir='ltr'>columnam</span> <span class='ocrx_word' id='word_1_78' title='bbox 888 989 934 1028; x_wconf 90' lang='lat' dir='ltr'>ca·</span> <span class='ocrx_word' id='word_1_79' title='bbox 988 970 1269 1044; x_wconf 87' lang='lat' dir='ltr'>hominisapparnit.</span> <span class='ocrx_word' id='word_1_80' title='bbox 1295 971 1327 1026; x_wconf 82' lang='lat' dir='ltr'>ut</span> <span class='ocrx_word' id='word_1_81' title='bbox 1350 971 1424 1026; x_wconf 89' lang='lat' dir='ltr'>cirea</span> <span class='ocrx_word' id='word_1_82' title='bbox 1448 985 1512 1024; x_wconf 86' lang='lat' dir='ltr'>enm</span> <span class='ocrx_word' id='word_1_83' title='bbox 1534 969 1669 1042; x_wconf 76' lang='lat' dir='ltr'>conspexi</span> <span class='ocrx_word' id='word_1_84' title='bbox 1697 969 1834 1042; x_wconf 88' lang='lat' dir='ltr'>pulcher·</span> 
     </span>
     <span class='ocr_line' id='line_1_9' title="bbox 89 1057 1837 1133; baseline -0.001 -21"><span class='ocrx_word' id='word_1_85' title='bbox 89 1057 166 1128; x_wconf 79' lang='lat' dir='ltr'>lybei</span> <span class='ocrx_word' id='word_1_86' title='bbox 195 1058 299 1114; x_wconf 88' lang='lat' dir='ltr'>coloris</span> <span class='ocrx_word' id='word_1_87' title='bbox 327 1060 455 1132; x_wconf 78' lang='lat' dir='ltr'>prefatas</span> <span class='ocrx_word' id='word_1_88' title='bbox 479 1060 579 1116; x_wconf 72' lang='lat' dir='ltr'>lucidae</span> <span class='ocrx_word' id='word_1_89' title='bbox 609 1061 685 1133; x_wconf 89' lang='lat' dir='ltr'>parti</span> <span class='ocrx_word' id='word_1_90' title='bbox 705 1062 781 1117; x_wconf 91' lang='lat' dir='ltr'>muri</span> <span class='ocrx_word' id='word_1_91' title='bbox 808 1062 935 1133; x_wconf 83' lang='lat' dir='ltr'>ejusdem</span> <span class='ocrx_word' id='word_1_92' title='bbox 989 1061 1092 1118; x_wconf 87' lang='lat' dir='ltr'>rimam</span> <span class='ocrx_word' id='word_1_93' title='bbox 1124 1061 1348 1127; x_wconf 70' lang='lat' dir='ltr'>multitudinem,</span> <span class='ocrx_word' id='word_1_94' title='bbox 1373 1058 1532 1132; x_wconf 85' lang='lat' dir='ltr'>angelicam</span> <span class='ocrx_word' id='word_1_95' title='bbox 1556 1059 1677 1114; x_wconf 84' lang='lat' dir='ltr'>formam</span> <span class='ocrx_word' id='word_1_96' title='bbox 1706 1061 1735 1114; x_wconf 86' lang='lat' dir='ltr'>ct</span> <span class='ocrx_word' id='word_1_97' title='bbox 1778 1058 1837 1112; x_wconf 90' lang='lat' dir='ltr'>alas</span> 
     </span>
     <span class='ocr_line' id='line_1_10' title="bbox 90 1145 1835 1223; baseline 0.001 -23"><span class='ocrx_word' id='word_1_98' title='bbox 90 1145 345 1202; x_wconf 75' lang='lat' dir='ltr'>editiciiexterius</span> <span class='ocrx_word' id='word_1_99' title='bbox 368 1148 540 1220; x_wconf 87' lang='lat' dir='ltr'>appositam,</span> <span class='ocrx_word' id='word_1_100' title='bbox 561 1149 642 1204; x_wconf 82' lang='lat' dir='ltr'>valde</span> <span class='ocrx_word' id='word_1_101' title='bbox 668 1150 826 1206; x_wconf 79' lang='lat' dir='ltr'>terribilem</span> <span class='ocrx_word' id='word_1_102' title='bbox 854 1167 935 1223; x_wconf 87' lang='lat' dir='ltr'>uspe-</span> <span class='ocrx_word' id='word_1_103' title='bbox 988 1151 1144 1207; x_wconf 86' lang='lat' dir='ltr'>hahentem</span> <span class='ocrx_word' id='word_1_104' title='bbox 1173 1155 1202 1205; x_wconf 89' lang='lat' dir='ltr'>et</span> <span class='ocrx_word' id='word_1_105' title='bbox 1231 1149 1261 1206; x_wconf 92' lang='lat' dir='ltr'>in</span> <span class='ocrx_word' id='word_1_106' title='bbox 1285 1155 1365 1204; x_wconf 90' lang='lat' dir='ltr'>tanta</span> <span class='ocrx_word' id='word_1_107' title='bbox 1387 1148 1571 1204; x_wconf 79' lang='lat' dir='ltr'>veneratione</span> <span class='ocrx_word' id='word_1_108' title='bbox 1590 1151 1723 1218; x_wconf 80' lang='lat' dir='ltr'>steritem,</span> <span class='ocrx_word' id='word_1_109' title='bbox 1749 1150 1779 1200; x_wconf 92' lang='lat' dir='ltr'>ut</span> <span class='ocrx_word' id='word_1_110' title='bbox 1805 1151 1835 1202; x_wconf 87' lang='lat' dir='ltr'>et</span> 
     </span>
     <span class='ocr_line' id='line_1_11' title="bbox 88 1236 1840 1310; baseline -0.001 -21"><span class='ocrx_word' id='word_1_111' title='bbox 88 1240 150 1302; x_wconf 87' lang='lat' dir='ltr'>ctu,</span> <span class='ocrx_word' id='word_1_112' title='bbox 171 1239 314 1307; x_wconf 77' lang='lat' dir='ltr'>tantaeque</span> <span class='ocrx_word' id='word_1_113' title='bbox 346 1237 555 1308; x_wconf 73' lang='lat' dir='ltr'>magnitudinis</span> <span class='ocrx_word' id='word_1_114' title='bbox 575 1253 608 1294; x_wconf 89' lang='lat' dir='ltr'>ac</span> <span class='ocrx_word' id='word_1_115' title='bbox 622 1237 782 1294; x_wconf 88' lang='lat' dir='ltr'>altitudinis</span> <span class='ocrx_word' id='word_1_116' title='bbox 798 1243 832 1294; x_wconf 92' lang='lat' dir='ltr'>ut</span> <span class='ocrx_word' id='word_1_117' title='bbox 859 1254 938 1294; x_wconf 91' lang='lat' dir='ltr'>men·</span> <span class='ocrx_word' id='word_1_118' title='bbox 989 1257 1054 1296; x_wconf 88' lang='lat' dir='ltr'>eum</span> <span class='ocrx_word' id='word_1_119' title='bbox 1086 1240 1221 1296; x_wconf 86' lang='lat' dir='ltr'>timerent</span> <span class='ocrx_word' id='word_1_120' title='bbox 1240 1255 1272 1294; x_wconf 88' lang='lat' dir='ltr'>ac</span> <span class='ocrx_word' id='word_1_121' title='bbox 1304 1239 1466 1310; x_wconf 77' lang='lat' dir='ltr'>diligerent.</span> <span class='ocrx_word' id='word_1_122' title='bbox 1489 1237 1544 1294; x_wconf 89' lang='lat' dir='ltr'>Sed</span> <span class='ocrx_word' id='word_1_123' title='bbox 1558 1236 1629 1292; x_wconf 85' lang='lat' dir='ltr'>&#39;ente</span> <span class='ocrx_word' id='word_1_124' title='bbox 1653 1236 1754 1292; x_wconf 85' lang='lat' dir='ltr'>faciem</span> <span class='ocrx_word' id='word_1_125' title='bbox 1779 1236 1840 1305; x_wconf 88' lang='lat' dir='ltr'>ejus</span> 
     </span>
     <span class='ocr_line' id='line_1_12' title="bbox 88 1324 1841 1400; baseline 0.001 -23"><span class='ocrx_word' id='word_1_126' title='bbox 88 1324 268 1395; x_wconf 81' lang='lat' dir='ltr'>suranrcjus</span> <span class='ocrx_word' id='word_1_127' title='bbox 289 1324 369 1380; x_wconf 89' lang='lat' dir='ltr'>nullo</span> <span class='ocrx_word' id='word_1_128' title='bbox 392 1325 478 1380; x_wconf 87' lang='lat' dir='ltr'>modo</span> <span class='ocrx_word' id='word_1_129' title='bbox 502 1325 665 1382; x_wconf 83' lang='lat' dir='ltr'>discernere</span> <span class='ocrx_word' id='word_1_130' title='bbox 684 1343 807 1399; x_wconf 89' lang='lat' dir='ltr'>possem.</span> <span class='ocrx_word' id='word_1_131' title='bbox 825 1327 869 1400; x_wconf 66' lang='lat' dir='ltr'>⁸Et</span> <span class='ocrx_word' id='word_1_132' title='bbox 887 1325 937 1380; x_wconf 90' lang='lat' dir='ltr'>illa</span> <span class='ocrx_word' id='word_1_133' title='bbox 990 1329 1050 1385; x_wconf 88' lang='lat' dir='ltr'>vidi</span> <span class='ocrx_word' id='word_1_134' title='bbox 1071 1329 1158 1384; x_wconf 88' lang='lat' dir='ltr'>uliam</span> <span class='ocrx_word' id='word_1_135' title='bbox 1181 1327 1396 1384; x_wconf 88' lang='lat' dir='ltr'>multitudinem</span> <span class='ocrx_word' id='word_1_136' title='bbox 1424 1326 1604 1382; x_wconf 81' lang='lat' dir='ltr'>in&#39;humuna</span> <span class='ocrx_word' id='word_1_137' title='bbox 1637 1325 1741 1392; x_wconf 82' lang='lat' dir='ltr'>forma,</span> <span class='ocrx_word' id='word_1_138' title='bbox 1765 1329 1841 1380; x_wconf 84' lang='lat' dir='ltr'>tene-</span> 
     </span>
     <span class='ocr_line' id='line_1_13' title="bbox 89 1412 1840 1488; baseline 0.002 -24"><span class='ocrx_word' id='word_1_139' title='bbox 89 1412 225 1467; x_wconf 88' lang='lat' dir='ltr'>columna</span> <span class='ocrx_word' id='word_1_140' title='bbox 246 1417 303 1468; x_wconf 91' lang='lat' dir='ltr'>tres</span> <span class='ocrx_word' id='word_1_141' title='bbox 324 1416 445 1485; x_wconf 85' lang='lat' dir='ltr'>angelos</span> <span class='ocrx_word' id='word_1_142' title='bbox 481 1415 606 1472; x_wconf 86' lang='lat' dir='ltr'>habebat</span> <span class='ocrx_word' id='word_1_143' title='bbox 638 1415 674 1470; x_wconf 89' lang='lat' dir='ltr'>ab</span> <span class='ocrx_word' id='word_1_144' title='bbox 698 1416 756 1472; x_wconf 91' lang='lat' dir='ltr'>imo</span> <span class='ocrx_word' id='word_1_145' title='bbox 786 1431 878 1486; x_wconf 89' lang='lat' dir='ltr'>usque</span> <span class='ocrx_word' id='word_1_146' title='bbox 902 1415 937 1470; x_wconf 90' lang='lat' dir='ltr'>nd</span> <span class='ocrx_word' id='word_1_147' title='bbox 991 1419 1077 1474; x_wconf 88' lang='lat' dir='ltr'>hrosa</span> <span class='ocrx_word' id='word_1_148' title='bbox 1099 1422 1176 1472; x_wconf 81' lang='lat' dir='ltr'>ueste</span> <span class='ocrx_word' id='word_1_149' title='bbox 1200 1422 1401 1488; x_wconf 79' lang='lat' dir='ltr'>apparentem,</span> <span class='ocrx_word' id='word_1_150' title='bbox 1423 1422 1510 1486; x_wconf 88' lang='lat' dir='ltr'>atque</span> <span class='ocrx_word' id='word_1_151' title='bbox 1536 1416 1568 1470; x_wconf 91' lang='lat' dir='ltr'>in</span> <span class='ocrx_word' id='word_1_152' title='bbox 1603 1415 1693 1469; x_wconf 90' lang='lat' dir='ltr'>multa</span> <span class='ocrx_word' id='word_1_153' title='bbox 1722 1413 1840 1468; x_wconf 85' lang='lat' dir='ltr'>constri-</span> 
     </span>
     <span class='ocr_line' id='line_1_14' title="bbox 89 1501 1839 1576; baseline 0.001 -23"><span class='ocrx_word' id='word_1_154' title='bbox 89 1515 239 1556; x_wconf 90' lang='lat' dir='ltr'>summum</span> <span class='ocrx_word' id='word_1_155' title='bbox 254 1501 334 1572; x_wconf 77' lang='lat' dir='ltr'>qnasi</span> <span class='ocrx_word' id='word_1_156' title='bbox 348 1503 476 1574; x_wconf 86' lang='lat' dir='ltr'>gladium</span> <span class='ocrx_word' id='word_1_157' title='bbox 487 1509 594 1570; x_wconf 87' lang='lat' dir='ltr'>acutos,</span> <span class='ocrx_word' id='word_1_158' title='bbox 608 1520 733 1576; x_wconf 89' lang='lat' dir='ltr'>quorum</span> <span class='ocrx_word' id='word_1_159' title='bbox 753 1504 864 1576; x_wconf 90' lang='lat' dir='ltr'>primus</span> <span class='ocrx_word' id='word_1_160' title='bbox 891 1519 936 1559; x_wconf 90' lang='lat' dir='ltr'>re·</span> <span class='ocrx_word' id='word_1_161' title='bbox 991 1506 1085 1564; x_wconf 89' lang='lat' dir='ltr'>ctione</span> <span class='ocrx_word' id='word_1_162' title='bbox 1101 1505 1213 1562; x_wconf 86' lang='lat' dir='ltr'>timoris</span> <span class='ocrx_word' id='word_1_163' title='bbox 1230 1509 1360 1560; x_wconf 86' lang='lat' dir='ltr'>stantem.</span> <span class='ocrx_word' id='word_1_164' title='bbox 1384 1505 1417 1560; x_wconf 85' lang='lat' dir='ltr'>Et</span> <span class='ocrx_word' id='word_1_165' title='bbox 1438 1502 1573 1574; x_wconf 79' lang='lat' dir='ltr'>predicta</span> <span class='ocrx_word' id='word_1_166' title='bbox 1594 1501 1690 1574; x_wconf 87' lang='lat' dir='ltr'>imago</span> <span class='ocrx_word' id='word_1_167' title='bbox 1714 1501 1839 1572; x_wconf 84' lang='lat' dir='ltr'>inspexit</span> 
     </span>
     <span class='ocr_line' id='line_1_15' title="bbox 89 1587 1842 1666; baseline 0.002 -24"><span class='ocrx_word' id='word_1_168' title='bbox 89 1587 280 1659; x_wconf 85' lang='lat' dir='ltr'>spiciebatad</span> <span class='ocrx_word' id='word_1_169' title='bbox 298 1590 450 1660; x_wconf 88' lang='lat' dir='ltr'>orientem,</span> <span class='ocrx_word' id='word_1_170' title='bbox 478 1593 620 1648; x_wconf 90' lang='lat' dir='ltr'>secundus</span> <span class='ocrx_word' id='word_1_171' title='bbox 637 1599 733 1648; x_wconf 90' lang='lat' dir='ltr'>autem</span> <span class='ocrx_word' id='word_1_172' title='bbox 756 1592 793 1647; x_wconf 86' lang='lat' dir='ltr'>ad</span> <span class='ocrx_word' id='word_1_173' title='bbox 822 1598 938 1664; x_wconf 91' lang='lat' dir='ltr'>septen·</span> <span class='ocrx_word' id='word_1_174' title='bbox 992 1595 1124 1660; x_wconf 86' lang='lat' dir='ltr'>homines</span> <span class='ocrx_word' id='word_1_175' title='bbox 1146 1594 1210 1650; x_wconf 90' lang='lat' dir='ltr'>illos</span> <span class='ocrx_word' id='word_1_176' title='bbox 1241 1592 1291 1666; x_wconf 91' lang='lat' dir='ltr'>qui</span> <span class='ocrx_word' id='word_1_177' title='bbox 1310 1593 1346 1648; x_wconf 91' lang='lat' dir='ltr'>de</span> <span class='ocrx_word' id='word_1_178' title='bbox 1371 1592 1479 1648; x_wconf 92' lang='lat' dir='ltr'>mundo</span> <span class='ocrx_word' id='word_1_179' title='bbox 1508 1591 1657 1646; x_wconf 85' lang='lat' dir='ltr'>venientes</span> <span class='ocrx_word' id='word_1_180' title='bbox 1684 1590 1714 1645; x_wconf 90' lang='lat' dir='ltr'>in</span> <span class='ocrx_word' id='word_1_181' title='bbox 1741 1589 1842 1646; x_wconf 89' lang='lat' dir='ltr'>eodem</span> 
     </span>
     <span class='ocr_line' id='line_1_16' title="bbox 92 1677 1841 1752; baseline -0.006 -8"><span class='ocrx_word' id='word_1_182' title='bbox 92 1677 229 1743; x_wconf 66' lang='grc'><strong>1110111111,</strong></span> <span class='ocrx_word' id='word_1_183' title='bbox 246 1679 433 1734; x_wconf 67' lang='grc' dir='ltr'><strong>0111111111ᾶᾶ</strong></span> <span class='ocrx_word' id='word_1_184' title='bbox 452 1679 615 1744; x_wconf 73' lang='lat' dir='ltr'>meridiem,</span> <span class='ocrx_word' id='word_1_185' title='bbox 639 1678 763 1734; x_wconf 79' lang='lat' dir='ltr'>exterius</span> <span class='ocrx_word' id='word_1_186' title='bbox 790 1679 846 1751; x_wconf 88' lang='lat' dir='ltr'>ipsi</span> <span class='ocrx_word' id='word_1_187' title='bbox 872 1678 939 1734; x_wconf 76' lang='lat' dir='ltr'>tedi-</span> <span class='ocrx_word' id='word_1_188' title='bbox 992 1683 1116 1740; x_wconf 80' lang='lat' dir='ltr'>mdilicio</span> <span class='ocrx_word' id='word_1_189' title='bbox 1135 1699 1209 1739; x_wconf 87' lang='lat' dir='ltr'>nova</span> <span class='ocrx_word' id='word_1_190' title='bbox 1231 1688 1308 1738; x_wconf 83' lang='lat' dir='ltr'>veste</span> <span class='ocrx_word' id='word_1_191' title='bbox 1332 1680 1537 1748; x_wconf 78' lang='lat' dir='ltr'>induebantur,</span> <span class='ocrx_word' id='word_1_192' title='bbox 1560 1680 1656 1736; x_wconf 86' lang='lat' dir='ltr'>disens</span> <span class='ocrx_word' id='word_1_193' title='bbox 1687 1679 1841 1752; x_wconf 88' lang='lat' dir='ltr'>uuicuique</span> 
     </span>
     <span class='ocr_line' id='line_1_17' title="bbox 91 1765 1843 1840; baseline 0.001 -20"><span class='ocrx_word' id='word_1_194' title='bbox 91 1765 383 1838; x_wconf 85' lang='lat' dir='ltr'>ficioeliqnantulnm</span> <span class='ocrx_word' id='word_1_195' title='bbox 397 1767 578 1839; x_wconf 87' lang='lat' dir='ltr'>conjunctus.</span> <span class='ocrx_word' id='word_1_196' title='bbox 595 1769 867 1840; x_wconf 82' lang='lat' dir='ltr'>Esanguloautem</span> <span class='ocrx_word' id='word_1_197' title='bbox 888 1767 940 1839; x_wconf 88' lang='lat' dir='ltr'>qui</span> <span class='ocrx_word' id='word_1_198' title='bbox 993 1787 1119 1829; x_wconf 88' lang='lat' dir='ltr'>eorum:</span> <span class='ocrx_word' id='word_1_199' title='bbox 1141 1770 1297 1829; x_wconf 71' lang='lat' dir='ltr'>Considera</span> <span class='ocrx_word' id='word_1_200' title='bbox 1325 1769 1527 1826; x_wconf 88' lang='lat' dir='ltr'>indumentum</span> <span class='ocrx_word' id='word_1_201' title='bbox 1558 1768 1636 1840; x_wconf 89' lang='lat' dir='ltr'>quod</span> <span class='ocrx_word' id='word_1_202' title='bbox 1661 1766 1787 1835; x_wconf 84' lang='lat' dir='ltr'>induisti,</span> <span class='ocrx_word' id='word_1_203' title='bbox 1814 1773 1843 1822; x_wconf 86' lang='lat' dir='ltr'>et</span> 
     </span>
     <span class='ocr_line' id='line_1_18' title="bbox 91 1850 1842 1929; baseline 0.003 -23"><span class='ocrx_word' id='word_1_204' title='bbox 91 1850 265 1922; x_wconf 84' lang='lat' dir='ltr'>respiciebat</span> <span class='ocrx_word' id='word_1_205' title='bbox 287 1853 323 1910; x_wconf 89' lang='lat' dir='ltr'>ad</span> <span class='ocrx_word' id='word_1_206' title='bbox 349 1853 491 1910; x_wconf 89' lang='lat' dir='ltr'>orientem</span> <span class='ocrx_word' id='word_1_207' title='bbox 515 1855 819 1926; x_wconf 80' lang='lat' dir='ltr'>prncedebantramia</span> <span class='ocrx_word' id='word_1_208' title='bbox 844 1853 940 1912; x_wconf 73' lang='lat' dir='ltr'>radice</span> <span class='ocrx_word' id='word_1_209' title='bbox 993 1860 1054 1916; x_wconf 88' lang='lat' dir='ltr'>noli</span> <span class='ocrx_word' id='word_1_210' title='bbox 1068 1859 1196 1915; x_wconf 81' lang='lat' dir='ltr'>oblivisci</span> <span class='ocrx_word' id='word_1_211' title='bbox 1222 1857 1362 1914; x_wconf 84' lang='lat' dir='ltr'>Crantoris</span> <span class='ocrx_word' id='word_1_212' title='bbox 1389 1857 1431 1914; x_wconf 91' lang='lat' dir='ltr'>tui</span> <span class='ocrx_word' id='word_1_213' title='bbox 1454 1857 1504 1929; x_wconf 89' lang='lat' dir='ltr'>qui</span> <span class='ocrx_word' id='word_1_214' title='bbox 1528 1861 1555 1912; x_wconf 89' lang='lat' dir='ltr'>te</span> <span class='ocrx_word' id='word_1_215' title='bbox 1571 1855 1686 1912; x_wconf 81' lang='lat' dir='ltr'>crearit.</span> <span class='ocrx_word' id='word_1_216' title='bbox 1712 1855 1842 1928; x_wconf 82' lang='lat' dir='ltr'>Cumque</span> 
     </span>
     <span class='ocr_line' id='line_1_19' title="bbox 93 1939 1842 2019; baseline -0.004 -12"><span class='ocrx_word' id='word_1_217' title='bbox 93 1939 240 2010; x_wconf 74' lang='grc'><strong>1151111111</strong></span> <span class='ocrx_word' id='word_1_218' title='bbox 264 1955 401 1996; x_wconf 67' lang='grc'><strong>1111111111</strong></span> <span class='ocrx_word' id='word_1_219' title='bbox 425 1942 496 2011; x_wconf 66' lang='grc'><strong>111111,</strong></span> <span class='ocrx_word' id='word_1_220' title='bbox 517 1943 699 2014; x_wconf 59' lang='grc'><strong>1111811115</strong></span> <span class='ocrx_word' id='word_1_221' title='bbox 727 1943 851 1998; x_wconf 62' lang='grc'><strong>1811111111</strong></span> <span class='ocrx_word' id='word_1_222' title='bbox 881 1942 941 1998; x_wconf 73' lang='lat' dir='ltr'>vidi</span> <span class='ocrx_word' id='word_1_223' title='bbox 994 1949 1056 2005; x_wconf 86' lang='lat' dir='ltr'>baec</span> <span class='ocrx_word' id='word_1_224' title='bbox 1069 1949 1237 2016; x_wconf 88' lang='lat' dir='ltr'>admirarer,</span> <span class='ocrx_word' id='word_1_225' title='bbox 1252 1947 1302 2003; x_wconf 87' lang='lat' dir='ltr'>ille</span> <span class='ocrx_word' id='word_1_226' title='bbox 1326 1945 1377 2019; x_wconf 91' lang='grc' dir='ltr'><strong>(ιιι</strong></span> <span class='ocrx_word' id='word_1_227' title='bbox 1399 1944 1516 2002; x_wconf 86' lang='lat' dir='ltr'>sedebat</span> <span class='ocrx_word' id='word_1_228' title='bbox 1541 1943 1572 2000; x_wconf 91' lang='lat' dir='ltr'>in</span> <span class='ocrx_word' id='word_1_229' title='bbox 1599 1944 1716 2012; x_wconf 88' lang='lat' dir='ltr'>throno,</span> <span class='ocrx_word' id='word_1_230' title='bbox 1737 1944 1842 2000; x_wconf 89' lang='lat' dir='ltr'>iterum</span> 
     </span>
     <span class='ocr_line' id='line_1_20' title="bbox 90 2027 1842 2106; baseline -0.009 -2"><span class='ocrx_word' id='word_1_231' title='bbox 90 2027 124 2082; x_wconf 58' lang='lat'>1¹¹</span> <span class='ocrx_word' id='word_1_232' title='bbox 149 2028 243 2100; x_wconf 65' lang='lat' dir='ltr'>Pfi¹¹¹⁰</span> <span class='ocrx_word' id='word_1_233' title='bbox 269 2045 351 2086; x_wconf 74' lang='grc'><strong>111110</strong></span> <span class='ocrx_word' id='word_1_234' title='bbox 384 2030 530 2088; x_wconf 60' lang='lat' dir='ltr'>Abraham</span> <span class='ocrx_word' id='word_1_235' title='bbox 560 2033 718 2099; x_wconf 70' lang='grc' dir='ltr'><strong>11111θῦ11111,</strong></span> <span class='ocrx_word' id='word_1_236' title='bbox 751 2031 782 2087; x_wconf 91' lang='lat' dir='ltr'>iu</span> <span class='ocrx_word' id='word_1_237' title='bbox 814 2032 940 2086; x_wconf 71' lang='grc'><strong>1111111110</strong></span> <span class='ocrx_word' id='word_1_238' title='bbox 996 2038 1068 2094; x_wconf 84' lang='lat' dir='ltr'>milri</span> <span class='ocrx_word' id='word_1_239' title='bbox 1088 2037 1223 2094; x_wconf 86' lang='lat' dir='ltr'>dicebat:</span> <span class='ocrx_word' id='word_1_240' title='bbox 1250 2036 1376 2092; x_wconf 85' lang='lat' dir='ltr'>Verbum</span> <span class='ocrx_word' id='word_1_241' title='bbox 1399 2034 1450 2090; x_wconf 88' lang='lat' dir='ltr'>Dei</span> <span class='ocrx_word' id='word_1_242' title='bbox 1471 2050 1525 2106; x_wconf 90' lang='lat' dir='ltr'>per</span> <span class='ocrx_word' id='word_1_243' title='bbox 1547 2035 1625 2106; x_wconf 91' lang='lat' dir='ltr'>quod</span> <span class='ocrx_word' id='word_1_244' title='bbox 1649 2032 1746 2088; x_wconf 87' lang='lat' dir='ltr'>omnia</span> <span class='ocrx_word' id='word_1_245' title='bbox 1769 2033 1842 2088; x_wconf 84' lang='lat' dir='ltr'>lacta</span> 
     </span>
     <span class='ocr_line' id='line_1_21' title="bbox 91 2103 1841 2198; baseline 0.003 -25"><span class='ocrx_word' id='word_1_246' title='bbox 91 2133 161 2173; x_wconf 86' lang='lat' dir='ltr'>uero</span> <span class='ocrx_word' id='word_1_247' title='bbox 186 2119 311 2190; x_wconf 75' lang='lat' dir='ltr'>boysen,</span> <span class='ocrx_word' id='word_1_248' title='bbox 338 2119 370 2175; x_wconf 93' lang='grc' dir='ltr'>ιιι</span> <span class='ocrx_word' id='word_1_249' title='bbox 390 2119 474 2176; x_wconf 89' lang='lat' dir='ltr'>tertio</span> <span class='ocrx_word' id='word_1_250' title='bbox 502 2122 600 2189; x_wconf 86' lang='lat' dir='ltr'>Josue,</span> <span class='ocrx_word' id='word_1_251' title='bbox 622 2139 655 2176; x_wconf 90' lang='lat' dir='ltr'>ac</span> <span class='ocrx_word' id='word_1_252' title='bbox 674 2121 778 2178; x_wconf 89' lang='lat' dir='ltr'>deinde</span> <span class='ocrx_word' id='word_1_253' title='bbox 813 2121 940 2194; x_wconf 87' lang='lat' dir='ltr'>reliquos</span> <span class='ocrx_word' id='word_1_254' title='bbox 960 2103 1075 2195; x_wconf 84' lang='lat' dir='ltr'>Bsnut,</span> <span class='ocrx_word' id='word_1_255' title='bbox 1092 2128 1187 2197; x_wconf 87' lang='lat' dir='ltr'>ipsum</span> <span class='ocrx_word' id='word_1_256' title='bbox 1199 2129 1265 2182; x_wconf 88' lang='lat' dir='ltr'>ante</span> <span class='ocrx_word' id='word_1_257' title='bbox 1278 2129 1408 2198; x_wconf 84' lang='lat' dir='ltr'>tempora</span> <span class='ocrx_word' id='word_1_258' title='bbox 1420 2140 1454 2180; x_wconf 82' lang='lat' dir='ltr'>ex</span> <span class='ocrx_word' id='word_1_259' title='bbox 1468 2122 1553 2181; x_wconf 90' lang='lat' dir='ltr'>corde</span> <span class='ocrx_word' id='word_1_260' title='bbox 1583 2122 1674 2178; x_wconf 84' lang='lat' dir='ltr'>Petris</span> <span class='ocrx_word' id='word_1_261' title='bbox 1700 2122 1841 2194; x_wconf 85' lang='lat' dir='ltr'>genitum,</span> 
     </span>
     <span class='ocr_line' id='line_1_22' title="bbox 92 2207 1841 2288; baseline 0.003 -27"><span class='ocrx_word' id='word_1_262' title='bbox 92 2207 269 2280; x_wconf 85' lang='lat' dir='ltr'>patriarchas</span> <span class='ocrx_word' id='word_1_263' title='bbox 297 2215 327 2264; x_wconf 90' lang='lat' dir='ltr'>et</span> <span class='ocrx_word' id='word_1_264' title='bbox 358 2211 514 2281; x_wconf 89' lang='lat' dir='ltr'>prophetas</span> <span class='ocrx_word' id='word_1_265' title='bbox 538 2211 580 2266; x_wconf 88' lang='lat' dir='ltr'>ita</span> <span class='ocrx_word' id='word_1_266' title='bbox 607 2227 721 2266; x_wconf 88' lang='lat' dir='ltr'>sursum</span> <span class='ocrx_word' id='word_1_267' title='bbox 749 2210 879 2283; x_wconf 86' lang='lat' dir='ltr'>singulos</span> <span class='ocrx_word' id='word_1_268' title='bbox 911 2210 943 2264; x_wconf 87' lang='lat' dir='ltr'>iu</span> <span class='ocrx_word' id='word_1_269' title='bbox 995 2216 1046 2272; x_wconf 88' lang='lat' dir='ltr'>sed</span> <span class='ocrx_word' id='word_1_270' title='bbox 1060 2215 1165 2288; x_wconf 89' lang='lat' dir='ltr'>postin</span> <span class='ocrx_word' id='word_1_271' title='bbox 1180 2215 1237 2270; x_wconf 90' lang='lat' dir='ltr'>line</span> <span class='ocrx_word' id='word_1_272' title='bbox 1252 2219 1414 2286; x_wconf 89' lang='lat' dir='ltr'>temporum</span> <span class='ocrx_word' id='word_1_273' title='bbox 1430 2217 1462 2270; x_wconf 92' lang='lat' dir='ltr'>ut</span> <span class='ocrx_word' id='word_1_274' title='bbox 1474 2217 1583 2268; x_wconf 79' lang='lat' dir='ltr'>veteres</span> <span class='ocrx_word' id='word_1_275' title='bbox 1594 2211 1686 2268; x_wconf 88' lang='lat' dir='ltr'>sancti</span> <span class='ocrx_word' id='word_1_276' title='bbox 1700 2211 1841 2282; x_wconf 74' lang='lat' dir='ltr'>praedisc-</span> 
     </span>
     <span class='ocr_line' id='line_1_23' title="bbox 92 2295 1865 2375; baseline 0.002 -25"><span class='ocrx_word' id='word_1_277' title='bbox 92 2296 217 2368; x_wconf 88' lang='lat' dir='ltr'>singulis</span> <span class='ocrx_word' id='word_1_278' title='bbox 237 2295 326 2352; x_wconf 89' lang='lat' dir='ltr'>ramis</span> <span class='ocrx_word' id='word_1_279' title='bbox 344 2298 474 2353; x_wconf 89' lang='lat' dir='ltr'>ordinate</span> <span class='ocrx_word' id='word_1_280' title='bbox 507 2299 663 2356; x_wconf 85' lang='lat' dir='ltr'>sedentes:</span> <span class='ocrx_word' id='word_1_281' title='bbox 687 2299 843 2356; x_wconf 86' lang='lat' dir='ltr'>secundum</span> <span class='ocrx_word' id='word_1_282' title='bbox 872 2301 943 2354; x_wconf 80' lang='lat' dir='ltr'>tem</span> <span class='ocrx_word' id='word_1_283' title='bbox 996 2309 1114 2360; x_wconf 77' lang='lat' dir='ltr'>runtex</span> <span class='ocrx_word' id='word_1_284' title='bbox 1133 2303 1243 2375; x_wconf 82' lang='lat' dir='ltr'>virgine</span> <span class='ocrx_word' id='word_1_285' title='bbox 1261 2302 1453 2368; x_wconf 84' lang='lat' dir='ltr'>incarnatum,</span> <span class='ocrx_word' id='word_1_286' title='bbox 1479 2299 1610 2374; x_wconf 85' lang='lat' dir='ltr'>quamvis</span> <span class='ocrx_word' id='word_1_287' title='bbox 1632 2295 1865 2356; x_wconf 83' lang='lat' dir='ltr'>humanitateur&#39;</span> 
     </span>
     <span class='ocr_line' id='line_1_24' title="bbox 93 2385 1843 2464; baseline -0.008 -8"><span class='ocrx_word' id='word_1_288' title='bbox 93 2401 149 2458; x_wconf 68' lang='grc'><strong>11111</strong></span> <span class='ocrx_word' id='word_1_289' title='bbox 171 2385 279 2456; x_wconf 76' lang='grc'><strong>(11111111</strong></span> <span class='ocrx_word' id='word_1_290' title='bbox 309 2385 364 2442; x_wconf 74' lang='grc'><strong>1101</strong></span> <span class='ocrx_word' id='word_1_291' title='bbox 403 2387 942 2453; x_wconf 65' lang='grc' dir='ltr'><strong>111111111δί11111111111111111111111111,</strong></span> <span class='ocrx_word' id='word_1_292' title='bbox 998 2393 1193 2464; x_wconf 88' lang='lat' dir='ltr'>assumpserit,</span> <span class='ocrx_word' id='word_1_293' title='bbox 1207 2392 1386 2448; x_wconf 79' lang='lat' dir='ltr'>diuinitatem</span> <span class='ocrx_word' id='word_1_294' title='bbox 1398 2389 1843 2458; x_wconf 69' lang='lat' dir='ltr'>umennondeseruit‚sedcum</span> 
     </span>
     <span class='ocr_line' id='line_1_25' title="bbox 95 2473 1841 2550; baseline 0.002 -23"><span class='ocrx_word' id='word_1_295' title='bbox 95 2473 147 2546; x_wconf 87' lang='lat' dir='ltr'>qui</span> <span class='ocrx_word' id='word_1_296' title='bbox 163 2491 194 2529; x_wconf 89' lang='lat' dir='ltr'>se</span> <span class='ocrx_word' id='word_1_297' title='bbox 217 2491 316 2532; x_wconf 90' lang='lat' dir='ltr'>omnes</span> <span class='ocrx_word' id='word_1_298' title='bbox 339 2476 544 2533; x_wconf 78' lang='lat' dir='ltr'>convertebant</span> <span class='ocrx_word' id='word_1_299' title='bbox 574 2477 612 2533; x_wconf 88' lang='lat' dir='ltr'>ad</span> <span class='ocrx_word' id='word_1_300' title='bbox 639 2477 779 2548; x_wconf 88' lang='lat' dir='ltr'>angulum</span> <span class='ocrx_word' id='word_1_301' title='bbox 814 2476 943 2548; x_wconf 84' lang='lat' dir='ltr'>ejusdem</span> <span class='ocrx_word' id='word_1_302' title='bbox 996 2481 1080 2536; x_wconf 86' lang='lat' dir='ltr'>Patre</span> <span class='ocrx_word' id='word_1_303' title='bbox 1095 2484 1123 2536; x_wconf 93' lang='lat' dir='ltr'>et</span> <span class='ocrx_word' id='word_1_304' title='bbox 1141 2479 1249 2550; x_wconf 89' lang='lat' dir='ltr'>Spiritu</span> <span class='ocrx_word' id='word_1_305' title='bbox 1267 2483 1362 2534; x_wconf 86' lang='lat' dir='ltr'>sancto</span> <span class='ocrx_word' id='word_1_306' title='bbox 1377 2483 1592 2533; x_wconf 84' lang='lat' dir='ltr'>unnsetverus</span> <span class='ocrx_word' id='word_1_307' title='bbox 1608 2479 1684 2534; x_wconf 81' lang='lat' dir='ltr'>Deus</span> <span class='ocrx_word' id='word_1_308' title='bbox 1709 2476 1841 2542; x_wconf 81' lang='lat' dir='ltr'>existens,</span> 
     </span>
     <span class='ocr_line' id='line_1_26' title="bbox 95 2562 1844 2637; baseline 0.002 -20"><span class='ocrx_word' id='word_1_309' title='bbox 95 2562 239 2618; x_wconf 86' lang='lat' dir='ltr'>columnae</span> <span class='ocrx_word' id='word_1_310' title='bbox 259 2564 311 2635; x_wconf 92' lang='lat' dir='ltr'>qui</span> <span class='ocrx_word' id='word_1_311' title='bbox 335 2564 508 2636; x_wconf 86' lang='lat' dir='ltr'>respiciebat</span> <span class='ocrx_word' id='word_1_312' title='bbox 532 2565 567 2620; x_wconf 92' lang='lat' dir='ltr'>nd</span> <span class='ocrx_word' id='word_1_313' title='bbox 593 2564 828 2637; x_wconf 85' lang='lat' dir='ltr'>septentrionem,</span> <span class='ocrx_word' id='word_1_314' title='bbox 857 2563 946 2620; x_wconf 89' lang='lat' dir='ltr'>admi·</span> <span class='ocrx_word' id='word_1_315' title='bbox 999 2568 1140 2624; x_wconf 91' lang='lat' dir='ltr'>mundum</span> <span class='ocrx_word' id='word_1_316' title='bbox 1155 2584 1206 2623; x_wconf 87' lang='lat' dir='ltr'>sna</span> <span class='ocrx_word' id='word_1_317' title='bbox 1221 2566 1377 2623; x_wconf 89' lang='lat' dir='ltr'>dulcedine.</span> <span class='ocrx_word' id='word_1_318' title='bbox 1387 2564 1558 2634; x_wconf 80' lang='lat' dir='ltr'>dulcoravit,</span> <span class='ocrx_word' id='word_1_319' title='bbox 1577 2581 1609 2620; x_wconf 90' lang='lat' dir='ltr'>nc</span> <span class='ocrx_word' id='word_1_320' title='bbox 1625 2581 1692 2622; x_wconf 88' lang='lat' dir='ltr'>eum</span> <span class='ocrx_word' id='word_1_321' title='bbox 1707 2581 1764 2622; x_wconf 84' lang='lat' dir='ltr'>suae</span> <span class='ocrx_word' id='word_1_322' title='bbox 1788 2567 1844 2620; x_wconf 90' lang='lat' dir='ltr'>cta·</span> 
     </span>
     <span class='ocr_line' id='line_1_27' title="bbox 95 2652 1844 2728; baseline 0.002 -23"><span class='ocrx_word' id='word_1_323' title='bbox 95 2657 195 2706; x_wconf 87' lang='lat' dir='ltr'>rantes</span> <span class='ocrx_word' id='word_1_324' title='bbox 217 2668 332 2723; x_wconf 76' lang='lat' dir='ltr'>eaque</span> <span class='ocrx_word' id='word_1_325' title='bbox 354 2653 386 2706; x_wconf 90' lang='lat' dir='ltr'>in</span> <span class='ocrx_word' id='word_1_326' title='bbox 409 2652 510 2725; x_wconf 90' lang='lat' dir='ltr'>spiritu</span> <span class='ocrx_word' id='word_1_327' title='bbox 543 2653 640 2709; x_wconf 81' lang='lat' dir='ltr'>futura</span> <span class='ocrx_word' id='word_1_328' title='bbox 660 2653 794 2710; x_wconf 81' lang='lat' dir='ltr'>viderunt</span> <span class='ocrx_word' id='word_1_329' title='bbox 817 2654 846 2708; x_wconf 92' lang='lat' dir='ltr'>in</span> <span class='ocrx_word' id='word_1_330' title='bbox 870 2653 942 2724; x_wconf 87' lang='lat' dir='ltr'>ipsa.</span> <span class='ocrx_word' id='word_1_331' title='bbox 998 2656 1090 2714; x_wconf 80' lang='lat' dir='ltr'>citatis</span> <span class='ocrx_word' id='word_1_332' title='bbox 1110 2656 1223 2728; x_wconf 81' lang='lat' dir='ltr'>fulgore</span> <span class='ocrx_word' id='word_1_333' title='bbox 1240 2655 1400 2710; x_wconf 81' lang='lat' dir='ltr'>illustrauit.</span> <span class='ocrx_word' id='word_1_334' title='bbox 1433 2655 1614 2726; x_wconf 80' lang='lat' dir='ltr'>Quapropter</span> <span class='ocrx_word' id='word_1_335' title='bbox 1644 2659 1673 2709; x_wconf 92' lang='lat' dir='ltr'>et</span> <span class='ocrx_word' id='word_1_336' title='bbox 1703 2654 1765 2709; x_wconf 77' lang='lat' dir='ltr'>brec</span> <span class='ocrx_word' id='word_1_337' title='bbox 1799 2669 1844 2710; x_wconf 91' lang='lat' dir='ltr'>co·</span> 
     </span>
     <span class='ocr_line' id='line_1_28' title="bbox 96 2738 1845 2818; baseline 0.001 -24"><span class='ocrx_word' id='word_1_338' title='bbox 96 2738 154 2795; x_wconf 89' lang='lat' dir='ltr'>Sed</span> <span class='ocrx_word' id='word_1_339' title='bbox 165 2740 242 2794; x_wconf 89' lang='lat' dir='ltr'>inter</span> <span class='ocrx_word' id='word_1_340' title='bbox 261 2741 316 2797; x_wconf 86' lang='lat' dir='ltr'>hos</span> <span class='ocrx_word' id='word_1_341' title='bbox 339 2742 410 2797; x_wconf 86' lang='lat' dir='ltr'>dnos</span> <span class='ocrx_word' id='word_1_342' title='bbox 430 2741 553 2812; x_wconf 90' lang='lat' dir='ltr'>angulos</span> <span class='ocrx_word' id='word_1_343' title='bbox 576 2758 668 2798; x_wconf 88' lang='lat' dir='ltr'>unum</span> <span class='ocrx_word' id='word_1_344' title='bbox 690 2743 797 2798; x_wconf 89' lang='lat' dir='ltr'>scilicet</span> <span class='ocrx_word' id='word_1_345' title='bbox 823 2758 943 2815; x_wconf 81' lang='lat' dir='ltr'>vergen·</span> <span class='ocrx_word' id='word_1_346' title='bbox 998 2747 1099 2802; x_wconf 86' lang='lat' dir='ltr'>lomna</span> <span class='ocrx_word' id='word_1_347' title='bbox 1120 2762 1207 2818; x_wconf 88' lang='lat' dir='ltr'>quam</span> <span class='ocrx_word' id='word_1_348' title='bbox 1245 2745 1319 2800; x_wconf 88' lang='lat' dir='ltr'>ultra</span> <span class='ocrx_word' id='word_1_349' title='bbox 1348 2743 1514 2816; x_wconf 80' lang='lat' dir='ltr'>praedictam</span> <span class='ocrx_word' id='word_1_350' title='bbox 1544 2743 1647 2798; x_wconf 90' lang='lat' dir='ltr'>turrim</span> <span class='ocrx_word' id='word_1_351' title='bbox 1684 2758 1845 2815; x_wconf 78' lang='lat' dir='ltr'>praecursus</span> 
     </span>
     <span class='ocr_line' id='line_1_29' title="bbox 96 2829 1846 2904; baseline 0.001 -20"><span class='ocrx_word' id='word_1_352' title='bbox 96 2829 202 2884; x_wconf 88' lang='lat' dir='ltr'>temad</span> <span class='ocrx_word' id='word_1_353' title='bbox 217 2829 358 2886; x_wconf 87' lang='lat' dir='ltr'>orientem</span> <span class='ocrx_word' id='word_1_354' title='bbox 373 2832 537 2887; x_wconf 86' lang='lat' dir='ltr'>etaltcrnm</span> <span class='ocrx_word' id='word_1_355' title='bbox 563 2832 599 2889; x_wconf 89' lang='lat' dir='ltr'>ad</span> <span class='ocrx_word' id='word_1_356' title='bbox 617 2831 855 2904; x_wconf 81' lang='lat' dir='ltr'>septentrionem,</span> <span class='ocrx_word' id='word_1_357' title='bbox 884 2835 946 2888; x_wconf 91' lang='lat' dir='ltr'>erat</span> <span class='ocrx_word' id='word_1_358' title='bbox 1000 2835 1153 2891; x_wconf 82' lang='lat' dir='ltr'>voluntatis</span> <span class='ocrx_word' id='word_1_359' title='bbox 1173 2833 1333 2900; x_wconf 78' lang='lat' dir='ltr'>deividos,</span> <span class='ocrx_word' id='word_1_360' title='bbox 1358 2832 1491 2903; x_wconf 87' lang='lat' dir='ltr'>designat</span> <span class='ocrx_word' id='word_1_361' title='bbox 1510 2831 1656 2888; x_wconf 83' lang='lat' dir='ltr'>incliabile</span> <span class='ocrx_word' id='word_1_362' title='bbox 1680 2830 1846 2903; x_wconf 87' lang='lat' dir='ltr'>mysterium</span> 
     </span>
     <span class='ocr_line' id='line_1_30' title="bbox 97 2918 1847 2995; baseline 0.001 -23"><span class='ocrx_word' id='word_1_363' title='bbox 97 2926 165 2972; x_wconf 88' lang='lat' dir='ltr'>ante</span> <span class='ocrx_word' id='word_1_364' title='bbox 192 2918 419 2990; x_wconf 85' lang='lat' dir='ltr'>iaciesipsorum</span> <span class='ocrx_word' id='word_1_365' title='bbox 442 2919 671 2992; x_wconf 88' lang='lat' dir='ltr'>patriarcharum</span> <span class='ocrx_word' id='word_1_366' title='bbox 691 2926 719 2977; x_wconf 93' lang='lat' dir='ltr'>et</span> <span class='ocrx_word' id='word_1_367' title='bbox 738 2921 944 2992; x_wconf 84' lang='lat' dir='ltr'>prophetarum</span> <span class='ocrx_word' id='word_1_368' title='bbox 1001 2921 1155 2992; x_wconf 82' lang='lat' dir='ltr'>Verbiilei,</span> <span class='ocrx_word' id='word_1_369' title='bbox 1177 2923 1245 2995; x_wconf 86' lang='lat' dir='ltr'>quia</span> <span class='ocrx_word' id='word_1_370' title='bbox 1259 2923 1290 2977; x_wconf 92' lang='lat' dir='ltr'>in</span> <span class='ocrx_word' id='word_1_371' title='bbox 1311 2936 1379 2977; x_wconf 81' lang='lat' dir='ltr'>sero</span> <span class='ocrx_word' id='word_1_372' title='bbox 1400 2921 1503 2987; x_wconf 84' lang='lat' dir='ltr'>Verbo,</span> <span class='ocrx_word' id='word_1_373' title='bbox 1525 2920 1554 2976; x_wconf 93' lang='lat' dir='ltr'>id</span> <span class='ocrx_word' id='word_1_374' title='bbox 1571 2925 1614 2976; x_wconf 86' lang='lat' dir='ltr'>ast</span> <span class='ocrx_word' id='word_1_375' title='bbox 1637 2919 1666 2974; x_wconf 92' lang='lat' dir='ltr'>in</span> <span class='ocrx_word' id='word_1_376' title='bbox 1691 2918 1761 2976; x_wconf 81' lang='lat' dir='ltr'>Filio</span> <span class='ocrx_word' id='word_1_377' title='bbox 1786 2919 1847 2988; x_wconf 85' lang='lat' dir='ltr'>Dei,</span> 
     </span>
    </p>
   </div>
   <div class='ocr_carea' id='block_1_5' title="bbox 96 3006 1847 3261">
    <p class='ocr_par' dir='ltr' id='par_1_5' title="bbox 96 3006 1847 3261">
     <span class='ocr_line' id='line_1_31' title="bbox 97 3006 1845 3086; baseline 0.002 -27"><span class='ocrx_word' id='word_1_378' title='bbox 97 3006 419 3064; x_wconf 89' lang='lat' dir='ltr'>illacolnmnaabimo</span> <span class='ocrx_word' id='word_1_379' title='bbox 444 3024 536 3082; x_wconf 88' lang='lat' dir='ltr'>usque</span> <span class='ocrx_word' id='word_1_380' title='bbox 561 3009 597 3064; x_wconf 93' lang='lat' dir='ltr'>ad</span> <span class='ocrx_word' id='word_1_381' title='bbox 614 3025 761 3066; x_wconf 89' lang='lat' dir='ltr'>summum</span> <span class='ocrx_word' id='word_1_382' title='bbox 785 3010 869 3081; x_wconf 83' lang='lat' dir='ltr'>quasi</span> <span class='ocrx_word' id='word_1_383' title='bbox 890 3014 946 3065; x_wconf 89' lang='lat' dir='ltr'>tor·</span> <span class='ocrx_word' id='word_1_384' title='bbox 999 3011 1120 3086; x_wconf 88' lang='lat' dir='ltr'>impleta</span> <span class='ocrx_word' id='word_1_385' title='bbox 1142 3017 1185 3068; x_wconf 91' lang='lat' dir='ltr'>est</span> <span class='ocrx_word' id='word_1_386' title='bbox 1208 3010 1302 3066; x_wconf 90' lang='lat' dir='ltr'>omnis</span> <span class='ocrx_word' id='word_1_387' title='bbox 1321 3009 1433 3082; x_wconf 81' lang='lat' dir='ltr'>justitia</span> <span class='ocrx_word' id='word_1_388' title='bbox 1458 3009 1529 3065; x_wconf 88' lang='grc' dir='ltr'><strong>Νοιι</strong></span> <span class='ocrx_word' id='word_1_389' title='bbox 1560 3007 1720 3064; x_wconf 70' lang='lat' dir='ltr'>attuleris</span> <span class='ocrx_word' id='word_1_390' title='bbox 1748 3009 1845 3064; x_wconf 85' lang='lat' dir='ltr'>&#39;lesla-</span> 
     </span>
     <span class='ocr_line' id='line_1_32' title="bbox 96 3095 1846 3172; baseline 0.002 -24"><span class='ocrx_word' id='word_1_391' title='bbox 96 3095 555 3169; x_wconf 86' lang='lat' dir='ltr'>uatillisetrotuuda,plenaque</span> <span class='ocrx_word' id='word_1_392' title='bbox 577 3113 725 3168; x_wconf 89' lang='lat' dir='ltr'>rugarum,</span> <span class='ocrx_word' id='word_1_393' title='bbox 749 3098 830 3154; x_wconf 86' lang='lat' dir='ltr'>atde</span> <span class='ocrx_word' id='word_1_394' title='bbox 860 3098 946 3154; x_wconf 88' lang='lat' dir='ltr'>arbo·</span> <span class='ocrx_word' id='word_1_395' title='bbox 1000 3102 1098 3170; x_wconf 88' lang='lat' dir='ltr'>menti,</span> <span class='ocrx_word' id='word_1_396' title='bbox 1122 3099 1340 3172; x_wconf 59' lang='lat' dir='ltr'>quaeltidelitar</span> <span class='ocrx_word' id='word_1_397' title='bbox 1360 3099 1545 3156; x_wconf 80' lang='lat' dir='ltr'>credentibus</span> <span class='ocrx_word' id='word_1_398' title='bbox 1571 3097 1738 3154; x_wconf 85' lang='lat' dir='ltr'>hominibus</span> <span class='ocrx_word' id='word_1_399' title='bbox 1773 3113 1846 3152; x_wconf 90' lang='lat' dir='ltr'>enu-</span> 
     </span>
     <span class='ocr_line' id='line_1_33' title="bbox 97 3184 1847 3261; baseline 0.003 -23"><span class='ocrx_word' id='word_1_400' title='bbox 97 3184 137 3238; x_wconf 89' lang='lat' dir='ltr'>ris</span> <span class='ocrx_word' id='word_1_401' title='bbox 151 3185 256 3240; x_wconf 89' lang='lat' dir='ltr'>cortice</span> <span class='ocrx_word' id='word_1_402' title='bbox 273 3185 347 3240; x_wconf 90' lang='lat' dir='ltr'>solet</span> <span class='ocrx_word' id='word_1_403' title='bbox 373 3202 493 3258; x_wconf 88' lang='lat' dir='ltr'>german</span> <span class='ocrx_word' id='word_1_404' title='bbox 506 3186 658 3259; x_wconf 89' lang='lat' dir='ltr'>pullulare.</span> <span class='ocrx_word' id='word_1_405' title='bbox 684 3189 848 3258; x_wconf 77' lang='lat' dir='ltr'>Asecundq</span> <span class='ocrx_word' id='word_1_406' title='bbox 878 3203 945 3241; x_wconf 83' lang='lat' dir='ltr'>uero</span> <span class='ocrx_word' id='word_1_407' title='bbox 1000 3192 1091 3247; x_wconf 87' lang='lat' dir='ltr'>cicala</span> <span class='ocrx_word' id='word_1_408' title='bbox 1111 3194 1178 3246; x_wconf 87' lang='lat' dir='ltr'>sunt</span> <span class='ocrx_word' id='word_1_409' title='bbox 1202 3205 1255 3261; x_wconf 88' lang='lat' dir='ltr'>per</span> <span class='ocrx_word' id='word_1_410' title='bbox 1272 3187 1399 3244; x_wconf 83' lang='lat' dir='ltr'>diuinam</span> <span class='ocrx_word' id='word_1_411' title='bbox 1423 3185 1641 3258; x_wconf 85' lang='lat' dir='ltr'>inspirationem</span> <span class='ocrx_word' id='word_1_412' title='bbox 1666 3185 1847 3242; x_wconf 85' lang='lat' dir='ltr'>adsalutem</span> 
     </span>
    </p>
   </div>
   <div class='ocr_carea' id='block_1_6' title="bbox 93 3274 1890 5571">
    <p class='ocr_par' dir='ltr' id='par_1_6' title="bbox 96 3274 1850 4326">
     <span class='ocr_line' id='line_1_34' title="bbox 98 3274 1848 3352; baseline 0.001 -24"><span class='ocrx_word' id='word_1_413' title='bbox 98 3275 207 3345; x_wconf 88' lang='lat' dir='ltr'>angulo</span> <span class='ocrx_word' id='word_1_414' title='bbox 231 3275 401 3346; x_wconf 86' lang='lat' dir='ltr'>respiciente</span> <span class='ocrx_word' id='word_1_415' title='bbox 424 3276 461 3331; x_wconf 90' lang='lat' dir='ltr'>ad</span> <span class='ocrx_word' id='word_1_416' title='bbox 490 3276 715 3348; x_wconf 85' lang='lat' dir='ltr'>septentrionem</span> <span class='ocrx_word' id='word_1_417' title='bbox 742 3276 829 3332; x_wconf 80' lang='lat' dir='ltr'>exirit</span> <span class='ocrx_word' id='word_1_418' title='bbox 846 3276 945 3348; x_wconf 87' lang='lat' dir='ltr'>splen·</span> <span class='ocrx_word' id='word_1_419' title='bbox 1000 3280 1139 3352; x_wconf 88' lang='lat' dir='ltr'>ipsorum,</span> <span class='ocrx_word' id='word_1_420' title='bbox 1156 3294 1221 3336; x_wconf 92' lang='lat' dir='ltr'>cum</span> <span class='ocrx_word' id='word_1_421' title='bbox 1237 3278 1314 3334; x_wconf 89' lang='lat' dir='ltr'>idem</span> <span class='ocrx_word' id='word_1_422' title='bbox 1329 3277 1417 3333; x_wconf 78' lang='lat' dir='ltr'>Pilius</span> <span class='ocrx_word' id='word_1_423' title='bbox 1432 3276 1550 3348; x_wconf 89' lang='lat' dir='ltr'>superni</span> <span class='ocrx_word' id='word_1_424' title='bbox 1572 3275 1664 3332; x_wconf 86' lang='lat' dir='ltr'>Patris</span> <span class='ocrx_word' id='word_1_425' title='bbox 1678 3291 1712 3330; x_wconf 81' lang='lat' dir='ltr'>ex</span> <span class='ocrx_word' id='word_1_426' title='bbox 1736 3274 1848 3332; x_wconf 82' lang='lat' dir='ltr'>suauis-</span> 
     </span>
     <span class='ocr_line' id='line_1_35' title="bbox 98 3363 1847 3451; baseline 0.001 -33"><span class='ocrx_word' id='word_1_427' title='bbox 98 3363 152 3418; x_wconf 93' lang='lat' dir='ltr'>dor</span> <span class='ocrx_word' id='word_1_428' title='bbox 167 3363 248 3418; x_wconf 75' lang='lat' dir='ltr'>mirae</span> <span class='ocrx_word' id='word_1_429' title='bbox 257 3364 435 3419; x_wconf 86' lang='lat' dir='ltr'>claritudinis</span> <span class='ocrx_word' id='word_1_430' title='bbox 454 3381 484 3418; x_wconf 88' lang='lat' dir='ltr'>se</span> <span class='ocrx_word' id='word_1_431' title='bbox 506 3366 664 3420; x_wconf 83' lang='lat' dir='ltr'>extendens</span> <span class='ocrx_word' id='word_1_432' title='bbox 691 3371 720 3419; x_wconf 89' lang='lat' dir='ltr'>ct</span> <span class='ocrx_word' id='word_1_433' title='bbox 738 3365 886 3420; x_wconf 85' lang='lat' dir='ltr'>reflectens</span> <span class='ocrx_word' id='word_1_434' title='bbox 910 3367 945 3420; x_wconf 86' lang='lat' dir='ltr'>ad</span> <span class='ocrx_word' id='word_1_435' title='bbox 967 3369 1076 3451; x_wconf 65' lang='lat' dir='ltr'>Csima</span> <span class='ocrx_word' id='word_1_436' title='bbox 1089 3368 1206 3440; x_wconf 77' lang='lat' dir='ltr'>Virgine</span> <span class='ocrx_word' id='word_1_437' title='bbox 1220 3367 1364 3424; x_wconf 87' lang='lat' dir='ltr'>incarnari</span> <span class='ocrx_word' id='word_1_438' title='bbox 1378 3366 1513 3437; x_wconf 87' lang='lat' dir='ltr'>dignatus</span> <span class='ocrx_word' id='word_1_439' title='bbox 1535 3369 1587 3433; x_wconf 87' lang='lat' dir='ltr'>est,</span> <span class='ocrx_word' id='word_1_440' title='bbox 1604 3364 1673 3438; x_wconf 86' lang='lat' dir='ltr'>quia</span> <span class='ocrx_word' id='word_1_441' title='bbox 1696 3369 1847 3436; x_wconf 87' lang='lat' dir='ltr'>postquam</span> 
     </span>
     <span class='ocr_line' id='line_1_36' title="bbox 96 3451 1846 3530; baseline 0 -22"><span class='ocrx_word' id='word_1_442' title='bbox 96 3453 237 3523; x_wconf 83' lang='lat' dir='ltr'>angulum</span> <span class='ocrx_word' id='word_1_443' title='bbox 261 3453 312 3524; x_wconf 90' lang='lat' dir='ltr'>qni</span> <span class='ocrx_word' id='word_1_444' title='bbox 332 3453 504 3524; x_wconf 85' lang='lat' dir='ltr'>respiciebat</span> <span class='ocrx_word' id='word_1_445' title='bbox 528 3454 565 3509; x_wconf 91' lang='lat' dir='ltr'>ad</span> <span class='ocrx_word' id='word_1_446' title='bbox 589 3453 752 3510; x_wconf 86' lang='lat' dir='ltr'>meridiem.</span> <span class='ocrx_word' id='word_1_447' title='bbox 767 3456 812 3526; x_wconf 69' lang='lat' dir='ltr'>,ut</span> <span class='ocrx_word' id='word_1_448' title='bbox 837 3454 868 3509; x_wconf 90' lang='lat' dir='ltr'>in</span> <span class='ocrx_word' id='word_1_449' title='bbox 895 3455 945 3509; x_wconf 90' lang='lat' dir='ltr'>illo</span> <span class='ocrx_word' id='word_1_450' title='bbox 1001 3473 1053 3530; x_wconf 88' lang='lat' dir='ltr'>par</span> <span class='ocrx_word' id='word_1_451' title='bbox 1073 3471 1250 3528; x_wconf 72' lang='lat' dir='ltr'>praecursum</span> <span class='ocrx_word' id='word_1_452' title='bbox 1275 3455 1429 3510; x_wconf 86' lang='lat' dir='ltr'>voluntatis</span> <span class='ocrx_word' id='word_1_453' title='bbox 1451 3452 1500 3508; x_wconf 83' lang='lat' dir='ltr'>uei</span> <span class='ocrx_word' id='word_1_454' title='bbox 1531 3452 1562 3508; x_wconf 92' lang='lat' dir='ltr'>in</span> <span class='ocrx_word' id='word_1_455' title='bbox 1584 3451 1668 3509; x_wconf 90' lang='lat' dir='ltr'>initio</span> <span class='ocrx_word' id='word_1_456' title='bbox 1693 3453 1846 3509; x_wconf 87' lang='lat' dir='ltr'>&#39;circumci-</span> 
     </span>
     <span class='ocr_line' id='line_1_37' title="bbox 97 3541 1848 3616; baseline 0.002 -21"><span class='ocrx_word' id='word_1_457' title='bbox 97 3541 252 3613; x_wconf 86' lang='lat' dir='ltr'>splen&#39;dore</span> <span class='ocrx_word' id='word_1_458' title='bbox 283 3541 315 3596; x_wconf 88' lang='grc' dir='ltr'>ιιι</span> <span class='ocrx_word' id='word_1_459' title='bbox 340 3547 399 3597; x_wconf 90' lang='lat' dir='ltr'>tam</span> <span class='ocrx_word' id='word_1_460' title='bbox 429 3558 567 3614; x_wconf 88' lang='lat' dir='ltr'>magnam</span> <span class='ocrx_word' id='word_1_461' title='bbox 588 3543 773 3598; x_wconf 86' lang='lat' dir='ltr'>latitudinem</span> <span class='ocrx_word' id='word_1_462' title='bbox 794 3559 824 3598; x_wconf 92' lang='lat' dir='ltr'>se</span> <span class='ocrx_word' id='word_1_463' title='bbox 840 3543 946 3598; x_wconf 85' lang='lat' dir='ltr'>ditinu-</span> <span class='ocrx_word' id='word_1_464' title='bbox 1002 3545 1135 3601; x_wconf 88' lang='lat' dir='ltr'>sionisse</span> <span class='ocrx_word' id='word_1_465' title='bbox 1159 3547 1291 3616; x_wconf 88' lang='lat' dir='ltr'>potentes</span> <span class='ocrx_word' id='word_1_466' title='bbox 1313 3542 1430 3599; x_wconf 83' lang='lat' dir='ltr'>virtutes</span> <span class='ocrx_word' id='word_1_467' title='bbox 1452 3542 1655 3608; x_wconf 86' lang='lat' dir='ltr'>ostenderunt;</span> <span class='ocrx_word' id='word_1_468' title='bbox 1677 3548 1745 3598; x_wconf 91' lang='lat' dir='ltr'>tuuc</span> <span class='ocrx_word' id='word_1_469' title='bbox 1761 3542 1848 3598; x_wconf 86' lang='lat' dir='ltr'>etiam</span> 
     </span>
     <span class='ocr_line' id='line_1_38' title="bbox 98 3627 1849 3703; baseline -0.005 -12"><span class='ocrx_word' id='word_1_470' title='bbox 98 3630 198 3696; x_wconf 78' lang='lat' dir='ltr'>dente,</span> <span class='ocrx_word' id='word_1_471' title='bbox 229 3629 362 3701; x_wconf 83' lang='lat' dir='ltr'>conspexi</span> <span class='ocrx_word' id='word_1_472' title='bbox 395 3632 552 3702; x_wconf 85' lang='lat' dir='ltr'>apostolos,</span> <span class='ocrx_word' id='word_1_473' title='bbox 585 3636 738 3703; x_wconf 76' lang='lat' dir='ltr'>martyres,</span> <span class='ocrx_word' id='word_1_474' title='bbox 772 3631 947 3686; x_wconf 79' lang='lat' dir='ltr'>mutessores</span> <span class='ocrx_word' id='word_1_475' title='bbox 1000 3635 1177 3692; x_wconf 85' lang='lat' dir='ltr'>declaratum</span> <span class='ocrx_word' id='word_1_476' title='bbox 1207 3637 1251 3688; x_wconf 86' lang='lat' dir='ltr'>ost</span> <span class='ocrx_word' id='word_1_477' title='bbox 1277 3631 1309 3686; x_wconf 89' lang='lat' dir='ltr'>in</span> <span class='ocrx_word' id='word_1_478' title='bbox 1337 3631 1434 3686; x_wconf 85' lang='lat' dir='ltr'>stricta</span> <span class='ocrx_word' id='word_1_479' title='bbox 1454 3629 1743 3702; x_wconf 80' lang='lat' dir='ltr'>justitiamysterium</span> <span class='ocrx_word' id='word_1_480' title='bbox 1765 3627 1849 3684; x_wconf 87' lang='lat' dir='ltr'>Verbi</span> 
     </span>
     <span class='ocr_line' id='line_1_39' title="bbox 100 3717 1848 3792; baseline 0 -20"><span class='ocrx_word' id='word_1_481' title='bbox 100 3723 130 3773; x_wconf 89' lang='lat' dir='ltr'>ct</span> <span class='ocrx_word' id='word_1_482' title='bbox 152 3717 289 3790; x_wconf 84' lang='lat' dir='ltr'>uirgines,</span> <span class='ocrx_word' id='word_1_483' title='bbox 313 3724 400 3790; x_wconf 87' lang='lat' dir='ltr'>atque</span> <span class='ocrx_word' id='word_1_484' title='bbox 421 3720 492 3774; x_wconf 89' lang='lat' dir='ltr'>alios</span> <span class='ocrx_word' id='word_1_485' title='bbox 512 3719 656 3792; x_wconf 91' lang='lat' dir='ltr'>plurimos</span> <span class='ocrx_word' id='word_1_486' title='bbox 685 3725 809 3786; x_wconf 89' lang='lat' dir='ltr'>sanctos,</span> <span class='ocrx_word' id='word_1_487' title='bbox 835 3719 868 3774; x_wconf 93' lang='lat' dir='ltr'>in</span> <span class='ocrx_word' id='word_1_488' title='bbox 889 3737 948 3774; x_wconf 89' lang='lat' dir='ltr'>ma·</span> <span class='ocrx_word' id='word_1_489' title='bbox 1004 3724 1064 3791; x_wconf 78' lang='lat' dir='ltr'>bei,</span> <span class='ocrx_word' id='word_1_490' title='bbox 1077 3723 1254 3778; x_wconf 87' lang='lat' dir='ltr'>insinuatum</span> <span class='ocrx_word' id='word_1_491' title='bbox 1270 3719 1403 3776; x_wconf 80' lang='lat' dir='ltr'>uidelicet</span> <span class='ocrx_word' id='word_1_492' title='bbox 1417 3735 1469 3791; x_wconf 85' lang='lat' dir='ltr'>per</span> <span class='ocrx_word' id='word_1_493' title='bbox 1492 3734 1595 3774; x_wconf 89' lang='lat' dir='ltr'>sonum</span> <span class='ocrx_word' id='word_1_494' title='bbox 1621 3717 1848 3788; x_wconf 84' lang='lat' dir='ltr'>patriarcharum</span> 
     </span>
     <span class='ocr_line' id='line_1_40' title="bbox 99 3806 1848 3882; baseline -0.001 -20"><span class='ocrx_word' id='word_1_495' title='bbox 99 3823 159 3878; x_wconf 92' lang='lat' dir='ltr'>gno</span> <span class='ocrx_word' id='word_1_496' title='bbox 177 3806 285 3878; x_wconf 90' lang='lat' dir='ltr'>gaudio</span> <span class='ocrx_word' id='word_1_497' title='bbox 302 3806 493 3864; x_wconf 85' lang='lat' dir='ltr'>ambulantes.</span> <span class='ocrx_word' id='word_1_498' title='bbox 511 3808 624 3864; x_wconf 87' lang='lat' dir='ltr'>Tertius</span> <span class='ocrx_word' id='word_1_499' title='bbox 651 3824 719 3865; x_wconf 82' lang='lat' dir='ltr'>uero</span> <span class='ocrx_word' id='word_1_500' title='bbox 752 3809 875 3880; x_wconf 89' lang='lat' dir='ltr'>angulus</span> <span class='ocrx_word' id='word_1_501' title='bbox 898 3808 948 3880; x_wconf 90' lang='lat' dir='ltr'>qui</span> <span class='ocrx_word' id='word_1_502' title='bbox 1002 3811 1259 3882; x_wconf 84' lang='lat' dir='ltr'>atpropbetarum,</span> <span class='ocrx_word' id='word_1_503' title='bbox 1280 3807 1331 3881; x_wconf 90' lang='lat' dir='ltr'>qui</span> <span class='ocrx_word' id='word_1_504' title='bbox 1352 3807 1739 3879; x_wconf 77' lang='lat' dir='ltr'>predixeruntipsumeum</span> <span class='ocrx_word' id='word_1_505' title='bbox 1769 3806 1848 3863; x_wconf 89' lang='lat' dir='ltr'>omui</span> 
     </span>
     <span class='ocr_line' id='line_1_41' title="bbox 100 3887 1847 3975; baseline -0.001 -25"><span class='ocrx_word' id='word_1_506' title='bbox 100 3895 271 3968; x_wconf 85' lang='lat' dir='ltr'>respiciebat</span> <span class='ocrx_word' id='word_1_507' title='bbox 284 3897 320 3951; x_wconf 88' lang='lat' dir='ltr'>nd</span> <span class='ocrx_word' id='word_1_508' title='bbox 336 3897 497 3963; x_wconf 87' lang='lat' dir='ltr'>meridiem,</span> <span class='ocrx_word' id='word_1_509' title='bbox 512 3903 575 3954; x_wconf 88' lang='lat' dir='ltr'>erat</span> <span class='ocrx_word' id='word_1_510' title='bbox 588 3897 620 3954; x_wconf 91' lang='lat' dir='ltr'>in</span> <span class='ocrx_word' id='word_1_511' title='bbox 650 3898 745 3953; x_wconf 89' lang='lat' dir='ltr'>medio</span> <span class='ocrx_word' id='word_1_512' title='bbox 763 3899 838 3954; x_wconf 92' lang='lat' dir='ltr'>latus</span> <span class='ocrx_word' id='word_1_513' title='bbox 852 3903 882 3954; x_wconf 89' lang='lat' dir='ltr'>et</span> <span class='ocrx_word' id='word_1_514' title='bbox 903 3914 948 3953; x_wconf 83' lang='lat' dir='ltr'>ex·</span> <span class='ocrx_word' id='word_1_515' title='bbox 1001 3898 1377 3975; x_wconf 84' lang='lat' dir='ltr'>justitiamnnitestandom,</span> <span class='ocrx_word' id='word_1_516' title='bbox 1391 3887 1420 3953; x_wconf 81' lang='lat' dir='ltr'>et&#39;</span> <span class='ocrx_word' id='word_1_517' title='bbox 1435 3911 1500 3952; x_wconf 88' lang='lat' dir='ltr'>cnm</span> <span class='ocrx_word' id='word_1_518' title='bbox 1515 3896 1649 3952; x_wconf 87' lang='lat' dir='ltr'>omuibus</span> <span class='ocrx_word' id='word_1_519' title='bbox 1666 3894 1847 3950; x_wconf 87' lang='lat' dir='ltr'>administra·</span> 
     </span>
     <span class='ocr_line' id='line_1_42' title="bbox 100 3983 1849 4059; baseline 0 -21"><span class='ocrx_word' id='word_1_520' title='bbox 100 3985 261 4048; x_wconf 80' lang='lat' dir='ltr'>tentns3in</span> <span class='ocrx_word' id='word_1_521' title='bbox 284 3983 343 4040; x_wconf 90' lang='lat' dir='ltr'>imo</span> <span class='ocrx_word' id='word_1_522' title='bbox 366 3992 465 4041; x_wconf 73' lang='lat' dir='ltr'>alutem</span> <span class='ocrx_word' id='word_1_523' title='bbox 484 3993 513 4041; x_wconf 90' lang='lat' dir='ltr'>et</span> <span class='ocrx_word' id='word_1_524' title='bbox 539 3986 569 4041; x_wconf 92' lang='lat' dir='ltr'>in</span> <span class='ocrx_word' id='word_1_525' title='bbox 595 3987 760 4042; x_wconf 83' lang='lat' dir='ltr'>summitate</span> <span class='ocrx_word' id='word_1_526' title='bbox 782 3987 949 4059; x_wconf 89' lang='lat' dir='ltr'>aliquantu·</span> <span class='ocrx_word' id='word_1_527' title='bbox 1002 3989 1138 4058; x_wconf 89' lang='lat' dir='ltr'>tionibus,</span> <span class='ocrx_word' id='word_1_528' title='bbox 1154 3990 1212 4044; x_wconf 86' lang='lat' dir='ltr'>lleo</span> <span class='ocrx_word' id='word_1_529' title='bbox 1232 3987 1376 4057; x_wconf 88' lang='lat' dir='ltr'>subjectis,</span> <span class='ocrx_word' id='word_1_530' title='bbox 1394 3990 1480 4059; x_wconf 90' lang='lat' dir='ltr'>atque</span> <span class='ocrx_word' id='word_1_531' title='bbox 1495 4000 1561 4040; x_wconf 90' lang='lat' dir='ltr'>cum</span> <span class='ocrx_word' id='word_1_532' title='bbox 1575 3984 1700 4041; x_wconf 83' lang='lat' dir='ltr'>maxima</span> <span class='ocrx_word' id='word_1_533' title='bbox 1726 3983 1849 4039; x_wconf 89' lang='lat' dir='ltr'>austeri·</span> 
     </span>
     <span class='ocr_line' id='line_1_43' title="bbox 103 4071 1848 4149; baseline 0.001 -25"><span class='ocrx_word' id='word_1_534' title='bbox 103 4074 164 4126; x_wconf 88' lang='lat' dir='ltr'>lum</span> <span class='ocrx_word' id='word_1_535' title='bbox 183 4071 318 4142; x_wconf 84' lang='lat' dir='ltr'>gracilior</span> <span class='ocrx_word' id='word_1_536' title='bbox 339 4076 367 4126; x_wconf 94' lang='lat' dir='ltr'>et</span> <span class='ocrx_word' id='word_1_537' title='bbox 388 4071 567 4139; x_wconf 87' lang='lat' dir='ltr'>constrictus,</span> <span class='ocrx_word' id='word_1_538' title='bbox 587 4074 745 4129; x_wconf 89' lang='lat' dir='ltr'>secundum</span> <span class='ocrx_word' id='word_1_539' title='bbox 764 4073 885 4130; x_wconf 78' lang='lat' dir='ltr'>niodum</span> <span class='ocrx_word' id='word_1_540' title='bbox 906 4091 949 4129; x_wconf 87' lang='lat' dir='ltr'>ar·</span> <span class='ocrx_word' id='word_1_541' title='bbox 1002 4083 1060 4134; x_wconf 86' lang='lat' dir='ltr'>tate</span> <span class='ocrx_word' id='word_1_542' title='bbox 1081 4093 1146 4149; x_wconf 75' lang='lat' dir='ltr'>quae</span> <span class='ocrx_word' id='word_1_543' title='bbox 1172 4075 1265 4147; x_wconf 87' lang='lat' dir='ltr'>teligit</span> <span class='ocrx_word' id='word_1_544' title='bbox 1289 4074 1464 4131; x_wconf 88' lang='lat' dir='ltr'>incidentem</span> <span class='ocrx_word' id='word_1_545' title='bbox 1484 4072 1628 4145; x_wconf 84' lang='lat' dir='ltr'>justitiam</span> <span class='ocrx_word' id='word_1_546' title='bbox 1653 4073 1713 4140; x_wconf 81' lang='lat' dir='ltr'>uei,</span> <span class='ocrx_word' id='word_1_547' title='bbox 1738 4072 1848 4128; x_wconf 88' lang='lat' dir='ltr'>nullam</span> 
     </span>
     <span class='ocr_line' id='line_1_44' title="bbox 102 4159 1850 4237; baseline 0.001 -23"><span class='ocrx_word' id='word_1_548' title='bbox 102 4176 152 4214; x_wconf 88' lang='lat' dir='ltr'>cus</span> <span class='ocrx_word' id='word_1_549' title='bbox 175 4159 226 4232; x_wconf 88' lang='lat' dir='ltr'>qui</span> <span class='ocrx_word' id='word_1_550' title='bbox 246 4160 411 4216; x_wconf 83' lang='lat' dir='ltr'>extenditur</span> <span class='ocrx_word' id='word_1_551' title='bbox 431 4161 468 4216; x_wconf 90' lang='lat' dir='ltr'>ad</span> <span class='ocrx_word' id='word_1_552' title='bbox 489 4161 607 4233; x_wconf 87' lang='lat' dir='ltr'>sagittas</span> <span class='ocrx_word' id='word_1_553' title='bbox 626 4161 784 4230; x_wconf 85' lang='lat' dir='ltr'>jaciendas.</span> <span class='ocrx_word' id='word_1_554' title='bbox 817 4162 849 4217; x_wconf 89' lang='lat' dir='ltr'>ln</span> <span class='ocrx_word' id='word_1_555' title='bbox 869 4180 949 4218; x_wconf 89' lang='lat' dir='ltr'>cacu·</span> <span class='ocrx_word' id='word_1_556' title='bbox 1003 4165 1174 4237; x_wconf 80' lang='lat' dir='ltr'>injustitiam</span> <span class='ocrx_word' id='word_1_557' title='bbox 1205 4163 1396 4220; x_wconf 88' lang='lat' dir='ltr'>dimittentem</span> <span class='ocrx_word' id='word_1_558' title='bbox 1428 4162 1559 4231; x_wconf 74' lang='lat' dir='ltr'>illaesam,</span> <span class='ocrx_word' id='word_1_559' title='bbox 1592 4161 1663 4234; x_wconf 92' lang='lat' dir='ltr'>qniu</span> <span class='ocrx_word' id='word_1_560' title='bbox 1700 4160 1850 4218; x_wconf 87' lang='lat' dir='ltr'>abscindet</span> 
     </span>
     <span class='ocr_line' id='line_1_45' title="bbox 101 4248 1445 4326; baseline 0.001 -22"><span class='ocrx_word' id='word_1_561' title='bbox 101 4248 292 4304; x_wconf 84' lang='lat' dir='ltr'>minuentem</span> <span class='ocrx_word' id='word_1_562' title='bbox 313 4248 404 4320; x_wconf 85' lang='lat' dir='ltr'>ipsius</span> <span class='ocrx_word' id='word_1_563' title='bbox 419 4249 562 4305; x_wconf 77' lang='lat' dir='ltr'>columne.</span> <span class='ocrx_word' id='word_1_564' title='bbox 584 4249 643 4305; x_wconf 83' lang='lat' dir='ltr'>uidi</span> <span class='ocrx_word' id='word_1_565' title='bbox 660 4255 772 4306; x_wconf 88' lang='lat' dir='ltr'>tantum</span> <span class='ocrx_word' id='word_1_566' title='bbox 790 4249 948 4307; x_wconf 87' lang='lat' dir='ltr'>claritatem</span> <span class='ocrx_word' id='word_1_567' title='bbox 1003 4271 1067 4310; x_wconf 88' lang='lat' dir='ltr'>enm</span> <span class='ocrx_word' id='word_1_568' title='bbox 1083 4255 1113 4310; x_wconf 92' lang='lat' dir='ltr'>in</span> <span class='ocrx_word' id='word_1_569' title='bbox 1128 4254 1269 4326; x_wconf 81' lang='lat' dir='ltr'>legalibus</span> <span class='ocrx_word' id='word_1_570' title='bbox 1284 4251 1445 4325; x_wconf 88' lang='lat' dir='ltr'>praeceptis.</span> 
     </span>
    </p>

    <p class='ocr_par' dir='ltr' id='par_1_7' title="bbox 93 4337 1890 5571">
     <span class='ocr_line' id='line_1_46' title="bbox 101 4337 1850 4412; baseline 0.001 -20"><span class='ocrx_word' id='word_1_571' title='bbox 101 4337 221 4394; x_wconf 89' lang='lat' dir='ltr'>luminis</span> <span class='ocrx_word' id='word_1_572' title='bbox 232 4342 263 4394; x_wconf 89' lang='lat' dir='ltr'>ut</span> <span class='ocrx_word' id='word_1_573' title='bbox 276 4338 403 4394; x_wconf 88' lang='lat' dir='ltr'>bumana</span> <span class='ocrx_word' id='word_1_574' title='bbox 411 4338 513 4410; x_wconf 86' lang='lat' dir='ltr'>lingua</span> <span class='ocrx_word' id='word_1_575' title='bbox 533 4338 615 4394; x_wconf 82' lang='lat' dir='ltr'>alieri</span> <span class='ocrx_word' id='word_1_576' title='bbox 637 4355 697 4396; x_wconf 88' lang='lat' dir='ltr'>non</span> <span class='ocrx_word' id='word_1_577' title='bbox 713 4339 817 4412; x_wconf 87' lang='lat' dir='ltr'>possit;</span> <span class='ocrx_word' id='word_1_578' title='bbox 842 4341 873 4396; x_wconf 89' lang='lat' dir='ltr'>iu</span> <span class='ocrx_word' id='word_1_579' title='bbox 891 4356 950 4411; x_wconf 86' lang='lat' dir='ltr'>qua</span> <span class='ocrx_word' id='word_1_580' title='bbox 1038 4343 1094 4400; x_wconf 89' lang='lat' dir='ltr'>Sed</span> <span class='ocrx_word' id='word_1_581' title='bbox 1110 4343 1205 4398; x_wconf 90' lang='lat' dir='ltr'>cubito</span> <span class='ocrx_word' id='word_1_582' title='bbox 1227 4357 1286 4397; x_wconf 91' lang='lat' dir='ltr'>uno</span> <span class='ocrx_word' id='word_1_583' title='bbox 1306 4340 1382 4396; x_wconf 84' lang='lat' dir='ltr'>infra</span> <span class='ocrx_word' id='word_1_584' title='bbox 1414 4340 1555 4412; x_wconf 80' lang='lat' dir='ltr'>angrrlum</span> <span class='ocrx_word' id='word_1_585' title='bbox 1578 4339 1630 4412; x_wconf 86' lang='lat' dir='ltr'>qui</span> <span class='ocrx_word' id='word_1_586' title='bbox 1671 4339 1789 4410; x_wconf 88' lang='lat' dir='ltr'>respicit</span> <span class='ocrx_word' id='word_1_587' title='bbox 1814 4340 1850 4394; x_wconf 88' lang='lat' dir='ltr'>ad</span> 
     </span>
     <span class='ocr_line' id='line_1_47' title="bbox 99 4427 1849 4504; baseline 0.001 -22"><span class='ocrx_word' id='word_1_588' title='bbox 99 4427 236 4498; x_wconf 89' lang='lat' dir='ltr'>apparuit</span> <span class='ocrx_word' id='word_1_589' title='bbox 256 4427 389 4482; x_wconf 87' lang='lat' dir='ltr'>columba</span> <span class='ocrx_word' id='word_1_590' title='bbox 405 4427 515 4483; x_wconf 87' lang='lat' dir='ltr'>babens</span> <span class='ocrx_word' id='word_1_591' title='bbox 547 4428 579 4483; x_wconf 92' lang='lat' dir='ltr'>in</span> <span class='ocrx_word' id='word_1_592' title='bbox 596 4444 645 4483; x_wconf 88' lang='lat' dir='ltr'>ore</span> <span class='ocrx_word' id='word_1_593' title='bbox 667 4444 720 4484; x_wconf 91' lang='lat' dir='ltr'>suo</span> <span class='ocrx_word' id='word_1_594' title='bbox 735 4428 848 4484; x_wconf 90' lang='lat' dir='ltr'>radium</span> <span class='ocrx_word' id='word_1_595' title='bbox 869 4430 951 4485; x_wconf 89' lang='lat' dir='ltr'>aurei</span> <span class='ocrx_word' id='word_1_596' title='bbox 1004 4432 1228 4504; x_wconf 86' lang='lat' dir='ltr'>septentrionem</span> <span class='ocrx_word' id='word_1_597' title='bbox 1250 4436 1384 4498; x_wconf 88' lang='lat' dir='ltr'>stantem,</span> <span class='ocrx_word' id='word_1_598' title='bbox 1402 4429 1480 4501; x_wconf 90' lang='lat' dir='ltr'>quod</span> <span class='ocrx_word' id='word_1_599' title='bbox 1506 4433 1535 4484; x_wconf 92' lang='lat' dir='ltr'>et</span> <span class='ocrx_word' id='word_1_600' title='bbox 1548 4428 1579 4484; x_wconf 90' lang='lat' dir='ltr'>in</span> <span class='ocrx_word' id='word_1_601' title='bbox 1594 4429 1721 4484; x_wconf 90' lang='lat' dir='ltr'>humano</span> <span class='ocrx_word' id='word_1_602' title='bbox 1733 4432 1764 4484; x_wconf 91' lang='lat' dir='ltr'>et</span> <span class='ocrx_word' id='word_1_603' title='bbox 1790 4427 1849 4484; x_wconf 88' lang='lat' dir='ltr'>sin-</span> 
     </span>
     <span class='ocr_line' id='line_1_48' title="bbox 98 4513 1850 4593; baseline -0.001 -22"><span class='ocrx_word' id='word_1_604' title='bbox 98 4516 214 4582; x_wconf 84' lang='lat' dir='ltr'>coloris,</span> <span class='ocrx_word' id='word_1_605' title='bbox 231 4517 322 4571; x_wconf 89' lang='lat' dir='ltr'>mutto</span> <span class='ocrx_word' id='word_1_606' title='bbox 337 4516 450 4586; x_wconf 80' lang='lat' dir='ltr'>fulgore</span> <span class='ocrx_word' id='word_1_607' title='bbox 473 4518 636 4573; x_wconf 87' lang='lat' dir='ltr'>columnam</span> <span class='ocrx_word' id='word_1_608' title='bbox 653 4518 733 4574; x_wconf 89' lang='lat' dir='ltr'>illam</span> <span class='ocrx_word' id='word_1_609' title='bbox 750 4517 947 4574; x_wconf 88' lang='lat' dir='ltr'>irradiantem.</span> <span class='ocrx_word' id='word_1_610' title='bbox 1005 4521 1098 4593; x_wconf 88' lang='lat' dir='ltr'>gulari</span> <span class='ocrx_word' id='word_1_611' title='bbox 1112 4537 1197 4576; x_wconf 89' lang='lat' dir='ltr'>cursu</span> <span class='ocrx_word' id='word_1_612' title='bbox 1212 4521 1379 4592; x_wconf 78' lang='lat' dir='ltr'>praecellens</span> <span class='ocrx_word' id='word_1_613' title='bbox 1395 4518 1536 4584; x_wconf 85' lang='lat' dir='ltr'>vicinitas,</span> <span class='ocrx_word' id='word_1_614' title='bbox 1552 4533 1617 4589; x_wconf 81' lang='lat' dir='ltr'>quae</span> <span class='ocrx_word' id='word_1_615' title='bbox 1639 4516 1696 4572; x_wconf 87' lang='lat' dir='ltr'>iuit</span> <span class='ocrx_word' id='word_1_616' title='bbox 1707 4516 1742 4573; x_wconf 89' lang='lat' dir='ltr'>de</span> <span class='ocrx_word' id='word_1_617' title='bbox 1764 4513 1850 4587; x_wconf 90' lang='lat' dir='ltr'>patri-</span> 
     </span>
     <span class='ocr_line' id='line_1_49' title="bbox 98 4603 1849 4681; baseline -0.001 -21"><span class='ocrx_word' id='word_1_618' title='bbox 98 4607 231 4676; x_wconf 78' lang='lat' dir='ltr'>Currrque</span> <span class='ocrx_word' id='word_1_619' title='bbox 246 4605 314 4660; x_wconf 89' lang='lat' dir='ltr'>illuc</span> <span class='ocrx_word' id='word_1_620' title='bbox 327 4603 485 4678; x_wconf 89' lang='lat' dir='ltr'>aspicerem</span> <span class='ocrx_word' id='word_1_621' title='bbox 498 4606 596 4662; x_wconf 85' lang='lat' dir='ltr'>audiui</span> <span class='ocrx_word' id='word_1_622' title='bbox 611 4623 710 4662; x_wconf 77' lang='lat' dir='ltr'>nocem</span> <span class='ocrx_word' id='word_1_623' title='bbox 724 4605 759 4662; x_wconf 88' lang='lat' dir='ltr'>de</span> <span class='ocrx_word' id='word_1_624' title='bbox 780 4606 862 4673; x_wconf 84' lang='lat' dir='ltr'>cmlo,</span> <span class='ocrx_word' id='word_1_625' title='bbox 885 4622 950 4661; x_wconf 90' lang='lat' dir='ltr'>ma·</span> <span class='ocrx_word' id='word_1_626' title='bbox 1004 4609 1098 4666; x_wconf 86' lang='lat' dir='ltr'>archis</span> <span class='ocrx_word' id='word_1_627' title='bbox 1113 4610 1297 4681; x_wconf 88' lang='lat' dir='ltr'>loquentibus</span> <span class='ocrx_word' id='word_1_628' title='bbox 1310 4607 1436 4664; x_wconf 87' lang='lat' dir='ltr'>strictam</span> <span class='ocrx_word' id='word_1_629' title='bbox 1449 4606 1592 4678; x_wconf 84' lang='lat' dir='ltr'>justitiam</span> <span class='ocrx_word' id='word_1_630' title='bbox 1613 4605 1741 4676; x_wconf 77' lang='lat' dir='ltr'>ejiisdem</span> <span class='ocrx_word' id='word_1_631' title='bbox 1765 4603 1849 4660; x_wconf 83' lang='lat' dir='ltr'>Verbi</span> 
     </span>
     <span class='ocr_line' id='line_1_50' title="bbox 96 4693 1849 4770; baseline 0 -22"><span class='ocrx_word' id='word_1_632' title='bbox 96 4711 156 4766; x_wconf 80' lang='lat' dir='ltr'>gno</span> <span class='ocrx_word' id='word_1_633' title='bbox 174 4699 281 4749; x_wconf 88' lang='lat' dir='ltr'>terrore</span> <span class='ocrx_word' id='word_1_634' title='bbox 301 4711 347 4751; x_wconf 92' lang='lat' dir='ltr'>me</span> <span class='ocrx_word' id='word_1_635' title='bbox 379 4694 602 4766; x_wconf 86' lang='lat' dir='ltr'>redarguentem</span> <span class='ocrx_word' id='word_1_636' title='bbox 623 4701 654 4750; x_wconf 88' lang='lat' dir='ltr'>et</span> <span class='ocrx_word' id='word_1_637' title='bbox 677 4696 839 4752; x_wconf 88' lang='lat' dir='ltr'>dicentem:</span> <span class='ocrx_word' id='word_1_638' title='bbox 864 4696 946 4761; x_wconf 82' lang='lat' dir='ltr'>Quod</span> <span class='ocrx_word' id='word_1_639' title='bbox 965 4703 987 4758; x_wconf 85' lang='lat' dir='ltr'>D</span> <span class='ocrx_word' id='word_1_640' title='bbox 1005 4699 1054 4756; x_wconf 82' lang='lat' dir='ltr'>dei</span> <span class='ocrx_word' id='word_1_641' title='bbox 1068 4700 1098 4754; x_wconf 90' lang='lat' dir='ltr'>iu</span> <span class='ocrx_word' id='word_1_642' title='bbox 1114 4697 1368 4770; x_wconf 82' lang='lat' dir='ltr'>significationibui</span> <span class='ocrx_word' id='word_1_643' title='bbox 1380 4697 1439 4752; x_wconf 91' lang='lat' dir='ltr'>suis</span> <span class='ocrx_word' id='word_1_644' title='bbox 1454 4711 1543 4768; x_wconf 89' lang='lat' dir='ltr'>usque</span> <span class='ocrx_word' id='word_1_645' title='bbox 1559 4694 1594 4750; x_wconf 92' lang='lat' dir='ltr'>ad</span> <span class='ocrx_word' id='word_1_646' title='bbox 1609 4696 1702 4765; x_wconf 82' lang='lat' dir='ltr'>legem</span> <span class='ocrx_word' id='word_1_647' title='bbox 1715 4693 1797 4764; x_wconf 91' lang='lat' dir='ltr'>quasi</span> <span class='ocrx_word' id='word_1_648' title='bbox 1818 4694 1849 4748; x_wconf 87' lang='lat' dir='ltr'>in</span> 
     </span>
     <span class='ocr_line' id='line_1_51' title="bbox 94 4781 1849 4860; baseline 0.001 -26"><span class='ocrx_word' id='word_1_649' title='bbox 94 4783 187 4849; x_wconf 84' lang='lat' dir='ltr'>vides,</span> <span class='ocrx_word' id='word_1_650' title='bbox 203 4781 334 4838; x_wconf 81' lang='lat' dir='ltr'>divinum</span> <span class='ocrx_word' id='word_1_651' title='bbox 355 4788 409 4838; x_wconf 87' lang='lat' dir='ltr'>est.</span> <span class='ocrx_word' id='word_1_652' title='bbox 433 4785 471 4838; x_wconf 75' lang='lat' dir='ltr'>lix</span> <span class='ocrx_word' id='word_1_653' title='bbox 493 4800 551 4856; x_wconf 91' lang='lat' dir='ltr'>qua</span> <span class='ocrx_word' id='word_1_654' title='bbox 569 4801 639 4840; x_wconf 79' lang='lat' dir='ltr'>uoce</span> <span class='ocrx_word' id='word_1_655' title='bbox 655 4783 695 4840; x_wconf 90' lang='lat' dir='ltr'>ita</span> <span class='ocrx_word' id='word_1_656' title='bbox 721 4785 894 4852; x_wconf 89' lang='lat' dir='ltr'>contremui,</span> <span class='ocrx_word' id='word_1_657' title='bbox 914 4789 947 4840; x_wconf 90' lang='lat' dir='ltr'>ut</span> <span class='ocrx_word' id='word_1_658' title='bbox 1001 4786 1218 4860; x_wconf 88' lang='lat' dir='ltr'>septentrionali</span> <span class='ocrx_word' id='word_1_659' title='bbox 1235 4791 1316 4857; x_wconf 89' lang='lat' dir='ltr'>parte</span> <span class='ocrx_word' id='word_1_660' title='bbox 1339 4786 1452 4842; x_wconf 88' lang='lat' dir='ltr'>diabolo</span> <span class='ocrx_word' id='word_1_661' title='bbox 1475 4787 1695 4856; x_wconf 89' lang='lat' dir='ltr'>repugnantem.</span> <span class='ocrx_word' id='word_1_662' title='bbox 1721 4783 1801 4838; x_wconf 88' lang='lat' dir='ltr'>Unde</span> <span class='ocrx_word' id='word_1_663' title='bbox 1820 4787 1849 4837; x_wconf 89' lang='lat' dir='ltr'>et</span> 
     </span>
     <span class='ocr_line' id='line_1_52' title="bbox 93 4869 1849 4948; baseline -0.001 -22"><span class='ocrx_word' id='word_1_664' title='bbox 93 4871 221 4942; x_wconf 87' lang='lat' dir='ltr'>amplius</span> <span class='ocrx_word' id='word_1_665' title='bbox 247 4871 317 4928; x_wconf 91' lang='lat' dir='ltr'>illuc</span> <span class='ocrx_word' id='word_1_666' title='bbox 341 4872 470 4941; x_wconf 86' lang='lat' dir='ltr'>aspicere</span> <span class='ocrx_word' id='word_1_667' title='bbox 506 4889 565 4929; x_wconf 91' lang='lat' dir='ltr'>non</span> <span class='ocrx_word' id='word_1_668' title='bbox 600 4875 748 4930; x_wconf 89' lang='lat' dir='ltr'>auderem.</span> <span class='ocrx_word' id='word_1_669' title='bbox 766 4874 828 4930; x_wconf 86' lang='lat' dir='ltr'>Vidi</span> <span class='ocrx_word' id='word_1_670' title='bbox 849 4876 945 4935; x_wconf 88' lang='lat' dir='ltr'>tetiam</span> <span class='ocrx_word' id='word_1_671' title='bbox 1000 4877 1118 4948; x_wconf 76' lang='lat' dir='ltr'>calybei</span> <span class='ocrx_word' id='word_1_672' title='bbox 1134 4875 1238 4932; x_wconf 88' lang='lat' dir='ltr'>eoloris</span> <span class='ocrx_word' id='word_1_673' title='bbox 1253 4880 1295 4932; x_wconf 89' lang='lat' dir='ltr'>est</span> <span class='ocrx_word' id='word_1_674' title='bbox 1310 4876 1437 4946; x_wconf 75' lang='lat' dir='ltr'>praefatae</span> <span class='ocrx_word' id='word_1_675' title='bbox 1456 4871 1647 4946; x_wconf 83' lang='lat' dir='ltr'>lucidaeparti</span> <span class='ocrx_word' id='word_1_676' title='bbox 1669 4870 1744 4926; x_wconf 91' lang='lat' dir='ltr'>muri</span> <span class='ocrx_word' id='word_1_677' title='bbox 1770 4869 1849 4926; x_wconf 90' lang='lat' dir='ltr'>illins</span> 
     </span>
     <span class='ocr_line' id='line_1_53' title="bbox 94 4958 1890 5038; baseline 0 -22"><span class='ocrx_word' id='word_1_678' title='bbox 94 4966 166 5016; x_wconf 90' lang='lat' dir='ltr'>tunc</span> <span class='ocrx_word' id='word_1_679' title='bbox 187 4958 262 5016; x_wconf 85' lang='lat' dir='ltr'>iutra</span> <span class='ocrx_word' id='word_1_680' title='bbox 291 4961 464 5032; x_wconf 81' lang='lat' dir='ltr'>praedictum</span> <span class='ocrx_word' id='word_1_681' title='bbox 495 4962 758 5033; x_wconf 72' lang='lat' dir='ltr'>editiciumlvclut</span> <span class='ocrx_word' id='word_1_682' title='bbox 790 4967 945 5038; x_wconf 87' lang='lat' dir='ltr'>quamdam</span> <span class='ocrx_word' id='word_1_683' title='bbox 1000 4967 1113 5024; x_wconf 76' lang='lat' dir='ltr'>edificii</span> <span class='ocrx_word' id='word_1_684' title='bbox 1128 4965 1253 5022; x_wconf 79' lang='lat' dir='ltr'>euterius</span> <span class='ocrx_word' id='word_1_685' title='bbox 1270 4965 1411 5036; x_wconf 83' lang='lat' dir='ltr'>apposita,</span> <span class='ocrx_word' id='word_1_686' title='bbox 1433 4965 1502 5035; x_wconf 88' lang='lat' dir='ltr'>quia</span> <span class='ocrx_word' id='word_1_687' title='bbox 1525 4963 1678 5019; x_wconf 86' lang='lat' dir='ltr'>invictaac</span> <span class='ocrx_word' id='word_1_688' title='bbox 1695 4961 1845 5028; x_wconf 87' lang='lat' dir='ltr'>insupera-</span> <span class='ocrx_word' id='word_1_689' title='bbox 1885 4999 1890 5008; x_wconf 79' lang='lat'>,</span> 
     </span>
     <span class='ocr_line' id='line_1_54' title="bbox 94 5048 1848 5126; baseline 0 -22"><span class='ocrx_word' id='word_1_690' title='bbox 94 5049 253 5121; x_wconf 84' lang='lat' dir='ltr'>imaginem</span> <span class='ocrx_word' id='word_1_691' title='bbox 277 5066 373 5106; x_wconf 88' lang='lat' dir='ltr'>coram</span> <span class='ocrx_word' id='word_1_692' title='bbox 400 5051 454 5106; x_wconf 87' lang='lat' dir='ltr'>hac</span> <span class='ocrx_word' id='word_1_693' title='bbox 472 5051 574 5108; x_wconf 87' lang='lat' dir='ltr'>eadem</span> <span class='ocrx_word' id='word_1_694' title='bbox 596 5053 732 5110; x_wconf 90' lang='lat' dir='ltr'>columna</span> <span class='ocrx_word' id='word_1_695' title='bbox 750 5070 838 5126; x_wconf 90' lang='lat' dir='ltr'>super</span> <span class='ocrx_word' id='word_1_696' title='bbox 864 5055 944 5126; x_wconf 85' lang='lat' dir='ltr'>paui·</span> <span class='ocrx_word' id='word_1_697' title='bbox 1000 5057 1066 5113; x_wconf 88' lang='lat' dir='ltr'>hilis</span> <span class='ocrx_word' id='word_1_698' title='bbox 1088 5064 1130 5112; x_wconf 90' lang='lat' dir='ltr'>est</span> <span class='ocrx_word' id='word_1_699' title='bbox 1152 5054 1291 5111; x_wconf 83' lang='lat' dir='ltr'>fortitudo</span> <span class='ocrx_word' id='word_1_700' title='bbox 1317 5053 1395 5108; x_wconf 80' lang='lat' dir='ltr'>serbi</span> <span class='ocrx_word' id='word_1_701' title='bbox 1423 5053 1484 5118; x_wconf 88' lang='lat' dir='ltr'>tlei,</span> <span class='ocrx_word' id='word_1_702' title='bbox 1513 5053 1560 5108; x_wconf 91' lang='lat' dir='ltr'>cui</span> <span class='ocrx_word' id='word_1_703' title='bbox 1589 5051 1684 5108; x_wconf 86' lang='lat' dir='ltr'>nullus</span> <span class='ocrx_word' id='word_1_704' title='bbox 1717 5048 1848 5106; x_wconf 86' lang='lat' dir='ltr'>resistere</span> 
     </span>
     <span class='ocr_line' id='line_1_55' title="bbox 96 5137 1847 5214; baseline -0.001 -21"><span class='ocrx_word' id='word_1_705' title='bbox 96 5143 226 5194; x_wconf 85' lang='lat' dir='ltr'>arentum</span> <span class='ocrx_word' id='word_1_706' title='bbox 247 5137 448 5196; x_wconf 78' lang='lat' dir='ltr'>illiusaedilicii</span> <span class='ocrx_word' id='word_1_707' title='bbox 460 5144 595 5210; x_wconf 87' lang='lat' dir='ltr'>stentem,</span> <span class='ocrx_word' id='word_1_708' title='bbox 616 5145 645 5196; x_wconf 89' lang='lat' dir='ltr'>ct</span> <span class='ocrx_word' id='word_1_709' title='bbox 667 5142 822 5214; x_wconf 88' lang='lat' dir='ltr'>aliquando</span> <span class='ocrx_word' id='word_1_710' title='bbox 851 5141 943 5214; x_wconf 88' lang='lat' dir='ltr'>ipsam</span> <span class='ocrx_word' id='word_1_711' title='bbox 999 5144 1074 5198; x_wconf 76' lang='lat' dir='ltr'>salet</span> <span class='ocrx_word' id='word_1_712' title='bbox 1085 5159 1137 5213; x_wconf 89' lang='lat' dir='ltr'>per</span> <span class='ocrx_word' id='word_1_713' title='bbox 1155 5141 1271 5198; x_wconf 87' lang='lat' dir='ltr'>inanem</span> <span class='ocrx_word' id='word_1_714' title='bbox 1291 5140 1480 5198; x_wconf 86' lang='lat' dir='ltr'>rebellionem</span> <span class='ocrx_word' id='word_1_715' title='bbox 1499 5145 1549 5194; x_wconf 92' lang='lat' dir='ltr'>aut</span> <span class='ocrx_word' id='word_1_716' title='bbox 1563 5155 1614 5211; x_wconf 89' lang='lat' dir='ltr'>per</span> <span class='ocrx_word' id='word_1_717' title='bbox 1633 5138 1720 5195; x_wconf 87' lang='lat' dir='ltr'>vilem</span> <span class='ocrx_word' id='word_1_718' title='bbox 1743 5153 1847 5209; x_wconf 88' lang='lat' dir='ltr'>auper-</span> 
     </span>
     <span class='ocr_line' id='line_1_56' title="bbox 93 5227 1845 5303; baseline 0 -21"><span class='ocrx_word' id='word_1_719' title='bbox 93 5228 272 5296; x_wconf 89' lang='lat' dir='ltr'>columnam,</span> <span class='ocrx_word' id='word_1_720' title='bbox 302 5228 457 5300; x_wconf 87' lang='lat' dir='ltr'>aliquando</span> <span class='ocrx_word' id='word_1_721' title='bbox 481 5227 568 5284; x_wconf 86' lang='lat' dir='ltr'>etiam</span> <span class='ocrx_word' id='word_1_722' title='bbox 592 5229 725 5286; x_wconf 88' lang='lat' dir='ltr'>homines</span> <span class='ocrx_word' id='word_1_723' title='bbox 748 5231 815 5286; x_wconf 92' lang='lat' dir='ltr'>illos</span> <span class='ocrx_word' id='word_1_724' title='bbox 840 5231 942 5303; x_wconf 88' lang='lat' dir='ltr'>quiin</span> <span class='ocrx_word' id='word_1_725' title='bbox 996 5231 1085 5298; x_wconf 90' lang='lat' dir='ltr'>biam,</span> <span class='ocrx_word' id='word_1_726' title='bbox 1102 5231 1141 5286; x_wconf 87' lang='lat' dir='ltr'>ita</span> <span class='ocrx_word' id='word_1_727' title='bbox 1160 5231 1237 5302; x_wconf 90' lang='lat' dir='ltr'>qnod</span> <span class='ocrx_word' id='word_1_728' title='bbox 1258 5231 1345 5286; x_wconf 89' lang='lat' dir='ltr'>etiam</span> <span class='ocrx_word' id='word_1_729' title='bbox 1363 5227 1543 5299; x_wconf 77' lang='lat' dir='ltr'>speculative</span> <span class='ocrx_word' id='word_1_730' title='bbox 1563 5227 1688 5285; x_wconf 78' lang='lat' dir='ltr'>scientim</span> <span class='ocrx_word' id='word_1_731' title='bbox 1711 5242 1764 5299; x_wconf 86' lang='lat' dir='ltr'>per</span> <span class='ocrx_word' id='word_1_732' title='bbox 1782 5241 1845 5284; x_wconf 89' lang='lat' dir='ltr'>mu·</span> 
     </span>
     <span class='ocr_line' id='line_1_57' title="bbox 93 5315 1846 5390; baseline -0.001 -19"><span class='ocrx_word' id='word_1_733' title='bbox 93 5317 158 5388; x_wconf 72' lang='lat' dir='ltr'>ipso</span> <span class='ocrx_word' id='word_1_734' title='bbox 171 5316 293 5371; x_wconf 88' lang='lat' dir='ltr'>aedificio</span> <span class='ocrx_word' id='word_1_735' title='bbox 311 5316 509 5374; x_wconf 87' lang='lat' dir='ltr'>discurrebant</span> <span class='ocrx_word' id='word_1_736' title='bbox 530 5318 748 5390; x_wconf 68' lang='lat' dir='ltr'>inspicientem</span> <span class='ocrx_word' id='word_1_737' title='bbox 777 5320 828 5376; x_wconf 86' lang='lat' dir='ltr'>illa</span> <span class='ocrx_word' id='word_1_738' title='bbox 846 5325 942 5376; x_wconf 90' lang='lat' dir='ltr'>autem</span> <span class='ocrx_word' id='word_1_739' title='bbox 998 5319 1122 5375; x_wconf 82' lang='lat' dir='ltr'>sitiones</span> <span class='ocrx_word' id='word_1_740' title='bbox 1138 5325 1167 5376; x_wconf 87' lang='lat' dir='ltr'>ct</span> <span class='ocrx_word' id='word_1_741' title='bbox 1190 5319 1317 5374; x_wconf 88' lang='lat' dir='ltr'>actiones</span> <span class='ocrx_word' id='word_1_742' title='bbox 1340 5315 1471 5390; x_wconf 81' lang='lat' dir='ltr'>justitie,</span> <span class='ocrx_word' id='word_1_743' title='bbox 1497 5315 1591 5370; x_wconf 88' lang='lat' dir='ltr'>idest</span> <span class='ocrx_word' id='word_1_744' title='bbox 1616 5315 1729 5387; x_wconf 88' lang='lat' dir='ltr'>antiqui</span> <span class='ocrx_word' id='word_1_745' title='bbox 1751 5321 1846 5389; x_wconf 82' lang='lat' dir='ltr'>patres</span> 
     </span>
     <span class='ocr_line' id='line_1_58' title="bbox 94 5391 1842 5484; baseline -0.001 -24"><span class='ocrx_word' id='word_1_746' title='bbox 94 5407 193 5478; x_wconf 90' lang='lat' dir='ltr'>imago</span> <span class='ocrx_word' id='word_1_747' title='bbox 208 5404 283 5461; x_wconf 87' lang='lat' dir='ltr'>tanti</span> <span class='ocrx_word' id='word_1_748' title='bbox 293 5391 424 5479; x_wconf 76' lang='lat' dir='ltr'>¹fulgoris</span> <span class='ocrx_word' id='word_1_749' title='bbox 442 5407 613 5478; x_wconf 71' lang='lat' dir='ltr'>edolnritatis</span> <span class='ocrx_word' id='word_1_750' title='bbox 628 5414 700 5478; x_wconf 87' lang='lat' dir='ltr'>erat,</span> <span class='ocrx_word' id='word_1_751' title='bbox 721 5415 753 5466; x_wconf 90' lang='lat' dir='ltr'>ut</span> <span class='ocrx_word' id='word_1_752' title='bbox 768 5426 830 5484; x_wconf 80' lang='lat' dir='ltr'>pre</span> <span class='ocrx_word' id='word_1_753' title='bbox 851 5409 942 5466; x_wconf 90' lang='lat' dir='ltr'>nimio</span> <span class='ocrx_word' id='word_1_754' title='bbox 997 5407 1081 5481; x_wconf 89' lang='lat' dir='ltr'>quasi</span> <span class='ocrx_word' id='word_1_755' title='bbox 1096 5407 1221 5464; x_wconf 84' lang='lat' dir='ltr'>exterius</span> <span class='ocrx_word' id='word_1_756' title='bbox 1234 5406 1381 5478; x_wconf 86' lang='lat' dir='ltr'>conjuncti</span> <span class='ocrx_word' id='word_1_757' title='bbox 1395 5409 1477 5461; x_wconf 85' lang='lat' dir='ltr'>erant</span> <span class='ocrx_word' id='word_1_758' title='bbox 1496 5403 1645 5460; x_wconf 88' lang='lat' dir='ltr'>:noudum</span> <span class='ocrx_word' id='word_1_759' title='bbox 1657 5403 1737 5460; x_wconf 85' lang='lat' dir='ltr'>intixi</span> <span class='ocrx_word' id='word_1_760' title='bbox 1752 5403 1842 5476; x_wconf 88' lang='lat' dir='ltr'>ignito</span> 
     </span>
     <span class='ocr_line' id='line_1_59' title="bbox 93 5492 1844 5571; baseline 0.001 -21"><span class='ocrx_word' id='word_1_761' title='bbox 93 5496 250 5568; x_wconf 81' lang='lat' dir='ltr'>splendore</span> <span class='ocrx_word' id='word_1_762' title='bbox 265 5495 315 5568; x_wconf 88' lang='lat' dir='ltr'>qui</span> <span class='ocrx_word' id='word_1_763' title='bbox 329 5495 359 5552; x_wconf 91' lang='lat' dir='ltr'>in</span> <span class='ocrx_word' id='word_1_764' title='bbox 372 5496 434 5568; x_wconf 90' lang='lat' dir='ltr'>ipsa</span> <span class='ocrx_word' id='word_1_765' title='bbox 458 5496 580 5564; x_wconf 86' lang='lat' dir='ltr'>lucebat,</span> <span class='ocrx_word' id='word_1_766' title='bbox 596 5499 760 5555; x_wconf 83' lang='lat' dir='ltr'>neciaciam</span> <span class='ocrx_word' id='word_1_767' title='bbox 787 5499 861 5571; x_wconf 88' lang='lat' dir='ltr'>ejus,</span> <span class='ocrx_word' id='word_1_768' title='bbox 889 5515 943 5554; x_wconf 93' lang='lat' dir='ltr'>nec</span> <span class='ocrx_word' id='word_1_769' title='bbox 996 5505 1025 5554; x_wconf 90' lang='lat' dir='ltr'>et</span> <span class='ocrx_word' id='word_1_770' title='bbox 1039 5497 1164 5570; x_wconf 85' lang='lat' dir='ltr'>perlecto</span> <span class='ocrx_word' id='word_1_771' title='bbox 1177 5498 1256 5570; x_wconf 90' lang='lat' dir='ltr'>operi</span> <span class='ocrx_word' id='word_1_772' title='bbox 1271 5513 1301 5552; x_wconf 88' lang='lat' dir='ltr'>se</span> <span class='ocrx_word' id='word_1_773' title='bbox 1312 5497 1342 5551; x_wconf 91' lang='lat' dir='ltr'>in</span> <span class='ocrx_word' id='word_1_774' title='bbox 1370 5495 1438 5550; x_wconf 79' lang='lat' dir='ltr'>l&#39;ilio</span> <span class='ocrx_word' id='word_1_775' title='bbox 1455 5495 1506 5552; x_wconf 78' lang='lat' dir='ltr'>Uei</span> <span class='ocrx_word' id='word_1_776' title='bbox 1535 5492 1669 5565; x_wconf 80' lang='lat' dir='ltr'>erigenti,</span> <span class='ocrx_word' id='word_1_777' title='bbox 1686 5495 1763 5564; x_wconf 88' lang='lat' dir='ltr'>quod</span> <span class='ocrx_word' id='word_1_778' title='bbox 1789 5494 1844 5566; x_wconf 88' lang='lat' dir='ltr'>ipsi</span> 
     </span>
    </p>
   </div>
   <div class='ocr_carea' id='block_1_7' title="bbox 0 0 2002 6034">
    <p class='ocr_par' dir='ltr' id='par_1_8' title="bbox 0 0 2002 6034">
     <span class='ocr_line' id='line_1_60' title="bbox 0 0 2002 6034; baseline 0 0"><span class='ocrx_word' id='word_1_779' title='bbox 0 0 2002 6034; x_wconf 95' lang='lat' dir='ltr'> </span> 
     </span>
    </p>
   </div>
  </div>
 </body>
</html>
