3984 6034
94 224 161 278 tant
621 224 775 283 utilsltn.
792 254 825 267 -
846 226 911 283 tte.
931 226 1004 295 vlit,
1026 226 1072 287 DE
1092 226 1305 285 flamininus.
1771 236 1837 289 13³8

92 353 260 427 peripsam
287 352 409 411 cuidem
436 359 543 412 terrem
560 355 640 413 velut
664 354 790 415 lixiviam
815 357 937 414 transire
954 356 1088 431 linquo
1100 358 1207 431 jacent,
1229 363 1259 414 et
1276 358 1338 415 hac
1360 359 1392 417 in
1415 358 1525 417 lineum
1546 376 1676 433 pannum
1699 361 1780 435 liget,
1809 368 1839 419 et

93 444 249 514 permittat,
264 443 373 500 etinde
400 444 544 501 hircinum
571 462 684 518 sepum,
712 447 857 503 modicum
872 450 937 521 plus
990 452 1099 517 postea,
1126 463 1192 502 cunr
1216 451 1365 518 gravatum
1389 463 1418 503 se
1443 448 1474 503 in
1503 454 1599 504 mente
1626 465 1678 504 sua
1693 451 1836 518 senserit,

93 532 129 587 de
139 535 238 587 arcina
249 533 353 589 veteris
378 533 467 604 porci,
492 540 521 589 et
553 536 613 590 brac
627 536 713 591 simul
742 537 936 606 commisceat,
990 536 1086 606 ipsum
1100 551 1227 607 panum
1241 534 1271 591 ia
1287 552 1345 608 quo
1367 536 1476 591 eaedem
1498 535 1624 593 formica
1647 542 1715 593 sunt
1733 538 1836 605 sulvat,

94 619 164 675 etin
182 620 349 692 praedictam
364 638 470 694 equam
492 622 595 678 lixiviae
610 631 708 695 ponat,
733 641 765 680 ac
785 633 938 698 postquam
991 626 1020 677 et
1034 637 1181 691 eaesuper
1202 636 1252 675 cor
1271 637 1355 676 suum
1378 622 1489 677 tamdiu
1504 628 1696 695 penatesque
1718 624 1838 680 dumab

93 710 123 763 in
135 709 418 780 illoconglutiuatur,
430 712 467 766 ab
485 711 584 766 eadem
600 728 675 784 eque
689 714 817 782 auferat3
833 714 937 769 deiude
992 708 1032 764 eis
1051 709 1187 764 sudorem
1214 710 1317 781 capiat,
1340 716 1369 765 et
1396 726 1513 765 suavem
1528 712 1797 780 ruentemhabebit,
1808 716 1838 768 et

93 795 160 852 huic
184 813 252 869 sepo
277 797 361 852 addat
385 798 421 854 de
445 799 562 868 pulvere
593 801 797 872 habichswamp
827 802 938 871 [baber-
990 798 1073 852 laetus
1089 796 1153 866 erit,
1182 803 1269 869 atque
1292 797 1400 853 bonum
1424 798 1602 854 intellectum
1623 799 1653 854 io
1676 798 1837 856 caaslsillis

93 898 174 938 suam
189 884 240 955 ert]
255 884 295 939 sic
307 889 336 939 et
349 887 384 941 de
399 886 517 957 pulvere
538 894 621 944 meter
635 889 732 943 minus
746 906 832 961 quam
844 889 938 958 viola,
990 886 1095 957 cupiet,
1106 886 1137 940 in
1153 885 1257 956 qulbus
1271 891 1340 941 tuuc
1353 892 1507 958 occupatus
1522 892 1572 941 eet.

93 972 175 1026 etsic
194 979 374 1044 unguentum
403 976 479 1046 facit,
501 980 530 1031 et
552 993 582 1031 se
610 976 642 1031 in
671 978 735 1033 loco
760 979 846 1049 leprae
872 994 938 1033 cum
1182 976 1247 1030 Car.
1268 976 1357 1031 llllV.
1377 1004 1411 1017 -
1431 976 1471 1029 lle
1490 976 1578 1030 llrmu
1598 976 1648 1045 (t).

92 1060 194 1115 eodem
209 1068 358 1132 unguento
373 1079 425 1134 per
453 1080 554 1121 novem
569 1081 683 1121 menses
706 1066 751 1121 rel
774 1067 938 1138 perplures
1027 1065 1116 1121 Hetim
1137 1064 1246 1120 calidus
1272 1069 1316 1119 est
1339 1070 1367 1119 ct
1393 1078 1506 1133 magnae
1534 1062 1723 1129 fortitudinis,
1752 1068 1837 1135 atque

89 1149 172 1218 juxta
186 1151 428 1223 igneminungat,
445 1158 473 1207 et
498 1153 647 1209 sanabitur
669 1154 710 1210 ita
737 1155 761 1210 si
779 1156 842 1227 ipsu
858 1156 939 1228 lepra
990 1153 1084 1208 audax
1109 1158 1169 1218 cst;
1199 1158 1228 1207 et
1254 1168 1320 1207 caro
1341 1151 1404 1223 ejus
1423 1166 1483 1223 pree
1506 1150 1673 1205 fortitudine
1699 1166 1751 1205 sua
1774 1150 1837 1207 cibo

92 1252 169 1292 mors
185 1238 262 1294 illius
276 1254 336 1294 non
351 1246 404 1307 est,
426 1246 476 1296 aut
489 1242 564 1298 Deus
583 1258 648 1298 cum
665 1244 758 1299 curari
781 1260 839 1299 non
864 1246 936 1300 vult.
990 1240 1117 1297 hominis
1132 1240 1243 1296 lunulis
1257 1244 1309 1295 est.
1329 1240 1414 1296 Jecur
1435 1238 1498 1309 eJ'us
1512 1238 1715 1308 pulverizetur,
1730 1241 1759 1293 et
1772 1238 1838 1294 huic

92 1326 205 1382 Etcum
229 1327 285 1381 hoc
314 1335 463 1399 unguento
478 1330 640 1401 inungitur,
667 1339 766 1388 caveat
787 1348 824 1387 ne
843 1334 937 1387 alieno
991 1329 1103 1401 pulveri
1117 1327 1216 1383 arvina
1237 1327 1308 1393 ursi,
1324 1329 1367 1381 vel
1388 1327 1523 1397 butyrum
1552 1326 1838 1381 vaccarumcommi·

91 1414 201 1470 lionrini
217 1422 267 1470 aut
281 1416 367 1470 alicui
382 1433 467 1489 porco
490 1419 713 1490 appropinquet,
735 1436 771 1475 ne
793 1419 874 1475 fortis
890 1437 937 1475 ra·
990 1423 1114 1485 senatur,
1129 1423 1158 1471 et
1170 1416 1218 1471 ille
1232 1416 1283 1487 qui
1297 1415 1451 1471 freneticus
1467 1419 1519 1481 ast,
1535 1415 1579 1469 uel
1606 1428 1693 1486 quem
1707 1414 1838 1485 paralisis

92 1517 146 1572 por
161 1502 260 1573 lepra,
274 1504 325 1574 qui
341 1505 377 1559 de
406 1522 440 1559 eo
455 1508 613 1576 egreditur,
639 1507 704 1563 illos
727 1508 845 1577 inliciat,
868 1510 938 1581 quia
989 1506 1021 1561 iu
1036 1505 1128 1578 capite
1140 1504 1226 1574 ladit,
1242 1520 1308 1561 cum
1319 1519 1353 1559 eo
1366 1504 1471 1575 sapius
1495 1503 1664 1573 inungatur,
1692 1507 1722 1557 et
1736 1502 1838 1557 melius

93 1596 160 1644 tunc
173 1591 295 1647 faciliter
309 1593 419 1663 lepram
435 1595 470 1649 de
484 1595 549 1666 ipso
572 1603 816 1668 consequerentur
833 1596 883 1669 (l).
990 1594 1117 1649 habehit.

128 1680 219 1735 aomo
239 1685 335 1736 autem
355 1680 405 1753 qui
425 1683 543 1754 glandes
567 1690 598 1740 et
617 1687 729 1754 orfimas
754 1685 851 1753 hebet,
884 1704 938 1743 ora
956 1705 977 1759 Β
1169 1682 1234 1737 use.
1253 1680 1329 1736 XLV.
1349 1709 1385 1721 -
1403 1680 1445 1736 Da
1465 1681 1597 1736 [laonens
1616 1678 1662 1750 (3).

91 1763 277 1819 formicarum
292 1781 379 1837 super
391 1766 481 1822 viride
495 1768 598 1823 folium
612 1784 737 1840 quercus
750 1771 935 1843 lioeetatque
1026 1769 1164 1825 aromata
1178 1770 1313 1825 ardorem
1328 1767 1414 1840 iguis,
1431 1772 1461 1823 et
1475 1771 1737 1840 temperamentum
1756 1781 1838 1839 aquae

91 1858 198 1908 stercus
207 1854 410 1924 gallinarmam
422 1871 509 1926 super
517 1856 612 1929 ipsum
622 1858 766 1914 iolinmsd
774 1859 873 1913 eadem
881 1875 936 1915 ora
989 1857 1020 1914 in
1033 1874 1062 1913 se
1077 1859 1174 1925 babet,
1190 1863 1220 1912 et
1237 1856 1437 1938 fortitudinem
1464 1856 1574 1926 leonis,
1600 1861 1630 1912 et
1658 1854 1838 1911 velocitatem

90 1940 189 2007 lineet,
204 1948 234 1995 et
247 1942 288 1997 sio
309 1943 433 1999 calidum
454 1960 542 2017 super
560 1946 679 2016 glandes
694 1952 744 2001 aut
757 1962 844 2019 super
863 1963 936 2018 prce·
989 1947 1101 2001 volatus
1115 1946 1234 2002 fortium
1250 1950 1279 2000 et
1303 1961 1475 2016 magnorum
1501 1946 1649 2000 volucrum
1678 1941 1790 1999 retinet.
1807 1943 1839 1998 Et

91 2029 163 2083 fatas
182 2030 321 2084 scrofulae
339 2031 441 2085 orllma
465 2048 542 2105 sepe
568 2039 669 2104 ponat,
698 2040 727 2089 et
755 2039 933 2090 evanescent.
990 2034 1015 2088 si
1033 2035 1132 2101 homo,
1155 2039 1205 2088 aut
1226 2033 1303 2088 aliud
1320 2033 1425 2088 animal
1445 2033 1481 2088 de
1503 2031 1639 2090 carnibus
1660 2032 1723 2104 ejas
1746 2046 1839 2086 come-

11 2159 12 2188 ,
89 2116 144 2171 Sed
160 2119 189 2171 et
202 2116 226 2171 si
240 2118 306 2188 quis
320 2118 407 2174 laonio
422 2118 513 2175 iratus
542 2126 585 2175 est
605 2126 656 2175 aut
674 2136 827 2194 oppressus
848 2127 892 2177 est
905 2122 936 2177 iu
990 2121 1080 2189 deret,
1105 2121 1242 2177 fortitudo
1256 2120 1343 2192 ignis,
1368 2124 1396 2175 et
1422 2120 1562 2176 fortitudo
1591 2118 1839 2191 celeritatisque

11 2197 12 2286 ζ
90 2209 186 2258 mente
203 2211 253 2259 aut
264 2204 365 2274 tristis,
383 2207 503 2276 juvenes
517 2205 660 2277 formicas,
687 2226 752 2264 cam
768 2210 860 2264 adhuc
883 2226 937 2266 ora
990 2210 1020 2265 in
1034 2226 1068 2265 eo
1090 2217 1143 2276 est,
1157 2223 1257 2264 omnes
1279 2208 1352 2263 viras
1373 2208 1551 2263 comedentis
1578 2207 1750 2263 destrueret.
1783 2206 1838 2262 Sed

11 2335 12 2362 ἶ
88 2291 158 2364 ipsis
173 2294 349 2361 adboereent,
365 2295 562 2366 accipiatcum
577 2296 690 2352 modico
711 2298 794 2353 boote
809 2298 935 2371 [bethel]
990 2298 1308 2370 siquisdepelle,aut
1334 2296 1500 2367 deungulis
1527 2296 1636 2368 pedum
1663 2293 1839 2366 eJ'uslrabet,

11 2437 12 2446 ,
89 2378 166 2453 [corn
180 2380 250 2452 ipsis
263 2381 370 2437 nidulis
385 2382 444 2456 ed]
467 2398 579 2453 earum,
605 2384 633 2439 id
658 2389 701 2440 est
727 2400 793 2439 cnm
811 2386 934 2454 bucello,
990 2386 1103 2456 magica
1121 2392 1150 2440 et
1164 2385 1335 2440 fantasmata
1344 2400 1412 2440 eum
1429 2385 1555 2457 fugiunt.

633 2508 794 2567 narnien
814 2509 945 2569 sunrus
964 2508 1154 2581 (sarnum)
1174 2508 1290 2565 uranu.

285 2806 555 2917 ineram
599 2810 815 2920 annun
860 2812 1212 2923 aurnuns
1258 2787 1644 2931 (aurnuns).

694 3170 1239 3287 PRAEFATIO‘t

132 3519 208 3573 Deus
235 3518 272 3572 ah
296 3517 380 3572 initio
408 3532 523 3574 omnem
553 3523 714 3574 creaturam
730 3518 834 3575 bonam
862 3534 945 3574 crea-
964 3521 1131 3577 Cveneuosi
1153 3538 1185 3575 ao
1220 3520 1360 3576 mortiferi
1384 3536 1495 3575 vermes
1528 3537 1562 3575 ex
1591 3525 1666 3576 terra
1702 3519 1842 3575 nascendo

93 3606 136 3661 rit
151 3608 198 3678 (5).
216 3607 270 3662 Sed
285 3611 438 3679 postquam
467 3605 600 3661 diabolus
627 3606 774 3663 hominem
801 3624 854 3678 per
879 3622 941 3662 ser·
995 3608 1163 3663 multotiens
1196 3607 1380 3675 ebullierunt,
1419 3613 1559 3679 quatenns
1585 3624 1684 3663 carnes
1715 3606 1841 3662 hominis

94 3703 211 3766 pentem
227 3695 349 3766 decepit,
375 3695 415 3750 ita
440 3695 518 3767 quod
544 3695 593 3750 ille
617 3696 652 3750 de
680 3696 812 3768 paradiso
835 3696 943 3765 ejectus
995 3696 1032 3751 ab
1047 3695 1088 3751 eis
1113 3696 1287 3769 punirentur
1313 3696 1380 3769 quia
1407 3695 1494 3751 homo
1518 3710 1633 3751 carnem
1649 3694 1840 3750 homiuisne·

96 3788 148 3851 est,
164 3789 303 3838 creaturae
318 3783 562 3855 quemadmodum
591 3790 720 3856 spectant
746 3784 874 3840 utrinam
895 3800 942 3839 ro·
995 3790 1116 3842 caverat.
1148 3786 1182 3840 Et
1212 3802 1276 3840 cnm
1305 3790 1405 3857 postea
1430 3784 1526 3840 divina
1556 3784 1665 3840 ultione
1697 3782 1726 3838 in
1764 3783 1840 3839 dilu-

97 3871 249 3941 luntatem,
267 3873 301 3927 od
315 3872 454 3927 ultionem
471 3887 537 3927 cum
550 3872 668 3928 homine
691 3872 721 3927 in
737 3874 863 3929 deterius
876 3888 940 3928 mu·
996 3873 1042 3929 rio
1056 3873 1094 3946 (7)
1118 3889 1258 3946 aquarum
1287 3873 1420 3929 homines
1435 3873 1532 3930 delati
1554 3878 1630 3942 sunt,
1659 3879 1726 3928 tunc
1754 3874 1841 3929 etiam

34 3994 44 4011 .
96 3964 254 4015 istasunt.
270 3960 352 4015 Unde
367 3959 671 4031 etgranacrndelium
690 3968 941 4017 etvenenosornm
996 3962 1218 4028 iidemrermes,
1235 3964 1331 4030 quiin
1349 3978 1424 4036 aqua
1453 3962 1546 4018 rivere
1569 3978 1627 4018 aon
1653 3966 1795 4035 poterant,
1811 3962 1842 4016 in

97 4048 237 4103 vermium
267 4048 302 4103 ad
331 4048 470 4103 ultionem
506 4048 581 4104 hanc
616 4048 834 4105 insurrexerunt
860 4054 891 4106 ut
914 4054 943 4104 et
996 4066 1071 4122 aqua
1086 4051 1215 4106 suffocati
1228 4057 1310 4119 sunt;
1326 4050 1375 4106 sed
1388 4066 1454 4105 cum
1477 4050 1613 4106 cadauera
1636 4065 1737 4104 eorum
1752 4048 1842 4104 iuun-

95 4153 195 4208 poenas
209 4135 365 4192 infernales
386 4152 447 4193 esse
464 4138 611 4195 mortifera
638 4138 806 4193 orrrdelilate
822 4154 874 4193 sua
894 4153 941 4192 os·
996 4139 1111 4194 datione
1139 4155 1280 4211 aquarum
1306 4154 1358 4210 per
1378 4142 1467 4194 totam
1481 4144 1587 4194 terram
1609 4137 1737 4209 dispersa
1763 4142 1841 4204 sunt,

96 4225 256 4292 tenderent,
272 4240 306 4281 ac
331 4232 363 4280 nt
387 4226 500 4282 homini
528 4228 661 4282 timorem
677 4227 846 4282 infernalem
861 4226 942 4281 incu·
996 4233 1026 4283 et
1045 4228 1158 4295 deiude,
1179 4244 1245 4283 cum
1269 4227 1411 4285 diluvium
1431 4230 1567 4282 cessasset
1591 4227 1630 4299 (8)
1654 4231 1683 4282 el
1705 4226 1842 4282 cadavera

96 4314 199 4368 uentos
213 4329 279 4368 euni
292 4313 388 4370 divina
402 4315 591 4385 permissione
604 4332 715 4371 veneno
726 4332 779 4371 suo
796 4320 941 4383 necarent,
996 4317 1162 4373 eorumdem
1179 4316 1320 4372 vermium
1344 4332 1454 4372 reneuo
1480 4318 1565 4389 plena
1590 4316 1840 4387 computruissent,

96 4418 162 4457 curn
178 4408 245 4457 aute
274 4416 371 4457 casum
394 4403 520 4458 bominis
535 4403 607 4459 nibil
621 4403 801 4459 mortiferum
816 4404 866 4457 sad
881 4419 943 4457 sac·
997 4422 1031 4460 ex
1047 4406 1108 4477 ipsa
1120 4406 1272 4478 putredine
1287 4406 1337 4460 alii
1351 4420 1462 4460 vermes
1476 4405 1606 4475 ejusdem
1622 4404 1735 4474 generis
1751 4404 1843 4458 exorti

96 4507 161 4545 cum
189 4490 387 4546 delectabilem
417 4490 448 4546 in
486 4508 516 4546 se
540 4492 717 4547 habuissent.
747 4492 800 4547 Sed
825 4498 854 4546 et
876 4508 942 4545 cnm
998 4498 1074 4560 sunt,
1101 4497 1129 4547 at
1152 4492 1193 4547 ita
1217 4508 1270 4563 per
1294 4497 1382 4547 totam
1410 4497 1516 4546 terram
1557 4491 1735 4546 disseminati
1762 4494 1840 4546 sunt.

95 4587 173 4634 terra
187 4578 218 4634 in
238 4579 377 4635 effusione
404 4579 635 4651 sanguinisnbal
660 4581 696 4652 (6)
729 4585 864 4652 corrupta
888 4585 941 4649 est,
996 4582 1119 4647 Quidam
1134 4588 1230 4636 autem
1252 4596 1362 4636 vermes
1386 4579 1503 4636 venenis
1527 4580 1586 4635 suis
1610 4584 1639 4634 et
1661 4578 1795 4635 homines
1813 4585 1842 4635 et

95 4684 161 4723 mox
175 4684 266 4723 novus
285 4669 371 4739 ignis,
387 4684 438 4739 per
459 4684 545 4740 quem
569 4668 756 4725 homicidium
780 4669 942 4741 puniretur,
996 4670 1133 4725 animalia
1158 4674 1271 4737 necant,
1291 4669 1410 4741 quidam
1438 4674 1534 4724 antem
1558 4674 1671 4724 tantum
1697 4668 1841 4736 homines,

94 4756 252 4812 ininferna
268 4756 385 4826 exarsit,
408 4764 437 4812 et
456 4773 522 4813 mox
546 4758 632 4813 ctiam
657 4774 710 4829 per
731 4756 859 4813 diuinam
891 4775 941 4813 ro·
960 4759 1065 4849 nquia
1088 4776 1209 4819 vermes,
1238 4758 1288 4831 qni
1307 4759 1336 4813 iu
1352 4764 1454 4813 natura
1476 4774 1527 4813 sua
1563 4757 1711 4813 diabolicis
1734 4757 1842 4813 artibus

94 4848 233 4902 lanimem
257 4846 391 4918 quaedam
414 4845 529 4915 nebula,
559 4862 594 4902 er
617 4846 743 4911 ,inferno
765 4847 939 4914 ebulliendo,
995 4848 1175 4920 aliquantum
1193 4848 1396 4916 assimilantur,
1413 4852 1471 4901 tani
1485 4846 1842 4919 cateraanimaliaquem

94 4940 300 5006 superterram
325 4950 356 4989 se
372 4935 500 4990 extendit
523 4941 553 4990 et
580 4936 706 5007 quodam
733 4937 859 5008 pessimo
884 4936 942 4991 lm-
994 4936 1126 4991 homines
1163 4935 1281 4991 rennuis
1312 4936 1372 4990 suis
1407 4934 1554 5001 occidunt3
1587 4934 1628 4989 illi
1655 4938 1763 4999 autem,
1789 4933 1841 5005 qui

94 5036 175 5075 more
196 5024 302 5078 terram
322 5022 437 5092 infudit,
459 5022 501 5078 ita
527 5025 605 5096 quod
631 5024 748 5096 qnidam
774 5023 890 5097 pessimi
913 5031 942 5082 et
995 5025 1151 5081 diabolicas
1173 5029 1248 5080 artes
1275 5040 1334 5081 uon
1366 5023 1527 5091 imitantur,
1567 5022 1607 5078 ita
1647 5021 1726 5095 quod
1753 5020 1842 5078 ctiam

131 5160 168 5235 (Ι)
198 5162 321 5219 bit-cnm
356 5164 405 5220 boc
430 5171 938 5235 aequente-consequerentnrom.
1031 5170 1058 5239 (l
1089 5169 1278 5226 ltsestined.

131 5275 233 5376 (aliid.
262 5306 370 5374 lV,n1,
398 5308 424 5361 a.
451 5308 535 5362 lleest
561 5306 592 5364 in
620 5308 682 5364 cod.
711 5323 778 5376 ms,
807 5314 839 5364 ut
859 5310 937 5381 qnod
1028 5244 1069 5380 ἐξ)
1087 5243 1259 5375 wlff

92 5393 123 5431 se
145 5376 224 5431 uitur
233 5392 296 5446 cap.
313 5376 354 5429 ue
368 5377 514 5433 dromeda.
1028 5385 1068 5453 (7)
1086 5385 1153 5438 Lac.
1164 5398 1233 5448 xvir,
1247 5384 1291 5435 il.

124 5392 167 5518 (ὅ)
182 5446 233 5503 Ed.
249 5448 293 5502 lv.
310 5450 379 5513 nati
393 5446 444 5503 bis.
1026 5452 1066 5523 (8)
1086 5452 1178 5520 Orid,
1195 5455 1304 5511 ltetam.
1316 5468 1336 5522 ι,
1350 5452 1412 5508 lla.

95 5234 129 5290 ed
