3984 6034
70 252 150 308 luta
382 249 485 305 LIBER
504 246 661 307 nlvtuou.
682 248 785 305 OPER.
806 246 983 305 sluulluls
1003 247 1196 307 nonnula·
1208 248 1297 305 PARS
1316 247 1366 317 ΙΙΙ,
1386 246 1480 305 VISIO
1499 248 1530 305 ΙΙ.
1766 250 1833 305 1030

71 383 113 438 ad
128 382 207 439 idem
227 384 343 453 tempus
363 380 533 435 inconcussa
546 382 576 435 et
592 378 760 434 inconvulsa
777 393 930 450 permane·
946 376 1071 434 Alicanr
1094 382 1182 448 tenet,
1203 392 1280 433 nunc
1303 376 1387 434 lirma
1403 376 1558 435 stabilitate
1579 383 1676 435 teneat
1699 380 1779 436 illam
1791 382 1834 437 in·

71 470 130 527 bit.
149 471 255 527 Paulus
275 469 383 543 quippe
401 468 560 524 doctrinam
585 484 667 523 suam
685 468 783 523 multis
805 468 931 523 miracu·
984 468 1161 536 convulsam,
1176 468 1267 525 donoc
1282 468 1316 523 da
1335 467 1429 523 medic
1451 467 1499 523 illo
1513 468 1590 540 quod
1606 467 1681 523 inter
1694 473 1789 525 ortum
1804 477 1833 527 et

72 559 113 613 lis
134 564 193 613 tam
218 559 330 613 lortitor
352 556 556 624 corroborarit,
583 572 615 611 ac
637 556 716 611 illam
739 553 931 627 profundissi-
983 556 1126 612 delectum
1149 556 1194 612 sui
1217 562 1260 611 est
1285 556 1343 625 liat,
1369 558 1507 628 quoniam
1532 557 1606 613 circa
1625 562 1757 630 tempora
1779 560 1832 615 lllii

74 646 133 702 mis
155 647 251 702 verbis
269 649 328 702 tam
343 646 463 701 honesta
478 644 632 708 decorarit,
649 650 682 699 ut
696 644 783 699 otiam
799 643 931 716 usquein
984 646 1155 717 perditionis
1169 645 1239 702 fides
1254 663 1270 701 a
1284 644 1454 701 fortitudine
1469 662 1521 701 sua
1539 646 1696 710 declinans,
1710 650 1770 719 jam
1790 648 1832 703 in-

73 738 168 792 tinem
189 736 292 791 mundi
317 736 358 790 sic
379 734 527 806 perduret,
550 734 795 805 quemadmodum
814 738 842 788 et
870 733 932 788 herc
985 739 1102 791 curvata
1136 734 1341 790 debilitabitur.
1380 734 1451 789 Nam
1484 734 1533 807 qui
1560 735 1777 793 ecclesiasticam
1802 737 1833 793 in

74 825 182 881 eadem
208 830 309 880 catena
331 824 368 879 ad
391 823 479 894 pedes
499 822 628 894 ejusdem
647 821 768 892 justitiae
791 820 874 894 quasi
895 820 931 876 ad
986 825 1045 879 Deo
1070 824 1275 880 sublimitatem
1303 828 1332 879 et
1361 822 1446 879 fidem
1476 828 1583 879 rectam
1614 824 1700 881 habet
1723 826 1834 899 aliquid

73 914 168 969 tinem
188 913 292 969 mundi
316 910 490 968 descendens
512 911 700 967 demonstrat.
724 910 788 981 lpse
816 924 931 982 quoqne
985 913 1085 985 magni
1099 916 1186 979 tenet,
1203 913 1271 985 quie
1292 928 1344 984 per
1370 912 1451 967 illem
1473 912 1586 968 coeleste
1604 929 1727 985 regnum
1745 914 1833 971 intra·

73 1018 133 1073 per
146 1001 296 1057 veritatem
320 1000 350 1054 in
374 998 533 1055 elevatione
548 997 666 1071 spiritus
681 998 727 1054 sui
749 998 784 1054 de
803 998 930 1054 secundo
985 1001 1045 1071 bit;
1062 1000 1112 1074 qui
1130 1017 1198 1057 vero
1215 1001 1302 1057 tidem
1322 1016 1380 1056 non
1402 1002 1489 1057 habet
1505 1000 1577 1056 nihil
1592 1005 1679 1071 tenet,
1695 1004 1834 1076 quoniam

75 1090 206 1146 adventu
221 1089 286 1145 Filii
306 1088 367 1158 Ilei,
392 1104 425 1143 ac
442 1089 477 1144 de
491 1088 640 1144 mortifero
655 1088 775 1143 incursu
793 1086 847 1143 lilii
862 1102 932 1159 per·
986 1088 1018 1144 ln
1044 1088 1235 1161 perditionem
1256 1090 1324 1158 ibit;
1347 1094 1376 1145 at
1395 1089 1436 1145 sic
1458 1090 1545 1145 etiam
1570 1091 1656 1146 homo
1680 1091 1712 1147 in
1741 1093 1834 1149 madio

76 1178 201 1234 ditionis
215 1177 396 1234 credentibus
406 1177 518 1232 locutus
532 1182 574 1231 est
588 1176 710 1232 dicens:
985 1178 1136 1250 potestatis
1152 1178 1201 1234 liei
1226 1178 1329 1245 existit,
1353 1178 1422 1251 quia
1445 1183 1600 1249 antequam
1626 1179 1714 1235 horno
1731 1180 1835 1237 torma-

79 1299 259 1359 Tmimma
267 1301 400 1374 Epistola
412 1300 500 1357 Pauli
510 1300 549 1356 ad
564 1300 933 1371 Thessaloni-emmam
985 1269 1034 1322 tus
1054 1267 1155 1322 luisset
1170 1268 1246 1322 Deus
1265 1271 1335 1331 erat,
1358 1272 1387 1322 et
1400 1272 1553 1340 postquam
1566 1268 1654 1323 bomo
1674 1270 1836 1341 corporali-

113 1372 218 1429 ,Μαί
239 1377 267 1430 ep
294 1373 449 1429 05„me
475 1375 504 1428 ep
536 1388 624 1444 opem
648 1376 676 1427 eg
704 1371 847 1442 judicium
873 1372 934 1429 pn.
985 1360 1031 1409 ter
1044 1354 1163 1411 linietur
1177 1357 1251 1411 Dens
1266 1356 1296 1411 in
1309 1356 1414 1411 virtute
1428 1372 1480 1410 sua
1499 1356 1646 1428 perdurat.

115 1442 241 1501 &cintii
271 1441 482 1512 mummuli,
510 1446 539 1498 0²
563 1443 702 1515 dmm
728 1441 854 1515 ‘'²⁸‘le
879 1441 933 1497 αθ·
986 1462 1067 1529 Quod
1088 1461 1225 1535 antiquus
1246 1462 1346 1530 bostis,
1371 1462 1422 1535 qui
1439 1461 1565 1535 primum
1591 1464 1732 1520 bominem
1754 1465 1835 1521 redte

71 1550 80 1562 ν
116 1516 213 1573 beliab
1022 1532 1111 1588 cende
1137 1532 1249 1597 devicit,
1269 1537 1297 1589 et
1319 1549 1372 1606 per
1402 1533 1545 1589 nminem
1575 1534 1718 1592 Christum
1749 1538 1836 1592 reuir-

116 1623 205 1678 ltXlX.
232 1640 247 1674 a
270 1622 370 1694 Neque
396 1620 575 1689 terreamini,
604 1636 699 1693 neque
720 1635 774 1691 per
798 1618 931 1691 spiritum
1023 1606 1069 1685 ΙΨ
1093 1620 1145 1677 Per
1173 1604 1266 1661 “lium
1290 1604 1433 1661 Minium
1456 1604 1562 1660 ilerum
1583 1621 1614 1660 *θ
1631 1607 1741 1677 Piliam
1752 1622 1836 1679 ll⁰³⁸⁶

79 1727 177 1783 neque
209 1727 260 1783 per
289 1724 464 1777 sermonem,
488 1724 583 1781 neque
612 1724 665 1780 per
688 1708 840 1780 epistolam
868 1683 972 1763 lern-B
1022 1674 1835 1820 ”ffiffiuffss‘ffffifaenfflssfflfamma&

78 1816 170 1871 ‘luam
184 1815 237 1872 W
257 1814 309 1854 ¹¹⁰⁸
325 1798 451 1867 mi³³⁸¹¹¹r
473 1797 555 1869 quasi
568 1797 657 1852 1⁰⁵2(st
672 1796 734 1851 ὥθ’
748 1796 873 1853 [mmini-
892 1797 932 1851 Νθ
1022 1815 1085 1871 dem
1111 1814 1284 1872 catholicam
1311 1818 1339 1871 el
1371 1816 1533 1874 doctrinam
1561 1817 1666 1876 curiali
1690 1818 1835 1875 destruen-

79 1889 148 1961 qois
173 1904 223 1943 vos
245 1887 362 1942 seducat
385 1886 442 1941 ullo
466 1885 563 1952 modo,
591 1884 729 1957 quoniam
748 1884 803 1939 nisi
821 1884 933 1940 renent
1022 1886 1247 1943 damianilctur

81 1977 218 2033 discessio
235 1974 372 2048 primum,
398 1980 428 2032 et
446 1974 589 2030 revelatus
607 1972 796 2028 luerithomo
810 1972 930 2045 peccati,
1022 1974 1096 2031 XXX.
1123 1975 1265 2048 Antiquos
1281 1975 1359 2032 anim
1383 1976 1482 2046 bostis,
1514 1993 1599 2050 quem
1633 1978 1771 2035 fortitudo
1794 1979 1836 2035 di·

79 2066 160 2121 lllins
184 2063 366 2135 perditionis,
389 2063 441 2136 qui
463 2063 639 2130 adversatur,
662 2066 692 2116 et
714 2062 862 2118 extollitur
886 2078 933 2117 su·
986 2062 1113 2118 vinitatis
1132 2064 1162 2119 in
1178 2065 1271 2120 lacum
1296 2064 1390 2137 abyssi
1404 2066 1535 2138 projecit,
1551 2067 1835 2139 quemadmodumin

80 2170 135 2225 pra
156 2169 242 2209 omne
278 2153 354 2224 qnod
383 2151 488 2208 dicitur
518 2152 602 2218 Deus,
631 2156 682 2206 aut
707 2152 784 2223 quod
817 2151 931 2220 colitur,
986 2153 1169 2209 vehementes
1194 2169 1284 2225 aquas
1310 2153 1462 2226 plumbum
1487 2154 1602 2223 decidit,
1622 2154 1761 2228 quoniam
1782 2157 1835 2212 ini·

80 2242 122 2297 ita
140 2246 174 2296 ut
187 2241 217 2297 in
232 2241 342 2312 templo
365 2240 415 2295 Dei
439 2239 547 2307 sedeat,
569 2239 723 2295 ostendens
742 2254 771 2295 se
794 2243 933 2312 tanquam
986 2240 1127 2313 quitatem
1145 2242 1318 2297 constituere
1341 2242 1441 2310 voluit,
1461 2258 1526 2297 crim
1544 2244 1617 2299 Deus
1635 2244 1730 2315 justus
1742 2248 1771 2300 et
1785 2261 1835 2300 re-

81 2331 119 2385 sit
143 2331 217 2385 Deus
231 2330 289 2400 ¹tll
310 2330 406 2385 Thess.
422 2328 463 2401 n).
488 2328 579 2400 liujus
602 2327 752 2383 sententie
771 2327 933 2384 intellectus
986 2346 1037 2386 rex
1059 2331 1105 2399 sit,
1122 2336 1150 2386 et
1167 2330 1279 2386 nullum
1303 2331 1356 2386 sibi
1372 2331 1497 2387 similem
1512 2332 1626 2396 habeat,
1643 2332 1712 2405 quia
1733 2349 1785 2406 per
1804 2349 1833 2387 se

81 2420 138 2476 boc
158 2418 245 2474 modo
266 2417 450 2490 accipiendus
474 2420 537 2472 est:
567 2417 623 2472 lios
649 2416 700 2489 qui
725 2415 773 2471 [lei
798 2416 875 2485 estis,
905 2420 934 2472 ot
986 2416 1082 2489 ipsum
1107 2418 1284 2475 eternaliter
1305 2418 1462 2475 subsistens
1477 2424 1579 2475 cuncta
1596 2436 1629 2475 ex
1654 2420 1744 2477 nihilo
1758 2422 1834 2491 iecit,

81 2508 135 2581 qui
157 2508 252 2563 verbis
273 2507 336 2577 ejus
355 2506 481 2575 creditis,
502 2505 579 2560 caoti
593 2509 683 2560 estote
697 2520 734 2559 ne
754 2504 785 2560 in
800 2504 933 2560 cordibus
986 2506 1125 2578 quoniam
1144 2506 1293 2562 hominem
1307 2504 1435 2577 primum
1459 2511 1654 2578 superaverat,
1674 2525 1727 2580 per
1745 2510 1834 2567 olium

83 2595 185 2652 restris
211 2596 270 2651 ullo
293 2600 403 2652 terrore
427 2593 609 2667 quatiamini,
633 2608 728 2664 neque
748 2591 871 2665 spiritali
885 2593 934 2647 scl-
986 2594 1137 2650 homiuem
1151 2594 1258 2650 scilicet
1271 2594 1481 2651 antichristum
1496 2594 1619 2651 estimat
1630 2612 1660 2651 se
1672 2613 1757 2668 posse
1768 2615 1835 2671 per·

82 2685 152 2740 licet
171 2685 350 2757 deceptione,
378 2698 472 2756 nequa
494 2682 615 2739 verbosa
635 2682 812 2751 seductione,
839 2697 933 2754 neque
987 2683 1073 2739 licere
1088 2683 1164 2756 quod
1179 2683 1250 2740 olim
1268 2684 1435 2755 iucoeperat,
1452 2699 1518 2739 cum
1534 2684 1667 2740 adversus
1681 2687 1771 2742 Deum
1785 2704 1836 2759 pn-

82 2789 137 2846 per
171 2774 277 2845 scripta
307 2774 387 2828 velut
415 2771 452 2827 ad
477 2787 528 2828 ros
554 2770 695 2827 veraciter
724 2770 783 2826 sint
813 2770 932 2837 directa,
987 2789 1078 2845 gnare
1097 2773 1264 2829 tentaritd
1287 2772 1403 2828 diabolo
1419 2772 1526 2845 quippe
1548 2773 1739 2830 Antichristus
1759 2775 1803 2831 iul
1824 2806 1835 2817 ·

82 2862 167 2934 quasi
181 2863 256 2919 adsit
276 2861 337 2917 dies
356 2860 416 2930 illc,
441 2876 499 2932 quo
523 2859 655 2915 conditor
679 2863 848 2914 cunctorum
869 2857 933 2914 abs·
988 2878 1037 2917 sus
1051 2878 1117 2917 cum
1132 2878 1164 2917 os
1186 2876 1269 2916 sirum
1291 2861 1326 2917 ad
1349 2876 1511 2932 perversam
1536 2860 1695 2918 doctrinam
1720 2868 1752 2919 ut
1765 2881 1837 2936 prae-

84 2951 201 3008 condita
227 2950 361 3007 cordium
383 2947 551 3005 denudabit.
573 2949 675 3005 Cavete
698 2947 786 3003 etiam
809 2963 847 3002 na
869 2946 934 3019 quis
953 2950 1097 3019 edictum
1111 2954 1154 3006 est
1176 2948 1332 3022 aperuerit,
1348 2949 1446 3004 omnia
1468 2964 1533 3020 qnae
1553 2951 1627 3006 licus
1652 2951 1683 3005 in
1706 2952 1834 3025 antiquo,

82 3057 136 3112 por
151 3039 282 3096 illusoria
294 3044 323 3095 et
337 3036 516 3111 phantastica
529 3036 602 3092 iacta
616 3053 666 3092 vos
680 3036 800 3093 inclinet
812 3036 872 3092 ulle
886 3050 933 3091 oc·
989 3043 1018 3096 et
1040 3039 1071 3095 in
1094 3054 1170 3095 nora
1194 3040 1255 3111 lege
1277 3036 1465 3093 constituerat
1482 3036 1618 3107 destruet,
1638 3039 1837 3114 incestumque

82 3129 198 3185 cesione
211 3127 243 3185 in
267 3128 474 3196 seductionem,
498 3126 637 3199 quoniam
658 3125 715 3181 nisi
732 3125 845 3182 venerit
863 3128 934 3180 tem·
989 3132 1019 3184 et
1044 3128 1101 3184 alia
1125 3126 1232 3183 similia
1262 3142 1322 3182 non
1344 3141 1406 3181 esse
1436 3130 1553 3197 peccata
1574 3127 1729 3184 alirmabit.
1760 3129 1838 3185 Dicet

82 3235 138 3291 pus
159 3218 241 3285 illud,
263 3233 321 3290 quo
343 3215 533 3273 ecclesiastica
556 3215 716 3272 sublimitas
736 3214 933 3287 dissipabitur,
989 3216 1068 3271 enim
1083 3215 1151 3289 quia
1170 3218 1321 3288 peccatum
1345 3214 1465 3283 nonsit,
1483 3214 1507 3270 si
1528 3230 1594 3271 caro
1608 3232 1724 3273 carnem
1739 3217 1838 3273 catela-

83 3314 113 3363 et
134 3323 190 3380 quo
214 3322 282 3362 aera
301 3306 372 3362 fides
397 3303 622 3373 conculcabitur,
648 3304 726 3376 quod
739 3304 873 3360 discessio
891 3303 935 3359 in·
989 3304 1055 3375 ciat,
1069 3304 1142 3361 sicut
1155 3320 1208 3360 nac
1222 3304 1277 3360 hoc
1289 3304 1313 3359 si
1327 3304 1415 3360 homo
1427 3304 1464 3360 ab
1478 3304 1544 3377 igne
1559 3304 1680 3375 calefiat,
1692 3305 1838 3363 affirmans

83 3396 232 3467 telligltur,
254 3411 320 3468 quaa
341 3396 393 3450 liet
409 3394 440 3450 in
465 3398 597 3465 tempore
620 3393 751 3449 scelerati
773 3392 828 3449 lllii
852 3393 936 3465 cujus
990 3394 1078 3449 etiam
1089 3394 1163 3465 quod
1178 3392 1275 3449 omnia
1285 3391 1421 3449 castitatis
1432 3397 1574 3466 praecepta
1585 3410 1636 3465 pcr
1646 3394 1840 3467 ignorantiam

84 3490 178 3542 mater
198 3484 350 3541 immunda
372 3482 478 3551 existit,
502 3482 667 3538 nesciensa
689 3497 747 3554 quo
762 3480 934 3551 conceperit,
990 3482 1065 3538 iacta
1085 3482 1151 3547 sint,
1175 3480 1314 3555 quoniam
1338 3496 1403 3536 cnm
1429 3482 1516 3537 homo
1538 3483 1611 3539 alter
1627 3482 1745 3554 calidos,
1768 3485 1841 3540 alter

84 3580 114 3631 et
134 3575 303 3630 manifestus
323 3573 411 3629 luerit
432 3571 482 3627 ille
497 3571 548 3643 qui
561 3570 649 3626 bomo
663 3570 773 3642 peccati
787 3568 852 3637 erit,
867 3569 937 3641 quia
990 3569 1111 3641 frigidus
1137 3568 1183 3638 sil,
1206 3569 1301 3625 calore
1327 3573 1356 3624 et
1377 3569 1484 3641 trigone
1503 3574 1633 3642 oporteat
1651 3587 1699 3627 eos
1717 3572 1840 3628 invicem

84 3679 138 3735 per
152 3662 269 3718 initium
283 3676 367 3717 suom
382 3662 459 3715 totus
480 3657 603 3730 peccatis
625 3656 803 3727 infundetur,
819 3656 937 3713 undeet
990 3656 1157 3729 temperari.
1182 3658 1216 3713 Et
1228 3658 1332 3713 iterum
1354 3657 1389 3712 ad
1408 3656 1507 3712 fideles
1526 3656 1621 3714 dicet:
1641 3679 1652 3708 ι
1673 3659 1772 3714 Vestra
1795 3660 1841 3715 las

84 3752 125 3807 sic
154 3754 286 3822 peccator
317 3749 429 3817 existet,
462 3747 561 3803 omnia
590 3750 706 3819 peccata
737 3744 884 3801 recitando
908 3748 937 3800 et
990 3744 1175 3801 continentie
1204 3749 1304 3801 contra
1327 3744 1446 3800 modum
1471 3748 1581 3799 naturas
1607 3745 1762 3803 constituta
1787 3750 1839 3813 est,

85 3837 290 3908 recolligendo,
306 3854 338 3893 ac
360 3836 437 3892 lilius
450 3834 655 3892 crudelissime
679 3832 847 3906 perditionis
861 3848 936 3905 quo·
990 3834 1097 3891 scilicet
1109 3834 1188 3908 quod
1202 3835 1291 3890 homo
1308 3832 1417 3889 calidus
1438 3848 1498 3889 esse
1513 3848 1572 3888 non
1585 3832 1699 3901 debeat,
1714 3833 1744 3888 in
1760 3834 1842 3905 cujus

88 3929 165 3985 niam
179 3931 257 3982 totos
271 3927 302 3981 in
325 3925 487 3999 perditione
505 3924 649 3992 manebit;
662 3937 697 3979 ea
711 3938 777 3996 qnae
792 3922 937 3979 contraria
992 3923 1147 3996 spiramine
1162 3922 1238 3995 ignis
1262 3927 1323 3990 est,
1342 3922 1391 3994 qui
1413 3926 1505 3977 totum
1528 3937 1632 3994 corpus
1655 3921 1783 3978 hominis
1800 3924 1842 3977 in·

89 4019 145 4074 Deo
159 4020 228 4073 suut
249 4015 382 4071 homines
397 4014 513 4083 docens,
529 4027 617 4085 quem
629 4012 716 4068 etiam
735 4011 869 4068 seductor
882 4011 937 4067 hu·
991 4012 1096 4069 cendit.
1122 4013 1154 4068 Et
1173 4010 1320 4084 quomodo
1342 4010 1395 4066 iste
1415 4015 1515 4066 contra
1538 4014 1672 4066 naturam
1696 4026 1778 4066 suam
1792 4011 1840 4067 iri·

87 4106 167 4163 mani
182 4105 295 4179 generis
317 4105 358 4161 ita
380 4102 583 4170 inllammubit,
606 4100 851 4175 quemadmodum
874 4100 936 4172 ipso
993 4101 1077 4175 gidus
1092 4116 1153 4157 esse
1175 4098 1288 4173 possit?
1307 4098 1360 4156 Sed
1381 4115 1439 4172 qua
1460 4099 1568 4155 ratione
1583 4100 1670 4155 homo
1685 4100 1840 4170 omitteret,

87 4197 182 4253 furere
206 4194 340 4267 primitus
362 4192 494 4265 incoepit,
515 4206 580 4247 cum
606 4192 663 4246 lieo
683 4189 786 4247 similis
806 4204 868 4245 esse
888 4205 937 4245 ro·
993 4190 1065 4263 quin
1090 4205 1205 4247 carnem
1229 4188 1316 4245 aliam
1347 4188 1535 4244 calefaceret?
1556 4189 1647 4244 Homo
1677 4189 1755 4245 enlm
1782 4189 1841 4257 ille,

87 4284 157 4352 luit;
173 4288 349 4357 quapropter
367 4282 454 4338 etiam
478 4280 675 4336 adversabitur
694 4279 829 4335 omnibus
844 4279 936 4334 Deum
992 4295 1078 4352 quem
1104 4278 1274 4350 magistrum
1302 4282 1428 4333 restrum
1444 4293 1505 4333 essa
1528 4276 1631 4347 dicitis,
1656 4277 1752 4349 legem
1776 4295 1841 4352 quaa

88 4373 253 4440 colentibus,
284 4377 313 4429 et
345 4371 445 4428 efferet
469 4387 500 4425 so
526 4370 603 4426 ultro
629 4383 747 4425 omnam
774 4371 937 4423 creaturam
990 4383 1078 4440 snpra
1106 4368 1226 4422 modum
1250 4368 1293 4421 est
1313 4364 1394 4422 vobis
1420 4366 1508 4434 dedit,
1530 4366 1600 4438 quia
1621 4366 1661 4422 sic
1676 4367 1773 4423 ridere
1793 4384 1842 4424 ros

89 4465 179 4519 neum
193 4478 223 4518 so
242 4462 407 4529 nominans,
423 4464 452 4517 et
465 4463 498 4515 nt
513 4458 596 4531 quasi
617 4458 692 4513 [leus
712 4458 823 4513 colatur
835 4455 936 4527 praeci-
988 4456 1082 4529 jussit.
1100 4457 1158 4528 Ego
1181 4460 1279 4511 autem
1301 4455 1389 4511 dico:
1412 4455 1468 4510 Vos
1494 4453 1526 4510 in
1549 4454 1594 4510 his
1610 4454 1722 4511 duobus
1748 4456 1843 4511 modis

89 4553 178 4625 piens,
197 4567 258 4607 non
278 4550 413 4621 credatis,
437 4548 519 4621 quasi
543 4548 618 4603 adsit
633 4546 695 4603 dies
719 4545 846 4614 Domini,
863 4545 938 4602 scili-
991 4545 1124 4602 videlicet
1142 4545 1244 4600 caloris
1259 4549 1288 4601 et
1310 4544 1426 4616 trigoris
1445 4548 1546 4615 estote,
1567 4549 1652 4618 alque
1667 4546 1698 4599 in
1718 4544 1840 4601 invicem

89 4647 132 4698 cet
150 4656 209 4714 qno
223 4640 368 4712 judicabit
391 4638 491 4695 orbem
515 4642 659 4693 terrarum
680 4652 745 4691 cum
761 4636 887 4691 mondus
903 4634 937 4689 li·
991 4650 1041 4690 ros
1054 4635 1155 4703 loreto,
1173 4638 1201 4689 et
1215 4633 1385 4705 praedictum
1408 4633 1556 4689 hominem
1580 4633 1686 4705 injusta
1700 4638 1843 4705 praecepta

89 4746 154 4786 nem
170 4730 298 4802 accipiat.
320 4729 485 4801 iterumque
507 4726 583 4783 idem
607 4726 713 4782 Paulus
736 4724 846 4796 Spiritu
871 4738 936 4778 son·
991 4726 1073 4781 robis
1093 4724 1204 4782 dedisse
1228 4723 1416 4791 considerate,
1448 4722 1585 4796 quoniam
1610 4722 1741 4795 quamvis
1762 4722 1842 4794 jube

89 4825 133 4876 cto
156 4819 267 4875 inlusus
289 4818 379 4875 dicit:
401 4840 416 4869 a
440 4818 511 4873 Nam
532 4813 701 4887 mysterium
722 4815 783 4886 jam
803 4816 939 4885 operatur
990 4819 1087 4870 retne
1111 4812 1243 4868 homines
1266 4828 1295 4867 se
1321 4816 1422 4867 mutuo
1447 4811 1587 4881 foverent,
1613 4812 1778 4884 ipsitamen
1792 4828 1841 4867 na·

89 4908 260 4980 iniqnitatis,
279 4910 394 4963 tantum
408 4906 505 4979 utqui
527 4909 606 4961 tenet
619 4918 697 4960 nunc
715 4906 824 4971 teneat,
848 4901 939 4957 donec
991 4908 1086 4959 turam
1111 4918 1192 4957 suam
1215 4900 1369 4957 carnaliter
1393 4894 1682 4956 coluerunt.'Videte
1709 4915 1778 4971 ergo
1805 4917 1841 4957 uc

89 4999 123 5055 de
143 4996 238 5053 madio
258 4996 309 5053 ilat
333 4993 426 5068 (ibid.)
448 5012 463 5047 r
484 4994 576 5066 Hujus
601 4991 751 5049 sententie
775 4990 938 5047 intellectus
991 4992 1098 5065 injusta
1130 4989 1261 5047 doctrina
1289 4990 1391 5045 amodo
1426 4987 1613 5056 seducamini,
1647 4988 1785 5062 quoniam
1811 4990 1840 5044 iu

90 5089 143 5145 hoc
157 5087 243 5143 modo
262 5084 447 5157 accipiendus
461 5088 526 5138 est:
547 5081 664 5138 Occulta
678 5081 824 5153 suggestio
834 5079 939 5150 jamin
992 5097 1039 5137 me
1060 5084 1103 5136 est
1129 5078 1200 5152 quid
1224 5078 1317 5135 lacere
1334 5077 1446 5151 possitis
1469 5080 1513 5134 ael
1540 5094 1607 5146 non,
1630 5094 1683 5133 nec
1706 5077 1842 5151 magister

90 5176 221 5248 operibus
239 5174 442 5230 hereticorum
459 5170 669 5238 manifestatur,
691 5170 722 5225 in
744 5168 850 5241 quibus
868 5184 938 5240 per·
991 5174 1085 5227 vester
1101 5174 1190 5225 rectus
1213 5168 1423 5241 propositiones
1445 5166 1526 5223 robis
1548 5167 1709 5239 proposuit,
1726 5167 1776 5240 qui
1793 5183 1842 5221 ros

90 5279 187 5321 suasor
208 5261 369 5334 iniquitatis
385 5261 481 5333 jacula
505 5258 664 5333 premittit,
689 5258 838 5314 acritatem
863 5272 939 5313 rerae
993 5276 1055 5315 esse
1074 5258 1166 5314 voluit
1189 5257 1263 5313 sicut
1285 5256 1419 5329 spiritum
1445 5255 1495 5328 qui
1511 5272 1596 5311 carne
1610 5261 1761 5329 coopertus
1783 5272 1841 5311 non

91 5353 157 5409 ildei
179 5351 344 5425 opprimere
376 5350 490 5418 rolens;
514 5349 638 5420 ideoque
670 5352 748 5403 recta
765 5346 938 5416 intentione,
992 5349 1046 5413 est,
1073 5344 1166 5417 etqui
1186 5360 1245 5400 non
1262 5348 1406 5417 operatur,
1423 5360 1487 5400 curn
1511 5348 1578 5398 nata
1600 5358 1666 5398 caro
1688 5343 1841 5399 hominum

92 5458 122 5497 ac
143 5441 219 5498 bono
240 5437 393 5496 conamine
423 5437 552 5493 studium
576 5436 632 5491 hoc
657 5435 688 5491 in
716 5434 794 5491 fideli
821 5434 939 5490 homine
993 5433 1034 5488 sic
1047 5437 1140 5489 creata
1162 5433 1281 5503 nonsit,
1304 5449 1369 5507 qooe
1387 5448 1439 5505 per
1453 5432 1550 5505 ignem
1562 5432 1726 5488 infunditur
1740 5438 1770 5489 et
1782 5432 1841 5490 lor-

91 5535 203 5587 tantum
224 5530 274 5599 sit,
289 5535 322 5586 ut
336 5527 387 5601 qui
407 5526 495 5583 fldem
516 5524 702 5599 apostolicam
721 5529 750 5579 et
763 5539 829 5580 rere
844 5522 940 5580 catho·
993 5526 1099 5591 matur,
1121 5522 1190 5595 quia
1212 5522 1236 5577 si
1259 5522 1311 5578 lilii
1333 5536 1393 5577 non
1422 5526 1597 5593 crearentur,
1621 5521 1841 5596 possibilitatem
