3984 6034
90 229 147 284 377
218 222 224 232 '
733 226 923 285 suissuis-2.
935 255 967 270 -
979 224 1089 286 EPIST.
1109 225 1223 284 cxiiii.
1790 233 1844 290 378

89 364 259 420 humilitate
280 362 418 418 msiiiutis
440 361 562 434 pulcher
588 361 643 419 ilos
669 364 817 434 processit,
841 379 875 419 sc
901 365 1027 422 liubin
1051 365 1229 437 malignitate
1259 365 1401 440 superbiae
1428 367 1504 436 estis,
1541 383 1684 425 venenum
1711 369 1844 442 aspidum

89 453 124 508 in
152 452 374 509 mausuetudine
406 451 572 523 permansit.
602 451 680 507 Unde
709 451 847 524 scriptum
874 457 943 507 est:
999 453 1158 510 insanabile
1172 453 1331 526 concipitis,
1347 455 1422 526 quod
1449 471 1497 510 vos
1517 457 1679 513 mortificat.
1710 458 1780 514 Cum
1795 475 1845 512 au-

91 541 291 614 Snperqnem
307 539 947 612 requieseammisisuperhnmilem,etorau-
998 547 1057 599 tem
1085 543 1254 616 inquietudo
1290 543 1429 600 mentium
1460 545 1535 600 inter
1564 563 1611 601 vos
1642 547 1845 614 exsurrexerit,

91 638 223 700 suetum,
237 636 267 686 et
282 632 453 684 trementem
467 642 614 683 sermones
632 629 733 685 meosl
759 628 831 701 (Iro.
860 630 944 701 cxvi).
1000 631 1067 688 estis
1086 632 1168 704 quasi
1187 633 1351 704 plumbum,
1376 634 1451 705 quod
1477 633 1507 687 iu
1522 638 1642 704 puteum
1659 635 1846 691 vehementer

94 721 147 776 iiae
162 724 231 774 sunt
250 719 305 774 ster
320 717 455 790 spiritalis
474 717 590 789 populi;
605 718 655 774 sed
679 717 730 790 qui
754 718 816 774 istis
837 723 945 786 carent,
999 722 1084 776 cedit.
1107 723 1178 778 Nam
1211 738 1283 776 vena
1303 721 1396 792 gloria
1419 727 1447 776 ei
1473 723 1638 794 malignitas
1663 711 1771 778 iissem
1804 741 1847 779 su·

95 808 177 863 velut
192 807 317 862 volatilia
330 807 445 872 cadent,
473 821 539 877 quoe
553 822 663 877 pennas
677 807 789 862 rolandi
812 823 870 862 non
892 807 947 862 ha·
1000 809 1107 881 perbioe
1126 814 1203 878 sunt,
1218 818 1247 867 et
1259 827 1322 882 quse
1339 811 1379 866 sic
1393 825 1460 865 cum
1477 811 1679 882 inquietudine
1704 811 1847 868 mentium

95 895 226 951 bentiu
247 895 292 951 his
317 895 406 950 etiam
431 895 609 950 convertitur
640 896 797 951 multitudo
818 895 904 950 meris
919 899 948 951 et
999 899 1122 955 invicem
1150 899 1345 970 implicantur,
1370 899 1467 955 odium
1491 915 1524 954 ec
1546 900 1655 955 invidie
1684 899 1741 956 iliis
1766 900 1848 956 mini·

93 984 237 1040 fortitudo
261 983 392 1055 gentium
419 983 506 1038 venii.
524 983 596 1038 Nam
620 981 841 1038 innumerabilis
863 983 948 1039 turbs
1000 993 1081 1044 stret.
1099 988 1178 1044 Unde
1197 1003 1253 1058 pax
1268 993 1297 1042 et
1310 992 1448 1044 securitas
1473 987 1514 1044 ibi
1528 987 1655 1060 lugiunt,
1671 994 1699 1044 et
1725 989 1848 1044 charitas

95 1073 251 1128 homiuum
278 1073 314 1128 ad
342 1072 412 1126 istas
438 1072 497 1127 alus
524 1071 624 1127 currit·
648 1072 704 1128 Sed
733 1070 848 1143 quidem
872 1072 948 1127 111101
1001 1077 1105 1134 Christi
1128 1075 1245 1146 recedit,
1267 1081 1296 1132 et
1326 1077 1375 1149 qui
1400 1077 1430 1132 in
1457 1077 1514 1133 illis
1540 1078 1622 1132 malis
1655 1083 1723 1133 suut
1746 1079 1850 1134 cedent

93 1161 164 1217 illos
187 1160 346 1233 respiciunt
368 1161 405 1216 ad
435 1160 603 1232 aquilonem
619 1176 671 1232 per
693 1159 837 1216 turbinem
866 1175 947 1216 roure
1000 1167 1081 1240 quasi
1109 1165 1260 1239 plumbum
1283 1166 1314 1221 in
1340 1167 1423 1237 aquis
1450 1165 1677 1232 vehementibus,
1708 1165 1849 1238 quinales

94 1248 401 1322 gioriseecsuperbier
416 1252 446 1304 et
463 1265 515 1321 per
538 1248 752 1319 superfluitates
767 1250 948 1305 secretarium
1001 1253 1207 1311 sublevationis
1230 1270 1290 1308 nou
1312 1253 1428 1310 habent.
1466 1257 1535 1310 Nam
1564 1256 1641 1309 zelus
1676 1253 1791 1312 Domini
1819 1253 1849 1309 in

94 1354 215 1394 morum
243 1339 275 1394 io
299 1338 469 1409 semetipsos
491 1338 678 1407 confidentes,
701 1354 753 1393 nec
768 1339 947 1394 Psalmistam
1002 1343 1109 1398 ultione
1124 1359 1175 1398 sua
1189 1358 1276 1414 super
1301 1342 1365 1398 illos
1384 1344 1498 1411 clumat,
1511 1347 1542 1398 ui
1554 1343 1624 1398 olim
1644 1343 1772 1398 intonuit
1785 1357 1850 1398 cum

94 1434 253 1499 sequentes
280 1427 331 1500 qui
345 1426 416 1482 dicit
431 1442 438 1482 :
454 1429 563 1484 uorum
583 1429 627 1482 eet
649 1443 768 1498 sperare
792 1426 824 1481 in
836 1425 947 1498 princi·
1001 1431 1159 1504 superbum
1168 1431 1318 1487 inimicum
1331 1432 1362 1486 iu
1377 1432 1511 1503 abyssum
1526 1431 1639 1502 dejecit,
1655 1435 1686 1486 ut
1703 1431 1850 1488 Psalmista

94 1516 185 1589 pibus
202 1515 298 1587 (Prot.
320 1517 415 1583 carri).
440 1515 512 1581 Quid
534 1520 577 1569 est
602 1514 676 1570 buci
699 1515 785 1570 itulto
801 1515 906 1570 melius
919 1521 949 1570 et
1001 1520 1072 1576 dicit
1089 1536 1097 1576 ι
1112 1521 1188 1576 Leuu
1201 1536 1305 1574 munus
1318 1526 1383 1576 roae
1393 1518 1583 1594 inruperbius
1596 1537 1694 1576 eorum
1707 1519 1738 1576 in
1750 1521 1849 1586 finem,

96 1605 200 1660 utilius
218 1611 262 1660 est
278 1604 406 1676 aspicere
420 1610 448 1659 st
462 1602 556 1659 volare
572 1603 602 1659 in
617 1605 723 1660 nubem
740 1619 793 1675 per
820 1603 945 1658 tunicam
998 1611 1110 1679 quanto
1131 1607 1309 1682 muliqrrotur
1328 1611 1371 1663 eet
1391 1607 1525 1663 inimicus
1550 1607 1582 1663 in
1607 1611 1724 1664 sancto!
1755 1607 1849 1678 (Prot.

96 1693 215 1762 Christi,
241 1709 328 1765 quam
355 1693 501 1748 confidere
523 1692 554 1747 io
580 1708 621 1759 se,
637 1693 715 1747 reiut
737 1692 945 1763 iuceusaper·
966 1664 1100 1754 Burrus.
1114 1711 1122 1768 l
1158 1699 1229 1752 Nem
1264 1699 1337 1754 ileos
1376 1697 1497 1752 elevavit
1544 1695 1721 1752 sanctissima
1762 1713 1851 1767 opere

97 1782 153 1838 diti
174 1781 268 1854 angeli
282 1781 390 1837 iactum
415 1787 467 1848 est,
495 1781 545 1853 qni
577 1782 607 1836 in
632 1781 768 1853 superbia
791 1781 874 1837 illurn
900 1797 947 1836 su·
1003 1802 1067 1842 cunr
1093 1786 1185 1842 lucem
1208 1786 1363 1842 aterrebris
1378 1785 1483 1854 divisit,
1501 1785 1570 1857 quia
1584 1785 1623 1841 ibi
1638 1785 1850 1858 superbiarum

95 1886 204 1942 perere
219 1870 387 1926 minitante
402 1885 487 1942 quern
511 1871 552 1924 sic
576 1875 651 1925 stare
678 1886 737 1926 non
765 1869 870 1940 potuit,
898 1869 948 1924 sed
1003 1873 1137 1930 omnibus
1163 1874 1319 1930 visceribus
1344 1873 1450 1930 diaboii
1476 1873 1506 1928 io
1535 1875 1624 1930 linem
1645 1873 1757 1942 cecidit,
1783 1890 1849 1929 cum

96 1959 129 2014 io
145 1959 282 2030 abyssum
295 1959 378 2031 quasi
391 1958 544 2029 plumbum
570 1957 683 2013 cecidit.
699 1959 732 2012 in
747 1958 800 2013 hac
813 1956 949 2029 superbie
1003 1964 1039 2019 sd
1053 1963 1218 2036 aquilonem
1239 1963 1406 2034 respiciens,
1430 1968 1542 2018 scutum
1564 1979 1649 2018 suum
1668 1961 1699 2017 in
1723 1962 1849 2018 nihilum

96 2049 189 2103 etiarn
207 2047 299 2103 Adam
328 2048 417 2102 vitam
436 2047 520 2117 fugit,
547 2051 576 2101 et
593 2047 718 2102 alienam
742 2045 949 2118 peregrinatio·
1002 2053 1109 2124 posuit,
1126 2052 1175 2107 ubi
1189 2052 1276 2107 etiam
1297 2051 1417 2107 omnino
1434 2051 1530 2123 periit.
1551 2051 1604 2107 Sed
1626 2057 1724 2106 tamen
1747 2050 1851 2106 deiude

95 2151 169 2191 nem
182 2135 303 2204 invenit,
319 2136 350 2191 in
366 2151 424 2207 qua
441 2135 472 2190 in
492 2136 605 2190 Patrem
620 2150 705 2189 suum
729 2140 810 2206 quasi
825 2135 856 2190 iu
879 2135 948 2189 alie·
1003 2141 1108 2196 ilerum
1149 2140 1284 2212 superbia
1312 2139 1343 2196 in
1383 2140 1550 2196 hominibus
1585 2141 1690 2195 multae
1722 2138 1852 2195 ciuitates

95 2241 171 2280 num
188 2225 219 2280 in
234 2224 466 2296 peregrinatione
480 2240 532 2279 sua
547 2224 677 2295 aspexit;
693 2238 781 2295 quem
794 2227 861 2278 oute
875 2223 949 2280 bene
1003 2229 1111 2302 absque
1135 2228 1317 2300 longitudine
1352 2227 1465 2284 dierum
1500 2227 1659 2295 reedificavit,
1688 2233 1717 2283 et
1753 2243 1851 2299 poenss

96 2318 284 2385 cognoverat,
310 2328 377 2368 cum
400 2313 539 2367 innocens
560 2312 591 2367 iu
621 2311 786 2368 bumilitate
812 2311 877 2366 fuit·
904 2311 950 2367 Sic
1003 2318 1095 2390 poenis
1110 2316 1230 2384 eddidit,
1260 2334 1293 2373 sc
1316 2318 1415 2372 ruines
1439 2316 1469 2373 iu
1496 2317 1680 2374 multitudine
1707 2334 1851 2374 aerumue·

96 2402 187 2457 etiam
218 2399 272 2456 filii
296 2400 446 2457 hominum
464 2401 494 2455 in
516 2400 687 2472 semetipsos
712 2400 871 2466 confidunt,
899 2399 948 2455 de·
1003 2421 1069 2460 rum
1083 2405 1159 2474 lecit,
1179 2405 1230 2460 ubi
1250 2403 1383 2460 homines
1408 2404 1564 2460 dixerunt:
1581 2407 1672 2462 ileum
1697 2405 1850 2474 nescimus,

96 2489 176 2560 cepti
192 2490 269 2544 velut
283 2505 365 2560 spem
387 2489 527 2544 habentes
542 2488 573 2543 in
588 2487 776 2561 principibus.
801 2488 855 2544 Sed
883 2503 950 2542 eum
1004 2509 1055 2547 nec
1070 2508 1136 2548 eum
1149 2492 1244 2548 colere
1261 2494 1402 2546 volumus.
1423 2493 1457 2546 lit
1471 2491 1511 2546 sic
1536 2493 1711 2564 malignetus
1726 2498 1768 2550 esi
1788 2493 1848 2550 ini-

99 2581 176 2634 tiens
203 2577 358 2633 clamarit:
388 2577 487 2632 Adam
501 2576 553 2634 ubi
575 2577 630 2632 eei
648 2577 794 2649 prrescieii
808 2576 886 2648 quod
907 2577 949 2631 la·
1004 2581 1096 2637 miens
1110 2581 1142 2635 in
1156 2585 1264 2636 saneto.

97 2673 182 2722 stura
206 2666 290 2738 digiti
312 2665 357 2721 sui
386 2665 506 2721 omnino
533 2665 679 2738 perdendo
703 2681 761 2720 non
789 2669 874 2732 esset,
899 2665 949 2720 sed
1039 2672 1120 2727 Nunc
1136 2677 1232 2726 autem
1254 2670 1351 2725 vivens
1370 2671 1418 2725 lux
1445 2671 1480 2724 ad
1506 2670 1581 2725 filios
1596 2670 1689 2726 turbes
1702 2669 1785 2726 istius
1809 2669 1850 2725 di-

98 2757 278 2829 qnandoque
297 2755 476 2823 redimenda,
498 2762 533 2810 ut
546 2754 686 2827 scriptum
705 2760 772 2809 est:
796 2752 952 2810 Redemiatt'
1004 2761 1060 2817 cit:
1078 2760 1133 2814 Vos
1156 2759 1279 2830 parietes
1303 2759 1405 2830 templi
1431 2757 1510 2826 estis,
1536 2759 1605 2830 quia
1634 2757 1779 2830 primitive
1799 2759 1852 2814 iic-

97 2844 214 2917 1117911111
232 2845 289 2900 Mt
288 2842 407 2898 1111111111
428 2845 493 2910 11101,
507 2859 590 2898 mm
612 2841 682 2899 31011
697 2843 796 2915 indm)
811 2839 952 2897 1101110011
1004 2849 1090 2904 clesia
1108 2863 1157 2903 voe
1172 2846 1323 2918 plantarii,
1348 2847 1424 2902 unde
1439 2863 1539 2902 vanam
1562 2848 1728 2919 gloriamsi
1749 2863 1852 2918 super-

97 2934 179 2989 11100
203 2931 296 3004 (Ρ101
323 2933 427 3000 1111111·
458 2931 533 2998 Ouid
555 2935 597 2986 001
624 2931 701 2988 11001
728 2933 802 2987 11000
826 2931 950 2986 1011111111
968 2960 990 3019 0
1005 2937 1094 3005 biam,
1111 2951 1143 2992 ac
1157 2934 1303 2990 turbinem
1319 2937 1474 2991 multorum
1496 2935 1730 3006 inquietudinum
1750 2934 1849 3006 fugite.

98 3024 265 3080 1000111100
284 3027 335 3086 001,
363 3020 546 3093 1111001101)οΐ
572 3019 721 3076 mulierem
736 3025 951 3092 0011110011011·
1005 3027 1085 3082 Nunc
1108 3023 1270 3080 virentibus
1298 3023 1389 3078 oculis
1410 3024 1472 3080 haec
1497 3024 1600 3090 videte,
1625 3028 1654 3079 et
1668 3023 1852 3079 audientibus

97 3110 505 3176 1100001111111111101111111
532 3125 598 3163 0010
618 3111 724 3164 10010111
750 3114 794 3164 001
817 3115 846 3164 01
867 3124 950 3163 muns
1002 3113 1190 3171 interioribus
1208 3111 1326 3168 auribus
1346 3113 1408 3168 brec
1422 3111 1529 3168 audite.
1556 3113 1660 3168 Locum
1683 3115 1779 3167 eutem
1804 3127 1851 3164 ve·

97 3201 168 3258 Sion
192 3200 258 3266 fuit,
280 3199 311 3254 in
336 3215 395 3271 quo
425 3198 499 3252 ileus
524 3196 635 3253 habitat
659 3197 690 3252 in
720 3197 894 3264 bumilitate,
920 3204 949 3252 et
1004 3208 1095 3258 strum
1118 3202 1147 3258 in
1170 3200 1347 3271 dispersione
1380 3217 1438 3256 nun
1470 3200 1564 3267 rideo,
1599 3199 1731 3272 quemvis
1761 3198 1851 3253 muita
1924 3197 1929 3202 “

100 3289 192 3347 Pilius
206 3289 238 3344 iu
251 3287 336 3342 00110
351 3286 453 3344 Patris·
1004 3290 1118 3362 flagella
1140 3303 1275 3361 passurus
1295 3288 1342 3342 sit.
1368 3288 1459 3343 Viuite
1482 3304 1551 3360 ergo
1566 3292 1595 3342 et
1608 3287 1725 3359 vigilate
1739 3285 1768 3340 in
1781 3287 1849 3342 ileo.

136 3380 217 3434 Nunc
238 3382 346 3443 autem,
376 3382 409 3430 tn
437 3373 623 3446 congregatio
658 3379 842 3446 congregata,
869 3375 947 3442 andi,
1006 3379 1075 3434 Nam
1092 3377 1177 3432 etiam
1193 3376 1223 3432 in
1239 3392 1305 3430 rora
1325 3377 1434 3431 risione
1452 3376 1594 3449 quosdam
1612 3375 1712 3430 inista
1730 3390 1850 3445 congre-

99 3474 132 3523 ut
155 3467 196 3523 sis
223 3482 306 3520 ruens
329 3463 408 3521 Sion.
430 3466 502 3519 Nam
525 3463 651 3532 lieusssab
676 3462 759 3518 initio
779 3464 950 3534 praeviderat
1004 3467 1119 3538 gutierre
1142 3464 1199 3520 vidi
1221 3469 1252 3518 ut
1280 3479 1413 3519 auroram
1448 3464 1610 3532 rutilantes,
1647 3463 1787 3536 quosdam
1820 3467 1851 3517 ut

98 3557 177 3628 quod
207 3569 324 3609 ornnem
359 3559 521 3608 creaturam
557 3552 651 3608 lacere
685 3552 783 3608 voluit.
825 3553 949 3608 Verbum
1004 3553 1172 3627 sapphirum
1212 3553 1363 3623 fulgentes,
1407 3553 1547 3623 quosdam
1575 3558 1609 3608 ut
1643 3553 1736 3607 lucem
1782 3553 1851 3606 stel-

99 3646 188 3701 etiam
218 3644 309 3699 Patris
344 3642 374 3697 in
397 3640 522 3712 Virgine.
545 3641 629 3712 Virga
652 3641 740 3697 homo
764 3643 896 3710 surrexit,
921 3647 950 3696 et
1004 3645 1096 3700 iarum
1143 3642 1279 3696 lucentes.
1331 3640 1386 3705 Qui
1422 3640 1500 3695 enirn
1552 3646 1585 3697 ut
1635 3657 1740 3696 eurora
1777 3639 1849 3696 ruti-

99 3737 164 3805 ipsa
199 3733 280 3804 virga
309 3730 430 3787 materia
459 3730 590 3785 omnium
623 3729 763 3786 virtutum
792 3729 950 3785 sanctitatis
1004 3732 1075 3796 lant,
1092 3730 1123 3786 bi
1146 3729 1278 3784 timorem
1305 3729 1355 3792 liei
1381 3728 1500 3794 habeut,
1519 3735 1549 3784 et
1572 3734 1716 3800 praecepta
1736 3731 1851 3801 regule·

99 3823 165 3889 init,
187 3821 224 3878 de
250 3837 307 3892 que
322 3825 351 3875 et
375 3836 468 3886 ros,o
496 3818 660 3890 spirituales
687 3819 799 3890 popuii,
822 3818 948 3874 venistis.
1003 3818 1128 3890 rislegis
1152 3823 1270 3890 propter
1296 3817 1384 3872 ileum
1410 3817 1534 3872 libenter
1554 3817 1727 3886 custodiunt,
1748 3834 1850 3890 quam-

100 3910 250 3967 Eraenim
265 3924 457 3981 omnegenus
474 3907 635 3963 humanum
650 3908 791 3979 protulit:
814 3907 950 3963 isterero
1005 3909 1047 3962 ris
1066 3923 1118 3978 per
1141 3921 1268 3973 curnem,
1298 3905 1376 3960 velut
1399 3904 1514 3960 victime
1534 3920 1598 3976 quoe
1623 3905 1658 3960 ad
1680 3905 1850 3962 occisionem

100 4001 182 4071 virga
196 3998 310 4054 illudio
323 4013 376 4053 sus
392 3996 535 4052 viriditate
549 3997 645 4052 denuo
663 3995 816 4067 repererit,
835 3996 951 4068 quaudo
1006 3997 1129 4064 ducitur,
1149 3995 1294 4050 interdum
1317 3995 1431 4049 deviare
1447 3994 1609 4048 videantur.
1626 3994 1679 4059 Qui
1708 3999 1852 4050 autemut

102 4091 253 4146 devenire
272 4087 335 4158 eJ'us
357 4085 446 4142 Filius
470 4085 520 4141 liei
541 4085 637 4141 exivit.
664 4085 746 4150 Quod
773 4085 846 4140 sico
868 4084 951 4155 spiri·
1005 4086 1158 4158 sapphirus
1183 4084 1305 4155 iulgent,
1330 4083 1498 4139 charitatem
1521 4083 1572 4138 liei
1594 4084 1711 4147 hebent,
1738 4090 1767 4139 et
1784 4084 1851 4140 ideo

100 4176 188 4233 tuuis
202 4192 286 4232 mons
314 4175 381 4231 Sion
405 4175 483 4243 estis,
499 4175 568 4245 quia
587 4175 671 4229 Peter
684 4173 715 4228 in
730 4172 821 4229 Verbo
833 4189 885 4228 suo
901 4189 951 4228 vos
1006 4175 1104 4246 gravia
1118 4179 1233 4246 peccata
1252 4188 1310 4227 nou
1327 4175 1494 4243 operantur,
1518 4170 1650 4242 quemvis
1670 4174 1791 4244 peccent
1812 4175 1850 4238 et,

100 4265 252 4339 plantavit.
270 4265 340 4320 liam
353 4262 480 4318 eti'ilius
494 4261 597 4318 excelsi
613 4261 705 4316 Petris
720 4262 749 4316 in
763 4260 948 4317 tabernaculo
967 4244 990 4298 Ῑ)
1006 4265 1091 4319 etiam
1108 4266 1227 4334 propter
1242 4261 1347 4317 delicta
1366 4276 1419 4315 sua
1443 4259 1567 4315 libenter
1589 4275 1620 4315 se
1648 4259 1799 4331 castigant,
1823 4264 1852 4316 et

99 4355 194 4410 itariae
219 4352 343 4424 Virginis
363 4350 514 4418 habitarit,
537 4356 566 4405 et
586 4349 659 4405 sieut
678 4348 758 4404 fortis
781 4351 826 4406 leo
846 4349 882 4404 de
901 4350 949 4404 iila
1004 4353 1066 4408 brec
1080 4351 1109 4406 in
1126 4348 1334 4404 consuetudine
1356 4347 1473 4404 habeut.
1489 4347 1544 4404 Sed
1572 4347 1621 4420 qui
1636 4352 1668 4402 nt
1690 4349 1737 4402 iux
1758 4348 1853 4404 steila-

98 4443 196 4510 exiril,
214 4442 253 4497 ita
281 4441 359 4513 quod
378 4444 455 4495 totus
478 4439 603 4494 mundus
630 4437 725 4509 ipsum
749 4438 828 4504 vidit,
848 4437 899 4510 qui
922 4442 951 4492 et
1004 4455 1069 4495 rum
1094 4439 1200 4505 lucent,
1225 4436 1457 4492 benevolentiam
1488 4436 1607 4504 habent,
1634 4439 1664 4491 et
1690 4436 1756 4491 ideo
1785 4451 1850 4490 cum

98 4549 149 4586 ros
165 4528 309 4604 spiritales
322 4530 445 4601 populos
459 4528 490 4583 in
501 4527 655 4599 semetipso
669 4526 864 4598 congregarit,
883 4542 950 4582 cum
1004 4526 1170 4584 homiuibus
1193 4543 1253 4581 non
1282 4525 1421 4592 rixantur,
1450 4525 1497 4579 sed
1526 4525 1670 4580 tassieium
1693 4523 1851 4595 puerilium

98 4622 135 4677 ad
161 4635 231 4676 euna
255 4619 332 4674 velut
356 4618 448 4673 nubes
480 4615 593 4684 volatis,
626 4620 742 4688 peccate
768 4620 863 4670 vestre
891 4631 950 4670 non
1006 4632 1120 4671 morum
1139 4619 1247 4680 tenent,
1268 4619 1297 4670 et
1321 4614 1495 4684 agraribus
1523 4613 1646 4684 peccetis
1672 4613 1798 4668 libenter
1821 4629 1851 4666 se

99 4709 291 4764 involuntaie
312 4705 409 4777 operis
430 4708 589 4776 portantes.
619 4703 684 4774 lpse
706 4703 784 4759 enim
807 4703 868 4758 sine
884 4719 950 4774 pec·
1003 4706 1156 4773 abstinent,
1174 4720 1207 4758 ac
1232 4719 1266 4758 ea
1292 4702 1392 4758 odiosa
1414 4703 1531 4758 hebent.
1560 4703 1592 4758 lit
1614 4702 1685 4756 aiios
1707 4701 1738 4756 in
1759 4699 1850 4771 nigri-

97 4795 241 4852 catofuii.
266 4795 300 4850 Et
321 4800 390 4850 tunc
412 4810 480 4849 eum
508 4792 674 4859 imitamini,
701 4792 751 4847 ubi
779 4792 949 4862 postitium
1003 4794 1104 4850 tudine
1127 4791 1218 4847 amari
1247 4790 1320 4846 lumi
1342 4796 1461 4863 propter
1480 4789 1717 4846 consuetudinem
1747 4788 1851 4860 squali-

97 4881 262 4953 ambolstis‚
283 4899 349 4938 cum
370 4881 559 4953 vosmetipsos
574 4897 609 4937 ne
630 4883 753 4952 peccetis
779 4880 948 4953 repudiatis,
1004 4884 1105 4938 dorum
1124 4895 1235 4936 morum
1251 4879 1319 4946 vidi,
1335 4878 1432 4950 inque
1447 4878 1564 4950 quidam
1579 4883 1700 4950 propter
1716 4877 1850 4949 proprie-

97 4991 155 5028 non
171 4972 327 5028 existentes
341 4976 479 5043 tanquam
504 4968 599 5042 pulvis
615 4985 702 5040 quern
718 4969 833 5040 proiicit
846 4975 950 5024 ventus
1003 4977 1092 5028 telem
1108 4967 1211 5025 mentis
1226 4983 1295 5032 suae·
1310 4967 1401 5022 amari
1415 4971 1491 5034 sunt,
1505 4971 1534 5021 et
1546 4966 1695 5022 facultates
1714 4963 1849 5036 diligunt,

97 5062 308 5129 abusuris,
329 5074 382 5114 nec
409 5063 442 5114 ut
463 5073 607 5114 venenum
626 5058 769 5128 aspidum,
794 5073 847 5112 nec
867 5057 949 5129 quasi
1004 5067 1033 5116 et
1046 5060 1112 5115 ideo
1127 5055 1305 5129 spiritualem
1328 5055 1566 5111 consuetudinem
1586 5070 1643 5108 uon
1659 5057 1774 5120 amerrt;
1800 5052 1850 5107 sed

97 5151 253 5225 plumbum
267 5149 297 5204 in
318 5148 403 5220 aquis
426 5147 659 5216 vehementibus;
675 5147 725 5202 sed
741 5162 807 5201 oum
826 5147 857 5202 in
876 5162 950 5202 vane
1004 5149 1067 5204 ilios
1097 5146 1146 5218 qui
1169 5145 1200 5200 iu
1226 5142 1397 5216 supradictis
1427 5141 1520 5197 tribus
1543 5141 1637 5196 modis
1664 5147 1742 5208 sunt,
1772 5155 1850 5210 saepe

98 5240 195 5313 gloria
218 5237 341 5306 curritis,
362 5241 501 5310 tauquam
532 5235 626 5308 pulvis
655 5235 734 5305 estis,
762 5239 813 5308 qui
839 5235 893 5291 hac
921 5239 950 5290 et
1003 5236 1146 5307 affligunt.

98 5327 335 5401 iliacspsrgitur,
350 5325 444 5398 etqui
469 5326 594 5382 fructum
606 5325 726 5396 lustitire
741 5341 799 5379 non
813 5324 949 5395 seminat,
1040 5324 1073 5378 Et
1093 5321 1186 5378 uudivi
1213 5336 1311 5377 vocem
1336 5320 1372 5376 da
1399 5319 1471 5376 coelo
1496 5320 1691 5374 clementem:
1716 5317 1850 5383 Quendin

97 5436 150 5474 nec
173 5417 289 5471 vineam
315 5415 435 5469 eiectam
459 5413 585 5485 pisniat;
602 5413 653 5468 sed
678 5413 730 5486 qui
750 5429 883 5486 magnam
911 5413 951 5469 is·
1004 5411 1189 5482 congregatio
1219 5410 1281 5466 haec
1304 5407 1335 5463 in
1368 5409 1414 5464 his
1446 5408 1539 5464 tribus
1574 5407 1666 5463 modis
1694 5406 1848 5473 detinetur,

97 5523 176 5563 mam
201 5503 338 5577 producit
356 5507 385 5558 et
398 5501 510 5556 animas
532 5506 641 5557 vestras
663 5499 765 5558 loedit:
789 5517 854 5557 cum
880 5518 949 5558 uero
1005 5500 1094 5555 alteo
1109 5516 1166 5555 non
1185 5499 1369 5570 relinquitur.
1393 5497 1449 5554 Sed
1469 5501 1499 5552 et
1512 5497 1548 5552 ed
1570 5496 1633 5551 illos
1651 5495 1703 5568 qui
1723 5493 1755 5550 in
1776 5510 1851 5567 pree·
