3984 6034
84 186 137 240 tto
745 182 892 241 SClVldS.
905 210 935 224 -·
949 181 1013 240 tte.
1034 181 1056 248 1,
1077 176 1170 238 visio
1189 179 1234 237 lt.
1784 183 1837 238 tto

81 316 179 388 jacula
196 315 342 372 fallacium
370 315 573 388 deceptionum
594 313 721 386 expellit,
736 320 765 370 et
787 315 824 372 ad
839 314 934 370 Salva·
954 317 1050 372 Actus
1080 318 1131 368 est.
1163 311 1242 367 Unde
1267 311 1375 367 malum
1398 310 1428 366 in
1456 311 1617 384 perditione
1642 313 1743 369 mortis
1767 313 1838 385 abji-

84 412 179 460 torem
207 422 293 460 suum
326 404 456 473 recurrit,
477 405 721 477 quemadmodum
744 403 831 459 etiam
854 419 937 475 supe-
988 401 1123 457 ciendum
1148 405 1199 468 est,
1224 405 1252 455 et
1270 400 1378 455 honum
1398 400 1428 454 in
1450 417 1548 456 amore
1572 401 1636 456 vitos
1665 402 1838 474 amplecten-

84 495 146 550 rius
161 495 193 548 in
207 495 439 566 verbisquerelse
454 511 514 549 sure
528 494 663 560 declarat,
682 498 713 548 ut
733 499 936 565 praemonstra·
989 489 1069 545 dom.
1092 489 1147 546 Sed
1177 496 1218 558 tn,
1244 505 1260 544 o
1286 488 1384 556 homo,
1407 503 1471 543 cum
1496 489 1585 544 habes
1612 491 1838 545 recordationem

85 587 148 636 tum
163 587 215 637 est.
232 582 301 648 Ouse
328 599 394 637 vero
408 588 439 636 ut
453 582 530 636 vides
544 581 601 636 alia
620 581 751 654 quaedam
773 581 886 652 sphera
901 596 935 636 ex
987 577 1057 633 boui
1078 583 1107 632 et
1125 577 1193 632 mali
1220 576 1299 632 velut
1320 574 1351 629 in
1376 575 1452 630 bivio
1466 577 1577 646 positus
1597 593 1637 645 es,
1654 577 1722 650 quia
1737 579 1760 632 si
1771 583 1840 634 tunc

85 671 268 726 lineamentis
303 671 404 726 forme
434 687 494 726 sure
514 687 545 725 se
566 669 738 725 contrahens
761 670 852 725 nodos
873 669 936 742 ejus
988 666 1121 722 tenebras
1144 665 1210 722 mali
1234 664 1440 735 contempseris
1456 665 1553 720 volens
1572 666 1696 722 inillam
1712 667 1838 738 aspicere

86 758 204 814 resolvit
221 775 228 813 :
248 759 302 814 hoc
328 758 469 830 estquod
490 757 588 815 anima
613 757 663 814 illa
687 757 817 812 membra
833 773 935 829 corpo·
988 755 1070 826 qu'ns
1099 761 1228 810 creatura
1248 771 1278 810 es
1302 759 1331 810 et
1345 769 1430 824 quem
1447 753 1477 808 in
1497 758 1593 808 sancto
1610 754 1751 826 baptismo
1767 772 1839 812 cou-

84 848 153 902 ralis
177 847 334 903 habitaculi
358 863 402 902 sur
425 848 936 918 deserens,1'uncturameorumra·
988 843 1079 898 lessus
1095 860 1125 898 ea
1140 843 1189 898 uhi
1204 848 1284 898 vatus
1308 858 1384 897 noxa
1404 842 1469 898 Adae
1486 843 1595 914 dejecta
1617 848 1670 912 est,
1694 850 1722 899 et
1748 845 1772 900 si
1796 845 1838 901 di·

86 936 172 1006 liquit
185 952 250 990 cum
278 941 394 1008 tempus
420 936 604 991 resolutionis
626 934 782 990 habitaculi
795 935 841 989 sui
856 934 937 989 iusti·
989 931 1064 986 xerit
1077 931 1224 988 diabolum
1240 935 1268 986 et
1284 930 1421 986 malitiam
1438 932 1500 1002 ejus
1515 931 1615 1002 ingere
1626 930 1733 986 veliset
1748 933 1840 988 ileum

85 1024 164 1090 terit,
180 1029 210 1077 et
235 1038 266 1077 se
282 1022 318 1078 ab
343 1023 384 1078 eis
408 1039 474 1078 cum
498 1022 609 1096 gemitu
628 1023 762 1090 extrahit,
781 1022 936 1093 sedemque
989 1035 1090 1074 serum
1118 1037 1150 1075 ac
1184 1020 1246 1092 ejus
1283 1024 1428 1092 praecepta
1456 1019 1556 1091 sequi;
1588 1024 1656 1076 tuuc
1691 1019 1841 1076 considera

86 1129 167 1166 suam
190 1128 315 1167 moerens
352 1112 502 1184 dirumpit,
536 1111 675 1183 quoniam
695 1126 714 1165 a
744 1126 863 1182 corpore
884 1125 936 1164 suo
990 1109 1137 1179 quomodo
1175 1109 1275 1164 doctus
1300 1124 1329 1163 es
1351 1124 1366 1162 a
1391 1108 1467 1162 melo
1495 1107 1639 1164 declinare
1673 1114 1701 1164 et
1731 1110 1840 1164 bonum

85 1217 154 1256 cum
178 1201 312 1273 angustia
341 1217 373 1256 se
398 1202 513 1270 tollens,
541 1202 636 1256 locum
666 1199 852 1256 habitationis
876 1214 936 1254 suse
989 1197 1093 1266 iacere,
1116 1201 1146 1253 et
1169 1197 1237 1270 quia
1271 1196 1392 1252 coelestis
1421 1197 1505 1252 Pater
1532 1196 1685 1268 Unigenito
1708 1213 1758 1253 suo
1781 1213 1841 1254 nou

86 1291 180 1344 multo
210 1295 338 1344 tremore
367 1289 468 1344 cadere
503 1288 656 1359 permittit,
678 1288 834 1343 imminens
855 1287 937 1358 judi·
990 1285 1128 1357 pepercit,
1153 1285 1202 1342 sed
1230 1299 1297 1340 eum
1322 1284 1358 1341 ad
1380 1285 1581 1340 liberationem
1604 1289 1684 1339 tuem
1704 1284 1793 1353 misit,
1814 1289 1844 1341 et

86 1379 164 1434 cium
194 1378 313 1450 superni
339 1377 446 1449 judicis
475 1383 617 1448 metuens,
643 1377 713 1448 quia
738 1382 808 1432 tuuc
835 1375 938 1432 merita
990 1389 1042 1428 ora
1058 1375 1147 1428 neum
1170 1378 1202 1428 ut
1227 1361 1281 1428 tihi
1305 1377 1462 1440 succurrat,
1488 1378 1516 1428 et
1540 1373 1602 1444 ipse
1626 1377 1653 1428 te
1674 1373 1841 1442 exaudiens,

86 1481 210 1537 operum
247 1481 366 1521 suorum
394 1465 473 1534 justo
502 1464 612 1536 judicio
643 1465 695 1520 Dei
724 1465 837 1526 sentiet,
861 1465 939 1520 velut
990 1461 1088 1516 dicet:
1113 1460 1162 1516 isti
1181 1460 1257 1515 oculi
1280 1460 1351 1515 mihi
1380 1461 1503 1530 placent.
1529 1461 1563 1516 Et
1587 1460 1611 1515 si
1630 1466 1698 1516 tunc
1723 1462 1842 1518 taedium

86 1554 175 1608 etiam
198 1554 231 1608 iu
254 1553 439 1626 querelosus
465 1552 598 1624 superius
619 1553 793 1608 manifestat.
809 1553 938 1624 Quapro-
992 1548 1132 1620 abjeceris
1147 1549 1177 1604 in
1201 1548 1342 1603 mundatis
1369 1548 1420 1602 Dei
1444 1549 1556 1603 fortiter
1581 1565 1708 1618 currens,
1733 1550 1842 1606 clamo·

85 1648 152 1715 pter
169 1659 236 1698 curn
258 1658 289 1697 se
303 1643 357 1696 hoc
372 1643 456 1698 modo
474 1643 593 1697 resolvit
614 1642 731 1714 quidam
758 1641 893 1713 spiritus;
909 1645 938 1697 et
956 1622 977 1676 Β
992 1652 1053 1691 rem
1070 1652 1188 1710 precum
1208 1642 1323 1691 tuarum
1345 1635 1451 1708 ubique
1474 1636 1598 1691 exaudit.
1616 1637 1737 1692 Carnem
1764 1639 1842 1695 enim

86 1731 177 1788 lucidi
200 1738 228 1786 et
251 1731 381 1785 umbrosi
405 1730 524 1784 veniunt
552 1733 601 1801 qui
625 1730 695 1784 socii
713 1730 937 1785 conversationis
991 1729 1071 1780 tuam
1095 1725 1181 1780 debes
1207 1726 1324 1800 domare
1348 1730 1375 1778 et
1397 1725 1518 1796 imperio
1544 1725 1649 1781 enimse
1670 1726 1841 1799 'subjugare

86 1820 178 1890 ipsius
202 1820 361 1875 secuudum
386 1819 463 1891 quod
483 1819 595 1874 insede
619 1836 672 1873 sua
692 1824 835 1874 semovet
852 1824 935 1884 suut;
991 1811 1044 1868 Sed
1063 1819 1094 1867 tu
1108 1813 1178 1867 dicis
1195 1828 1201 1866 :
1218 1813 1308 1866 Tanta
1324 1816 1425 1866 ettam
1447 1828 1551 1884 mogun
1569 1815 1700 1884 pondera
1714 1815 1744 1869 iu
1758 1831 1842 1870 curus

88 1909 158 1980 quia
178 1909 210 1962 in
232 1908 406 1962 resolutione
428 1906 478 1961 illa
492 1923 558 1960 cum
573 1905 671 1960 anima
685 1905 809 1960 hominis
829 1907 939 1961 habita·
992 1917 1057 1956 mea
1072 1900 1177 1970 sentio,
1190 1901 1267 1972 qnod
1298 1916 1342 1954 me
1357 1917 1492 1970 superare
1509 1917 1565 1955 non
1582 1902 1671 1972 valeo„
1695 1902 1750 1958 Sed
1766 1920 1842 1975 quo-

87 1997 188 2051 culum
203 2013 286 2052 suum
303 1995 409 2051 deserit
427 1995 550 2067 angelici
569 1979 687 2065 spiritns
702 2000 728 2049 et
743 1995 810 2050 boni
827 2001 856 2049 et
870 1995 940 2051 mali
992 1989 1070 2044 uiam
1094 1989 1169 2043 Deus
1194 1989 1287 2043 bouus
1307 1994 1360 2053 est,
1375 1990 1437 2060 ipse
1455 2005 1499 2044 me
1525 1989 1635 2046 bonum
1650 1991 1745 2047 social-
1762 1992 1842 2057 Ono-

88 2085 249 2140 secundnm
270 2085 378 2156 justam
402 2091 429 2139 et
456 2100 553 2138 veram
584 2083 633 2138 nei
656 2084 865 2139 ordinationem
888 2084 937 2139 ad·
993 2077 1080 2132 modo
1098 2092 1212 2149 possem
1246 2092 1361 2130 carnem
1396 2093 1489 2132 meam
1518 2078 1635 2134 domare
1667 2096 1732 2136 cum
1756 2081 1843 2136 homo

89 2178 167 2242 suut,
183 2173 236 2246 qni
257 2174 432 2244 inspectores
451 2188 571 2243 operum
587 2171 664 2226 illius
688 2173 846 2228 secuudum
862 2172 938 2244 quod
993 2165 1070 2221 sim?
1085 2167 1160 2220 Deus
1182 2165 1275 2220 bonus
1302 2171 1355 2233 est,
1380 2165 1442 2237 ipso
1457 2167 1534 2220 bono
1557 2167 1655 2222 omnia
1669 2169 1699 2224 in
1716 2185 1761 2224 me
1777 2187 1845 2242 per-

88 2261 121 2316 iu
145 2278 265 2333 corpore
288 2255 347 2316 suo'
365 2277 430 2316 cum
465 2276 584 2332 corpore
613 2263 730 2329 operata
757 2263 801 2316 est
822 2261 940 2315 luerunt
993 2255 1079 2310 ficiet.
1104 2255 1173 2308 Nem
1206 2269 1271 2308 cum
1294 2253 1348 2308 sibi
1373 2254 1525 2325 placuerit,
1549 2271 1594 2311 me
1617 2255 1725 2312 bouum
1749 2258 1843 2313 lacere

89 2350 298 2405 resolutionem
314 2350 377 2420 ejus
400 2353 595 2419 exspectantes
618 2353 650 2402 ut
670 2352 826 2418 postquam
845 2364 938 2405 saex-
992 2343 1108 2414 poterit.
1124 2343 1178 2398 Sed
1206 2342 1258 2396 tibi
1279 2343 1439 2414 respondeo
1457 2359 1464 2398 :
1484 2343 1556 2398 Cum
1584 2345 1656 2398 bens
1677 2345 1770 2400 bouus
1795 2347 1842 2416 sit,

88 2440 207 2494 solverit
226 2455 289 2493 eam
305 2454 401 2493 secum
417 2438 570 2505 abducant,
586 2436 723 2508 quoniam
740 2436 796 2507 ipsi
822 2441 938 2492 senten·
992 2446 1044 2485 our
1064 2431 1220 2486 bonitatem
1242 2429 1304 2502 ejus
1327 2430 1398 2486 scire
1421 2431 1602 2487 contemnis?
1627 2431 1695 2503 quia
1719 2435 1780 2504 ipse
1799 2435 1843 2490 Fi-

87 2528 161 2582 tiam
173 2528 244 2599 justi
262 2527 367 2597 judicis
382 2527 417 2581 de
442 2527 537 2580 anima
563 2525 658 2580 illuiu
682 2525 862 2596 separatione
876 2526 939 2596 ejus
992 2519 1065 2574 lium
1089 2535 1173 2574 suum
1196 2534 1248 2589 pro
1277 2519 1451 2587 tetradidit;
1482 2520 1532 2592 qui
1557 2520 1630 2575 tciu
1647 2522 1744 2577 multis
1765 2539 1844 2578 reru·

88 2633 106 2670 u
125 2631 247 2687 corpore
274 2614 495 2685 praestolentur;
514 2618 543 2667 ut
566 2613 629 2683 ipse
651 2629 668 2666 a
690 2627 809 2684 corpore
833 2613 938 2681 soluta,
994 2607 1070 2662 mnis
1097 2613 1125 2661 et
1148 2607 1178 2660 in
1206 2607 1316 2678 magnis
1346 2608 1492 2662 laboribus
1525 2608 1560 2663 de
1583 2615 1675 2664 morte
1700 2609 1841 2668 liberavit.

89 2719 154 2759 eam
180 2703 288 2758 drrcaut
306 2719 365 2773 quo
389 2718 531 2773 supernus
552 2700 937 2771 judexjudicareritsecnn.
993 2694 1046 2751 Sed
1070 2710 1135 2750 oum
1164 2694 1244 2762 dicis,
1271 2694 1409 2765 quoniam
1433 2694 1509 2750 bona
1536 2712 1623 2767 opera
1644 2697 1757 2768 operari
1784 2716 1842 2755 non

90 2793 161 2848 dum
177 2791 279 2845 merita
293 2806 415 2862 operum
430 2789 507 2844 illius
521 2795 553 2844 ut
565 2789 606 2844 ibi
616 2789 857 2858 etiam,ohomo‚
871 2789 940 2846 tide·
993 2783 1097 2855 possis,
1123 2783 1176 2838 hoc
1204 2783 1234 2836 iu
1261 2783 1403 2854 injustitia
1436 2783 1597 2855 iniquitatis
1626 2785 1705 2840 dicis.
1738 2787 1842 2844 Oculos

91 2881 160 2936 liter
174 2885 429 2951 premonstratum
445 2885 498 2935 est.
994 2873 1073 2928 enim
1096 2872 1185 2927 hahes
1207 2871 1242 2926 ad
1258 2871 1426 2940 videndum,
1442 2887 1526 2926 aures
1538 2872 1574 2928 ad
1591 2873 1776 2949 audiendum,
1795 2891 1845 2932 cor

127 2970 236 3024 idcirco
259 2983 351 3034 roa,o
375 2967 535 3022 charissimi
557 2965 610 3022 tilii
633 2967 701 3035 mei,
722 2968 941 3023 oculosvestros
994 2962 1030 3016 ad
1052 2959 1247 3032 cogitandum,
1282 2976 1384 3014 manns
1412 2960 1448 3015 ad
1473 2961 1663 3032 operandum,
1692 2963 1780 3034 pedes
1807 2964 1844 3019 ad

90 3062 120 3114 et
133 3073 219 3112 aures
234 3060 339 3111 vestras
354 3055 475 3127 aperite,
494 3060 523 3111 et
544 3057 696 3127 proeceptis
719 3057 792 3112 meis
814 3056 938 3112 obedite.
994 3045 1226 3117 ambulandum}
1250 3048 1291 3103 ita
1313 3048 1392 3120 qnod
1414 3053 1474 3104 toto
1495 3065 1615 3121 corpore
1638 3055 1665 3104 te
1680 3056 1763 3121 potes
1787 3052 1845 3107 eri-

90 3148 125 3202 Et
139 3162 192 3200 cur
204 3146 455 3200 Patremvestrum
470 3145 664 3212 contemnitis,
681 3145 731 3216 qui
743 3145 836 3200 rosde
849 3148 940 3198 morte
995 3153 1063 3210 gere
1093 3139 1136 3192 rel
1157 3138 1318 3206 incurvare,
1341 3136 1467 3192 dormire
1494 3139 1538 3193 val
1560 3137 1691 3210 vigilare,
1719 3141 1842 3196 mandu-

89 3233 672 3305 liberarit?Choriangelorumcanunt:
696 3235 800 3288 duetus
822 3249 863 3298 er,
884 3235 941 3287 llo-
995 3243 1060 3282 care
1083 3232 1111 3282 et
1130 3225 1281 3298 jeiuuare3
1310 3225 1391 3281 sicta
1412 3225 1486 3281 Deus
1508 3226 1625 3282 creavit.
1644 3227 1846 3284 Uno'eetcou·
1935 3223 1939 3228 ’

90 3323 180 3383 mine.
196 3321 765 3393 quoniamjustitiaheinouhabetullam
778 3322 939 3388 maculam
995 3315 1179 3388 cupiscentiis
1219 3315 1313 3370 caruis
1338 3320 1396 3370 tuae
1422 3315 1521 3370 resiste
1546 3319 1574 3370 et
1600 3316 1675 3371 heus
1699 3316 1846 3388 adjurabit

91 3414 144 3486 qni
166 3410 253 3466 etiam
286 3410 434 3473 bominem
468 3426 526 3465 non
552 3409 684 3465 liberarit
708 3427 760 3464 sua
792 3414 940 3482 potestate,
995 3409 1034 3459 te.
1059 3405 1218 3458 Nemeum
1246 3408 1274 3457 te
1297 3404 1421 3474 opponis
1443 3403 1845 3461 diabolovelutlortishella·

90 3500 142 3556 sed
164 3499 375 3570 compassione,
399 3498 516 3570 quaudo
547 3499 649 3553 Filium
669 3514 753 3552 suum
777 3497 814 3553 ed
828 3498 941 3553 redem-
995 3497 1042 3547 tor
1054 3491 1171 3546 inimico
1192 3507 1261 3558 suo;
1279 3495 1347 3546 tunc
1371 3491 1445 3546 Deus
1462 3491 1620 3548 delectatur
1643 3493 1673 3548 in
1688 3493 1845 3550 certamine

91 3589 223 3662 ptiouem
246 3586 374 3642 hominis
403 3587 482 3642 misit
500 3586 530 3641 iu
562 3587 714 3642 muudum.
746 3586 843 3643 Solem
864 3585 942 3640 enim
995 3585 1057 3647 tuo,
1082 3581 1180 3634 rolens
1204 3585 1235 3634 ut
1258 3594 1324 3634 enm
1348 3579 1484 3634 omnibus
1510 3580 1590 3635 boris
1617 3585 1646 3636 et
1664 3581 1846 3639 inomuibus

92 3675 172 3731 nulla
198 3675 360 3746 inquinatio
384 3675 453 3730 fecis
485 3675 597 3746 polluit,
621 3675 661 3729 sic
682 3675 769 3731 etiam
783 3690 837 3730 uec
852 3675 942 3728 Deum
995 3667 1137 3740 angustiis
1164 3667 1219 3722 tuis
1244 3671 1409 3724 constanter
1427 3667 1551 3723 invoces.
1574 3668 1629 3724 Sed
1649 3685 1715 3724 cum
1729 3685 1845 3728 carnem

91 3767 152 3822 ulla
174 3765 346 3839 perversitas
371 3764 521 3836 injustitiae
542 3770 660 3837 tangere
683 3765 797 3836 poterit.
823 3763 876 3820 Sed
898 3767 941 3830 tu,
996 3763 1077 3814 tuam
1099 3771 1159 3810 nou
1181 3755 1223 3810 vis
1247 3755 1376 3826 domare,
1399 3761 1467 3811 tuuc
1482 3756 1550 3810 facis
1570 3772 1633 3812 eam
1647 3758 1766 3814 uitiiset
1779 3775 1845 3832 pec·

91 3855 225 3922 chamo,
240 3853 506 3925 incontemplatira
519 3853 639 3908 scientia
657 3853 766 3908 honum
781 3858 810 3907 et
834 3852 941 3907 malum
997 3845 1067 3900 catis
1094 3843 1218 3915 epulari,
1240 3843 1380 3914 quoniam
1404 3844 1431 3899 ⁰1
1454 3843 1569 3899 frenum
1593 3845 1707 3900 timoris
1732 3847 1848 3904 Domini

91 3943 220 4015 inspicis.
245 3944 277 3998 Et
297 3942 368 4015 quid
383 3958 413 3996 es
429 3958 436 3997 :
452 3941 563 3997 cumin
581 3940 766 3998 multitudiue
784 3940 942 3996 carnalium
996 3931 1154 3999 abstrahiR
1179 3947 1244 3986 cum
1268 3947 1325 4003 quo
1355 3947 1418 3988 eom
1441 3947 1570 3988 coercere
1597 3933 1726 4003 deberes,
1758 3950 1796 3990 ne
1816 3935 1848 3991 iu

91 4032 303 4089 desideriorum
327 4031 448 4086 sordes?
474 4031 507 4085 nt
532 4030 602 4101 quid
624 4047 656 4085 es
672 4046 678 4084 :
694 4046 760 4086 cum
779 4030 943 4086 clarissime
997 4020 1187 4094 perditionem
1211 4019 1275 4076 iret·
1306 4019 1489 4092 Quapropter
1510 4019 1551 4076 ita
1573 4021 1609 4076 ad
1634 4021 1781 4078 diabolum
1804 4040 1847 4080 re·

89 4136 218 4194 gemma
250 4120 390 4175 virtutum
420 4118 452 4174 in
474 4124 503 4174 te
526 4118 658 4191 fulgent?
682 4118 796 4174 primus
823 4119 944 4190 angelus
998 4110 1084 4182 apicis
1110 4109 1183 4164 sicut
1205 4114 1235 4164 et
1257 4109 1318 4180 ipse
1341 4110 1376 4165 ad
1403 4107 1586 4181 iniquitatem
1619 4111 1753 4182 respexit,
1782 4129 1848 4169 curu

91 4210 201 4265 bonum
234 4206 406 4278 contempsit
437 4211 466 4261 et
498 4208 607 4262 malum
645 4205 818 4279 concupivit,
854 4222 942 4278 quare
961 4214 983 4267 n
999 4199 1029 4253 in
1044 4203 1168 4253 mortem
1191 4197 1303 4252 cecidit.
1328 4197 1362 4252 Et
1384 4199 1446 4269 ipse
1463 4197 1497 4252 de
1518 4197 1681 4270 perditione
1700 4204 1751 4255 tua
1774 4216 1846 4272 gair-

93 4299 203 4354 malum
224 4295 256 4351 iu
278 4302 371 4351 morte
393 4300 510 4350 aeterne
534 4295 704 4367 perditionis
725 4294 844 4367 accepit,
866 4299 895 4348 et
912 4294 943 4348 iu
998 4288 1070 4343 dens
1095 4286 1183 4342 dicit:
1212 4287 1280 4342 Ecce
1312 4285 1401 4342 homo
1423 4285 1473 4359 qni
1497 4286 1580 4342 uobis
1603 4287 1704 4344 similis
1733 4294 1783 4346 est.
1813 4292 1847 4346 Et

93 4393 189 4442 morta
211 4386 346 4457 sepultus
368 4389 421 4453 est,
448 4385 517 4456 quia
538 4385 616 4456 quod
640 4384 751 4438 bonum
770 4389 814 4438 est
828 4382 943 4455 abjecit.
999 4381 1067 4431 tuno
1103 4390 1190 4446 super
1219 4379 1246 4430 le
1273 4374 1359 4441 cedit,
1395 4379 1483 4446 elque
1514 4375 1573 4430 tias
1600 4391 1666 4431 sues
1689 4375 1720 4432 in
1747 4379 1850 4434 umbra

93 4475 167 4532 Boni
190 4489 257 4529 vero
285 4473 382 4545 angeli
400 4473 508 4528 mulum
537 4476 774 4543 contempserunt
787 4477 817 4526 et
835 4471 945 4527 bonum
1000 4463 1102 4518 mortis
1125 4463 1281 4518 secondum
1310 4463 1387 4534 qood
1423 4463 1478 4518 sibi
1498 4463 1592 4536 placet
1614 4464 1644 4518 in
1671 4470 1699 4520 te
1722 4466 1848 4537 reponit.

93 4566 276 4626 amaverunt,
303 4578 401 4616 casum
426 4560 533 4617 diaboli
565 4560 694 4616 ridentes
717 4560 770 4632 qui
795 4560 944 4616 raritatem
1000 4551 1053 4608 Sed
1075 4553 1149 4607 Deus
1170 4551 1251 4607 novit
1273 4551 1343 4622 quid
1369 4551 1438 4607 honi
1462 4551 1556 4607 lacere
1577 4552 1687 4624 possis,
1702 4553 1767 4609 ideo
1796 4554 1850 4610 tibi

93 4651 212 4707 volebat
228 4649 406 4722 <opprimere
436 4653 466 4704 et
492 4648 676 4704 mendacium
710 4648 822 4719 erigere
844 4663 852 4703 ο
873 4663 945 4720 qua·
1000 4641 1047 4696 lex
1081 4639 1175 4712 posita
1204 4646 1255 4706 est,
1294 4641 1451 4697 secuudum
1492 4641 1567 4712 quod
1599 4641 1728 4696 laborare
1759 4649 1849 4714 potes.

94 4744 217 4813 propter
237 4738 306 4811 ipsis
328 4738 359 4792 in
373 4753 472 4792 amore
496 4737 546 4794 Dei
559 4740 728 4792 exarserunt
745 4735 863 4792 firmum
877 4736 947 4791 fun·
1001 4731 1076 4785 lteus
1100 4727 1135 4784 ab
1159 4727 1242 4784 initio
1268 4729 1366 4784 seculi
1394 4745 1485 4802 usque
1513 4729 1550 4784 ad
1572 4729 1852 4786 consummationem

94 4829 266 4884 (lamentum
296 4826 384 4882 totius
414 4825 484 4881 honi
509 4825 657 4896 hahentes,
680 4825 721 4881 ita
749 4825 827 4897 quod
868 4824 948 4880 atiud
1002 4818 1064 4889 ejus
1079 4817 1109 4873 in
1126 4818 1222 4873 electis
1244 4819 1303 4873 suis
1327 4817 1506 4890 complacere
1533 4818 1602 4886 vult,
1619 4823 1652 4874 ut
1671 4819 1729 4892 ipsi
1751 4818 1783 4875 in
1797 4820 1853 4874 cla-

95 4916 204 4973 nolunt
222 4930 310 4986 qnam
336 4914 415 4985 quod
439 4915 496 4969 lieo
515 4913 619 4985 placet,
641 4928 792 4985 nunquam
810 4913 841 4967 iu
861 4912 947 4968 laude
1002 4906 1086 4961 ritate
1105 4906 1243 4962 virtutum
1267 4907 1434 4963 fidelissime
1458 4906 1554 4962 ornati
1578 4913 1763 4964 coronentur.
1780 4907 1853 4972 Quo-

95 5005 160 5078 ejus
181 5006 332 5058 cessantes.
349 5001 406 5058 Sed
432 5006 461 5056 et
484 5001 595 5074 primus
618 5001 705 5056 homo
725 5001 818 5056 Deum
839 5015 944 5072 cogno·
1003 4995 1111 5051 modo‘l
1137 4997 1229 5052 Homo
1252 4996 1392 5067 voluptati
1413 4995 1506 5051 carnis
1527 5011 1588 5051 suae
1601 4997 1655 5051 hoc
1679 4996 1766 5051 modo
1779 4996 1852 5051 resi·

96 5093 193 5149 vitet
218 5107 286 5146 eum
316 5090 348 5146 in
376 5089 560 5162 simplicitate
593 5088 693 5145 dilexit
716 5104 748 5143 ac
770 5094 948 5160 preceptum
1003 5089 1058 5140 stat
1072 5101 1108 5139 ne
1121 5084 1230 5140 deliciis
1251 5084 1339 5155 hujus
1361 5083 1464 5140 mundi
1483 5083 1606 5151 diffluat,
1621 5100 1674 5140 uec
1689 5085 1777 5140 etiarn
1792 5091 1853 5140 tam

97 5183 161 5254 ejus
174 5180 333 5253 suscipiens
357 5197 386 5236 se
409 5178 583 5236 obedieutiae
605 5177 745 5246 subdidit,
765 5178 949 5249 postmodum
1003 5188 1102 5228 secure
1121 5173 1205 5244 visat,
1231 5173 1313 5244 quasi
1335 5173 1365 5227 in
1387 5171 1507 5244 propria
1532 5172 1619 5228 domo
1653 5189 1704 5227 sna
1725 5178 1852 5243 maneat,

96 5271 135 5326 ad
158 5271 268 5326 malum
295 5285 326 5325 se
354 5268 523 5338 incurrerit,
553 5265 781 5322 inobedientiam
803 5269 948 5337 operatus.
1005 5262 1142 5333 quoniam
1172 5263 1343 5334 peregrinus
1374 5265 1426 5328 est,
1458 5260 1526 5334 quia
1552 5262 1637 5316 Pater
1666 5260 1757 5333 ipsius
1788 5277 1855 5320 enm

96 5360 171 5416 Nam
200 5358 318 5414 cumei
342 5357 473 5414 diabeten
502 5356 612 5413 malum
638 5359 818 5428 suggereret,
840 5353 951 5412 bouum
1005 5355 1167 5423 exspectat3
1192 5351 1216 5406 si
1235 5351 1272 5408 ed
1292 5351 1389 5422 ipsum
1409 5350 1441 5406 in
1467 5350 1570 5408 oculum
1592 5349 1687 5407 redire
1712 5352 1783 5422 vult,
1802 5351 1856 5408 nbi

98 5447 229 5506 deseruit
253 5449 284 5504 et
304 5446 415 5517 malum
436 5443 621 5519 perpetrarit,
642 5446 672 5500 et
686 5443 723 5500 de
740 5441 872 5516 paradiso
894 5442 951 5512 eie·
1006 5455 1073 5498 eum
1094 5455 1155 5496 esse
1185 5439 1274 5496 novit.
1298 5437 1390 5508 Unde,
1414 5455 1431 5495 o
1454 5439 1555 5510 homo,
1578 5439 1603 5496 si
1621 5440 1717 5498 oculos
1736 5445 1800 5498 tuoe
1818 5441 1857 5500 ad
