3984 6034
159 190 212 246 787
896 184 925 244 S.
945 181 1189 243 athbruanni&
1853 188 1907 241 tea

159 323 283 391 quatuor
297 330 414 391 quoque
440 315 516 374 inter
530 322 617 390 caput
631 316 722 375 leonis
745 323 774 375 et
793 316 865 391 lupi,
880 321 1005 390 quatuor
1022 319 1117 373 ltase
1133 315 1314 389 aliquantum
1330 318 1480 389 separata,
1494 315 1526 373 in
1544 314 1688 386 eamdem,
1702 320 1807 384 rotam,
1822 320 1854 373 et
1867 316 1906 373 ad

159 408 334 479 interemat
348 406 410 479 lupi
435 410 465 463 et
484 406 554 474 ursi,
581 412 704 479 quatuor
718 408 806 463 etiam
820 407 896 463 inter
921 410 1008 477 ceput
1058 404 1152 477 ipsam
1186 404 1345 477 imaginem
1372 405 1455 479 quasi
1483 405 1658 477 quibusdam
1685 405 1784 461 rivulis
1812 406 1847 462 de
1877 422 1911 463 se

160 495 220 552 orsi
242 501 270 551 et
285 495 425 567 leopardi,
448 495 587 566 quoniam
601 495 692 551 iidem
719 495 848 551 doctores
867 511 921 567 per
934 510 1006 567 qua·
1059 494 1271 566 profluentibus
1297 510 1328 549 se
1357 499 1537 559 consumunt,
1560 494 1757 565 significantes
1784 498 1909 551 etcum

160 589 226 641 tuor
244 589 340 656 partes
367 584 470 639 mundi
495 584 627 641 timorem
663 585 787 651 Domini,
807 584 1007 657 judiciumque
1059 582 1147 639 homo
1175 598 1229 655 per
1260 582 1417 641 diabolicas
1443 582 1617 640 tentationes
1640 584 1840 654 impugnatur,
1870 585 1910 639 ad

160 672 220 743 ejus
236 677 265 727 et
279 671 434 727 infernales
449 688 547 743 poenas
572 687 638 727 cum
654 670 793 743 corporali
821 670 1008 727 tribulatione
1060 674 1187 727 mentem
1210 685 1293 727 suasu
1320 671 1567 743 qrrcmadmodum
1589 671 1647 726 duo
1661 674 1843 739 testamenta,
1865 672 1908 727 vi·

160 760 304 833 quoslibet
330 760 430 816 tidalee
460 774 646 831 expavescere
673 760 836 827 hortantur,
865 768 1008 833 quatenus
1060 758 1164 817 delicet
1185 759 1366 815 dilectionem
1381 761 1432 815 liei
1453 765 1481 813 et
1501 758 1625 831 proximi
1649 758 1776 831 colligat,
1800 776 1867 831 qum
1889 777 1910 815 a

159 865 212 922 per
233 848 419 905 formidinem
447 848 580 915 istorum,
613 848 725 903 etiamsi
748 848 930 905 dilectionem
955 848 1007 906 [lei
1058 864 1089 904 se
1114 848 1293 920 aliquantum
1319 848 1436 915 distant,
1460 847 1599 921 quoniam
1621 848 1738 904 dilectio
1752 848 1788 904 ad
1812 850 1906 905 Deum

159 942 396 1012 postposuerunt,
412 952 529 1009 peccare
544 936 690 993 desistant.
714 937 842 1004 Quarum
863 942 928 995 octo
942 954 1007 1010 qua
1060 937 1182 994 madeus
1196 937 1289 1008 major
1310 936 1465 995 dilectione
1494 935 1618 1009 proximi
1633 941 1685 1005 est,
1706 952 1740 992 ac
1757 937 1798 992 sic
1814 941 1909 993 rotam

161 1026 264 1083 media
291 1024 345 1081 sibi
366 1026 502 1097 utrinque
531 1025 686 1081 astantium
702 1025 849 1082 stellarum
870 1027 945 1082 inter
960 1042 1006 1081 ca·
1060 1024 1241 1082 saecularium
1273 1041 1420 1092 curarum,
1457 1041 1511 1083 nec
1545 1041 1605 1081 non
1643 1024 1910 1097 concupiscentiam

160 1114 221 1187 pita
245 1113 306 1169 haec
330 1118 408 1180 sunt,
436 1113 543 1168 scilicet
570 1114 634 1169 dare
649 1113 795 1170 interduo
817 1115 911 1187 capita
925 1114 1007 1186 quasi
1061 1114 1219 1171 cannabum
1246 1114 1500 1188 impugnationum
1514 1113 1681 1185 irrigatione
1698 1115 1784 1187 justae
1808 1115 1911 1173 admo-

161 1202 256 1259 radios
271 1217 337 1257 suos
352 1202 381 1256 in
398 1201 515 1272 siguum
529 1202 624 1257 tenuis
640 1201 714 1257 ueris
737 1201 792 1257 eibi
813 1203 939 1274 oppositi
958 1216 1005 1258 ex·
1060 1202 1361 1275 nitiouiaexstinguat.

161 1290 294 1357 madunt,
330 1289 514 1358 designantes
541 1289 620 1361 quod
652 1296 715 1345 octo
748 1290 940 1347 beatitudines
976 1290 1008 1345 in
1062 1325 1248 1399 Quodfidehf,
1281 1324 1329 1383 uis
1350 1324 1465 1381 mm·
1529 1322 1663 1383 pugne,-
1680 1326 1778 1383 &0020
1791 1344 1823 1383 η
1844 1343 1914 1382 „m

161 1378 338 1451 perfectione
376 1378 580 1449 praedictarum
603 1378 741 1435 virtutum
761 1379 909 1451 degentes,
936 1379 1008 1436 dile·
1095 1342 1408 1455 munrmgmzmgmm
1426 1342 1695 1453 reformationes
1711 1345 1915 1455 roboraris&

162 1466 344 1538 ctionemqua
368 1465 420 1522 llei
459 1470 488 1522 et
524 1466 650 1537 proximi
681 1466 911 1537 pronuntiantes,
942 1483 1010 1523 cum
1095 1470 1349 1597 gradiamur
1358 1466 1517 1540 pemaniut,
1532 1473 1562 1525 et
1577 1468 1667 1525 ocrdo
1683 1468 1820 1526 leoiaeod
1834 1468 1916 1526 wem

162 1570 275 1611 summo
290 1555 386 1611 studio
401 1553 607 1627 exspirationes
628 1570 694 1611 snas
718 1554 1009 1613 desideriislldelium
1096 1540 1206 1614 “99700
1286 1541 1519 1612 ”¹⁰⁰”97WW
1530 1539 1670 1611 emila·

161 1642 314 1699 hominum
339 1642 509 1711 infundunt,
529 1646 671 1715 qnatenus
701 1643 743 1700 illi
757 1643 890 1716 quamvis
904 1614 1050 1701 secalo¹³
1097 1647 1172 1702 llhv.
1189 1647 1222 1701 Et
1246 1646 1302 1701 hoc
1317 1644 1414 1713 modo,
1440 1643 1641 1716 utpraefatum
1664 1648 1717 1714 est,
1732 1643 1830 1717 imago
1849 1645 1915 1703 brec

161 1730 295 1804 plurimis
322 1730 415 1787 modis
430 1731 519 1787 dediti
540 1731 608 1800 sint,
636 1733 843 1805 temporalibus
866 1732 1009 1805 postpoai-
1063 1734 1153 1807 signis
1176 1734 1238 1790 istis
1267 1733 1394 1805 implexa
1426 1737 1456 1788 et
1482 1732 1658 1789 circumdata
1684 1737 1737 1801 eet,
1771 1732 1915 1806 quoniam

162 1821 210 1888 tia,
244 1806 282 1876 ad
312 1820 438 1877 caelestia
467 1820 613 1877 festinent.
649 1820 778 1893 Reliquae
809 1826 905 1878 autam
936 1825 1010 1889 octo,
1064 1821 1152 1879 homo
1168 1820 1271 1888 fidelis,
1293 1820 1344 1893 qui
1363 1820 1485 1894 vestigia
1503 1821 1569 1878 Filii
1596 1821 1648 1877 liei
1674 1820 1915 1879 fidelitersubse·

163 1924 229 1980 que
259 1924 292 1965 ax
314 1913 439 1981 utreque
461 1913 543 1981 parte
562 1910 667 1967 harum
696 1910 856 1966 mediarum
885 1910 1012 1983 prelatis
1064 1909 1172 1983 quitur,
1200 1908 1328 1966 claritate
1361 1910 1512 1966 beatarum
1546 1909 1687 1967 virtutum
1721 1910 1857 1967 ditemus
1885 1916 1917 1967 et

164 1997 305 2069 capitibus
330 1998 468 2069 proximae
483 1998 627 2066 videntur,
655 1986 733 2055 re'lut
747 1999 844 2056 radios
860 2016 928 2055 suos
952 2004 1012 2055 tan-
1064 2003 1195 2069 ornatus,
1221 1997 1275 2053 hoc
1314 1998 1399 2055 modo
1426 1998 1631 2069 circumdatur,
1671 2002 1814 2071 quamam
1845 2016 1917 2057 eum

164 2089 226 2141 tum
249 2085 283 2141 ad
308 2085 425 2156 nigrum
442 2084 542 2157 iguem
566 2085 705 2159 dirigunt,
730 2088 912 2145 ostendentes
934 2088 1013 2161 quod
1066 2086 1215 2144 diabolicis
1232 2084 1345 2142 insidiis
1366 2090 1509 2157 ereptum,
1532 2086 1567 2141 ad
1589 2085 1798 2142 beatitudinem
1811 2102 1916 2159 euper-

165 2174 275 2231 eredem
289 2172 483 2231 beatitudines
501 2178 531 2231 et
551 2174 582 2230 in
597 2175 788 2247 prosperitate
802 2181 831 2233 et
857 2177 888 2232 in
909 2176 1012 2233 adver·
1065 2190 1171 2232 norum
1192 2174 1365 2246 gaudiorum
1390 2174 1511 2231 feliciter
1530 2173 1699 2246 perducant,
1716 2174 1766 2231 ubi
1781 2174 1812 2231 in
1827 2181 1917 2231 ceter·

165 2261 248 2315 sitate
281 2274 355 2317 vera
381 2259 551 2331 perfectioni
580 2265 749 2317 caeterarum
775 2262 914 2318 virtutum
944 2262 1012 2319 asei-
1065 2280 1138 2321 uum
1160 2262 1308 2336 gaudebit,
1334 2262 1406 2319 lsaia
1432 2278 1514 2319 servo
1537 2277 1603 2319 meo
1625 2266 1779 2320 attestante
1804 2265 1857 2336 qni
1873 2266 1918 2321 di·

165 2351 284 2417 stantes,
304 2363 426 2405 acumen
448 2348 675 2422 exspirationum
697 2366 815 2407 suarum
841 2352 876 2408 ad
892 2352 1014 2423 judicia·
1066 2352 1152 2409 riez«
1174 2354 1230 2408 lete
1256 2352 1288 2407 in
1315 2351 1433 2407 excelsis
1460 2350 1612 2417 habitabit,
1632 2351 1816 2407 munimenta
1828 2367 1917 2407 earo·

166 2438 223 2493 lam
237 2436 337 2509 ignem
352 2436 482 2505 mittunt,
498 2437 543 2495 his
563 2439 613 2512 qui
628 2440 687 2495 lieo
701 2438 733 2495 in
753 2440 855 2512 spiritu
870 2440 1014 2498 deservire
1067 2456 1131 2496 mm
1157 2439 1320 2497 sublimitas
1348 2440 1422 2510 ejus,
1437 2439 1521 2511 panis
1536 2439 1564 2494 ei
1577 2438 1662 2498 datus
1676 2444 1731 2509 est,
1752 2455 1837 2513 aquae
1851 2441 1918 2512 ejus

167 2525 273 2581 debent
285 2525 449 2593 innuentes,
474 2527 549 2599 quod
570 2527 651 2583 nulla
665 2533 779 2600 peccata
795 2529 927 2601 quamvis
941 2528 1015 2585 levia
1067 2529 1166 2586 fideles
1178 2533 1255 2599 eunt.
1270 2529 1378 2601 Regem
1391 2529 1422 2584 iu
1434 2528 1536 2584 decore
1550 2543 1602 2584 suo
1627 2527 1747 2594 ridebit,
1761 2529 1838 2585 oculi
1852 2530 1919 2601 ejus

166 2613 197 2669 in
208 2615 368 2686 neglectum
385 2614 538 2687 ducantur,
561 2617 633 2690 quin
646 2617 851 2690 perjudicium
867 2622 896 2674 et
916 2617 1015 2675 vindi·
1067 2622 1188 2675 carnent
1213 2622 1321 2673 terrm
1347 2618 1384 2673 de
1411 2617 1497 2689 longe
1522 2616 1595 2687 (Iso.
1624 2616 1734 2687 xxxin).
1759 2638 1771 2665 ι
1799 2618 1857 2673 lloc
1876 2618 1920 2673 sic

166 2706 240 2757 ctam
256 2701 308 2758 Dei
321 2703 524 2763 examinentur.
1060 2706 1227 2763 intellectui
1238 2708 1334 2777 patet:
1350 2705 1406 2771 Qui
1419 2705 1455 2761 de
1471 2705 1588 2761 sinistra
1608 2713 1690 2777 parte
1707 2706 1744 2762 ad
1766 2706 1920 2762 dexteram

167 2808 639 2883 110mmy51500r025050di30ma
651 2810 1016 2885 Μῃριῑσῑιαιρριωωις.
1069 2796 1202 2865 declinat,
1224 2794 1375 2851 attendens
1388 2794 1458 2866 quia
1482 2795 1559 2849 licus
1580 2793 1735 2866 requiescit
1757 2810 1846 2865 saper
1861 2795 1919 2851 hu·

274 2880 382 2939 tutione
396 2880 523 2939 aliorum
536 2881 729 2939 carmaniam
742 2882 908 2941 stallorum.
1033 2886 1168 2968 ciuilem
1194 2889 1224 2941 et
1244 2882 1376 2955 quietum
1402 2883 1497 2949 corde,
1527 2882 1685 2953 superbum
1707 2882 1856 2939 diabolum
1873 2901 1922 2939 su·

202 2970 296 3027 llhllh
324 2970 407 3036 Quod
444 2976 539 3027 autem
578 2971 657 3027 rides
685 2971 764 3043 quod
798 2971 922 3028 circulus
948 2971 1016 3043 puri
1068 2976 1160 3045 perat,
1185 2986 1250 3027 cum
1274 2987 1305 3027 se
1322 2970 1419 3043 ipsum
1446 2971 1570 3026 conterit
1597 2970 1714 3027 diceus:
1737 2972 1812 3027 heus
1826 2972 1922 3028 oculis

167 3057 294 3127 etheris,
321 3059 445 3115 circulus
480 3074 596 3131 quoque
625 3058 706 3115 tortis
730 3066 759 3115 et
784 3060 842 3117 albi
869 3060 1016 3133 lucidique
1068 3061 1182 3118 duobus
1201 3076 1249 3115 me
1274 3058 1461 3127 illuminavit,
1484 3059 1591 3132 quibua
1612 3058 1760 3115 considero
1777 3066 1921 3131 quautam

169 3146 254 3218 aeris,
270 3147 353 3219 quasi
376 3146 465 3203 stallis
490 3146 572 3218 pleni
598 3150 676 3219 sunt,
700 3164 764 3220 que
788 3148 865 3205 velut
888 3149 1016 3222 fulgores
1068 3148 1191 3222 gloriam
1205 3148 1254 3203 tux
1276 3147 1308 3202 in
1329 3147 1456 3203 tenebris
1473 3146 1570 3213 habet,
1597 3146 1649 3203 ubi
1674 3147 1783 3221 eligere
1797 3164 1920 3220 possum

169 3250 237 3291 suos
251 3235 286 3293 ad
301 3234 357 3291 sibi
371 3235 519 3308 oppositas
546 3236 638 3293 nubes
659 3238 788 3307 mittunt,
803 3239 858 3295 hoc
871 3244 915 3295 ast
937 3238 1016 3311 quod
1068 3236 1192 3310 quasia
1213 3235 1356 3302 incedam,
1377 3234 1516 3308 quoniam
1538 3239 1589 3291 aut
1611 3235 1722 3303 videns,
1748 3241 1799 3292 aut
1826 3253 1922 3293 cacus

169 3323 320 3395 integritas
340 3340 415 3381 verra
433 3324 622 3397 paenitentia,
642 3326 791 3399 integritas
819 3344 934 3400 quoque
957 3327 1015 3384 dis·
1068 3341 1129 3394 ero,
1144 3340 1319 3396 cognoscens
1343 3324 1431 3381 etiam
1450 3339 1537 3397 quem
1561 3324 1711 3380 ductorem
1731 3325 1768 3380 ad
1782 3324 1861 3381 diem
1876 3327 1922 3383 rel

170 3410 305 3467 cretionis
324 3418 489 3469 sanctorum
511 3428 644 3486 operum,
666 3414 697 3471 iu
723 3416 925 3473 rationalitatis
939 3417 1015 3474 mul·
1069 3415 1106 3471 ad
1120 3419 1235 3480 uocum
1256 3413 1397 3470 invocem.
1421 3414 1482 3485 Ego
1504 3412 1583 3468 enim
1598 3412 1629 3467 in
1643 3412 1772 3470 tenebris
1790 3428 1839 3469 me
1851 3415 1922 3471 abs·

170 3498 261 3571 tiplici
275 3500 429 3571 splendore
443 3500 551 3574 rigent,
567 3503 705 3575 quoniam
730 3508 764 3561 ut
781 3505 871 3561 stellae
895 3505 1015 3562 divana
1068 3503 1229 3571 condendo,
1261 3501 1367 3558 lasciva
1389 3517 1479 3573 opera
1514 3501 1610 3557 iacere
1638 3517 1767 3573 possum,
1798 3518 1866 3573 qua
1888 3501 1922 3557 iu

171 3592 200 3643 et
213 3588 387 3661 multiplices
402 3594 478 3661 sunt,
502 3590 544 3647 sic
558 3592 644 3647 etiam
663 3596 693 3649 ct
707 3593 887 3665 paenitentia,
909 3593 1016 3651 disere-
1069 3592 1133 3649 lucc
1165 3594 1331 3664 perpetrare
1360 3606 1420 3645 non
1445 3590 1537 3657 valeo,
1573 3589 1641 3662 quia
1659 3589 1696 3645 ab
1722 3590 1860 3646 omnibus
1879 3590 1922 3646 ibi

170 3675 268 3749 tioque
287 3682 451 3735 sanctorum
473 3694 593 3752 operum
608 3682 836 3754 quamplurimas
856 3683 932 3738 vires
952 3682 1018 3739 bea-
1069 3680 1227 3737 asuntibus
1246 3678 1401 3753 inspicior;
1424 3678 1475 3735 sed
1496 3678 1640 3734 tamenin
1654 3678 1783 3735 tenebris
1802 3679 1920 3735 nullom

170 3766 302 3823 titudinis
324 3765 355 3823 in
377 3782 407 3823 se
429 3768 636 3839 demonstrant,
663 3770 900 3827 irrationabiles
921 3770 1017 3843 splen·
1071 3769 1236 3843 premium,
1261 3767 1313 3823 sed
1340 3767 1537 3824 damnabilem
1559 3782 1674 3838 ponam
1697 3782 1869 3839 consequar,
1892 3776 1925 3824 et

171 3854 289 3919 donibus
316 3855 376 3913 suis
395 3860 507 3914 mentae
528 3857 658 3914 fidelium
678 3858 798 3928 faciunt,
813 3860 951 3932 quoniam
975 3859 1018 3915 eis
1070 3859 1135 3915 ideo
1146 3856 1239 3915 cordis
1253 3872 1426 3930 pressuram,
1448 3871 1507 3928 qua
1532 3855 1657 3927 peccatis
1675 3855 1804 3911 oblector
1820 3856 1924 3911 vulne·

171 3944 339 4013 infundant,
353 3950 494 4017 quatenus
509 3946 606 4003 omnio
623 3962 712 4019 opera
724 3964 789 4020 que
810 3953 911 4021 agunt,
928 3949 1018 4005 ratio·
1069 3946 1151 4014 rabo,
1168 3946 1323 4016 vivumque
1344 3946 1436 4001 bearn
1454 3943 1604 4010 invocabo,
1628 3947 1771 4014 quatmus
1789 3943 1823 3998 in
1843 3943 1922 3999 viam

172 4031 281 4089 nabilis
294 4048 393 4089 coram
408 4034 466 4089 ileo
481 4041 649 4107 appareant.
1070 4034 1142 4091 lucis
1150 4050 1198 4089 me
1216 4033 1312 4099 ducat,
1327 4036 1357 4087 et
1368 4037 1402 4087 ut
1425 4032 1521 4089 ulcera
1543 4048 1608 4088 maa
1637 4034 1728 4100 curet,
1745 4047 1781 4086 ne
1799 4031 1833 4087 in
1855 4032 1922 4089 luce

173 4140 247 4195 ltem
269 4136 394 4211 mystica
412 4140 489 4197 ratio
503 4140 539 4197 da
556 4134 685 4199 utilitate
701 4144 964 4225 quotuorstatrmm
986 4142 1018 4199 in
1071 4138 1123 4196 ΡΨο
1136 4122 1181 4178 ¹¹5³
1202 4121 1379 4179 ‘'mbemm·
1395 4120 1478 4187 0¹¹⁰d
1498 4120 1569 4177 ‘¹⁰¹⁰
1587 4120 1694 4188 ΜΨ
1710 4120 1795 4177 f⁰¹¹⁰³
1815 4121 1924 4192 “9‘50'

205 4208 308 4267 dertro
327 4211 462 4293 scalena
478 4215 564 4284 porte
584 4212 722 4287 imagines
736 4214 831 4271 instar
853 4216 1019 4289 linguarum
1037 4212 1119 4270 llnis
1141 4226 1213 4267 mere
1235 4214 1418 4282 rumpentur,
1457 4209 1597 4283 quoniam
1631 4208 1786 4265 inimicum
1809 4224 1921 4277 meum,

206 4287 490 4340 ⁸⁰⁰⁰mm⁰⁰ffllwm=
1070 4300 1152 4372 cajus
1168 4298 1348 4373 suggestioni
1367 4298 1399 4353 iu
1422 4298 1551 4355 tenebris
1576 4312 1787 4365 consenseram,
1802 4302 1923 4369 captum

207 4388 298 4445 xtlv.
323 4389 403 4446 Unde
436 4394 466 4446 at
487 4388 596 4447 eadem
619 4389 709 4447 nabes
739 4390 773 4445 in
807 4390 906 4447 dextra
934 4397 1018 4464 parte
1071 4389 1127 4445 hoc
1141 4388 1226 4445 modo
1244 4388 1360 4455 tenebo,
1384 4388 1454 4461 quia
1467 4387 1498 4442 in
1513 4402 1560 4443 me
1578 4386 1681 4442 illnsm
1694 4391 1747 4441 est.
1769 4387 1820 4441 lite
1838 4401 1925 4442 nam·

173 4476 316 4549 praedicta
338 4477 481 4549 imaginis,
508 4484 647 4551 tanquam
672 4479 742 4535 duae
766 4480 881 4551 linguas
895 4480 930 4537 ab
943 4480 1018 4537 invi·
1071 4494 1128 4551 que
1143 4477 1193 4550 qui
1207 4477 1249 4531 sic
1262 4482 1399 4549 operatur
1416 4476 1447 4531 in
1468 4475 1586 4531 excelsis
1610 4475 1747 4531 coelorom
1770 4474 1924 4543 habitabit,

173 4570 394 4639 cemseparatae
419 4566 455 4623 de
467 4583 498 4623 se
513 4569 709 4640 preferentes,
723 4569 758 4625 ab
773 4568 815 4623 eie
832 4573 863 4625 ut
876 4570 1017 4641 quosdam
1071 4572 1158 4639 atque
1182 4564 1397 4621 munimentum
1420 4579 1565 4633 saxorum,
1591 4565 1671 4636 quod
1709 4563 1839 4620 Christos
1866 4571 1924 4633 est,

173 4654 280 4710 rivulos
308 4654 338 4711 iu
365 4655 558 4727 supradictam
586 4661 681 4712 rotam
708 4660 736 4713 et
764 4672 864 4713 versus
886 4659 1018 4715 eamdem
1070 4655 1231 4712 sublimitas
1245 4655 1308 4726 ejus
1340 4654 1405 4724 erit,
1427 4653 1477 4709 abi
1492 4653 1576 4724 panis
1596 4652 1662 4709 ritae
1678 4652 1705 4711 ei
1729 4652 1826 4719 dator,
1839 4655 1925 4725 cujus

172 4741 329 4815 imaginem
345 4743 484 4817 dirigunt,
496 4744 564 4817 quia
577 4750 689 4803 mentes
700 4746 850 4803 beatorum
863 4748 1017 4804 hominum
1072 4760 1204 4817 nunqum
1227 4743 1415 4801 relectionem
1437 4742 1567 4799 fastidire
1587 4745 1692 4813 potest,
1728 4740 1868 4814 quoniam
1891 4741 1925 4795 in

173 4831 208 4887 ad
233 4832 455 4905 prosperitatem
482 4849 565 4889 suam
594 4834 651 4891 duo
681 4839 862 4905 testamenta,
895 4836 1017 4893 alterum
1071 4832 1148 4889 dulci
1166 4838 1253 4905 gustu
1267 4847 1341 4887 rara
1355 4830 1503 4888 charitatis
1518 4847 1633 4903 semper
1653 4830 1819 4887 delectatur.
1843 4828 1923 4893 ooa-

174 4919 291 4993 quidem
303 4920 461 4978 sacrandum
482 4937 610 4992 carnem,
630 4924 753 4982 alterum
767 4940 834 4981 vero
859 4926 1017 4983 secundum
1071 4925 1190 4994 propter
1205 4927 1235 4978 et
1248 4920 1289 4977 sic
1302 4920 1395 4977 fluens
1410 4920 1520 4975 rivulus
1551 4919 1588 4974 de
1602 4918 1716 4975 virente
1741 4934 1816 4990 aqua
1830 4916 1922 4971 ellici·

173 5009 307 5081 spiritum
325 5026 342 5066 a
358 5027 389 5066 se
403 5011 549 5082 distantia,
579 5028 649 5068 ase
664 5012 772 5070 directa
799 5013 963 5081 ostendunt,
977 5013 1019 5069 ita
1070 5015 1128 5078 tur,
1142 5013 1235 5083 etper
1252 5011 1362 5066 donam
1377 5008 1469 5065 macti
1492 5008 1617 5080 Spiritus
1639 5008 1738 5064 omnia
1758 5021 1848 5078 opera
1865 5020 1921 5059 sua

173 5098 206 5149 ut
229 5098 326 5151 umen
353 5096 403 5151 illa
422 5096 452 5153 iu
477 5114 567 5153 unum
595 5098 784 5165 consentiant,
810 5100 888 5156 salut
910 5099 1018 5170 linguae
1071 5100 1103 5155 in
1116 5098 1267 5155 saeculata
1287 5097 1329 5153 ita
1348 5097 1454 5161 ssuunt,
1480 5100 1513 5151 at
1525 5094 1682 5152 columbini
1705 5094 1782 5151 oculi
1794 5092 1924 5165 Spiritus

172 5182 235 5239 istae
245 5182 367 5240 formam
390 5200 480 5241 unam
494 5186 611 5256 habent,
626 5202 750 5260 quorum
770 5188 1018 5245 testificationibus
1072 5187 1162 5243 sancti
1184 5187 1235 5243 illa
1260 5185 1425 5258 inspiciant,
1455 5184 1532 5241 unde
1564 5188 1595 5240 et
1623 5200 1707 5257 aquas
1731 5183 1795 5239 istae
1818 5179 1921 5237 lldeles

82 5352 84 5357 ι
173 5270 252 5327 orbis
281 5281 421 5330 terraram
446 5275 583 5347 repletus,
620 5274 765 5333 hominem
794 5276 829 5331 ad
853 5279 1019 5333 Creatorem
1072 5280 1150 5342 suut,
1179 5276 1249 5349 quia
1275 5290 1329 5331 nec
1353 5273 1578 5339 evacuabuntur,
1612 5288 1665 5328 nec
1691 5270 1924 5331 exsiccabuntur.

174 5372 257 5415 suum
278 5362 420 5433 respicere
442 5365 555 5421 domat.
581 5366 614 5421 lu
634 5363 750 5421 sinistra
765 5380 831 5420 sero
851 5364 1018 5436 parteillius
1072 5379 1126 5420 nec
1153 5364 1242 5421 homo
1273 5362 1315 5418 eis
1350 5361 1535 5429 saturabitur,
1569 5359 1707 5433 quoniam
1736 5360 1772 5414 ab
1809 5357 1924 5413 ouante

174 5447 329 5521 asignatis
340 5451 450 5510 ibidem
473 5452 608 5520 nubibus,
633 5453 710 5511 velat
728 5450 815 5510 etiam
829 5452 894 5509 dua
909 5451 1018 5525 linguae
1071 5452 1177 5520 linunt,
1202 5466 1255 5508 nec
1283 5450 1468 5507 altitudinem
1498 5464 1599 5506 eoram
1629 5448 1717 5505 homo
1736 5446 1867 5521 quondm
1889 5447 1924 5503 io
