3984 6034
152 113 204 166 987
877 103 904 158 S.
925 101 1164 159 altumaltum
1850 101 1909 155 988
1970 124 1971 133 ³

150 250 261 316 tegunt,
283 260 347 316 qne
371 242 555 298 dilectionem
580 241 632 296 liei
653 245 682 295 et
702 239 826 311 proximi
845 239 999 295 ostenden·
1017 240 1041 292 Α
1056 237 1136 292 nium
1158 236 1300 292 honorum
1324 250 1445 308 operum
1464 235 1494 291 in
1517 236 1620 291 cretum
1644 234 1811 307 reportavit,
1831 234 1912 289 siccat

150 338 203 401 tes,
230 337 308 388 etse
332 346 385 403 per
400 329 598 387 fortitudinem
625 329 766 385 bonorum
790 343 912 399 operum
935 342 999 381 eur·
1054 329 1083 380 et
1105 324 1136 379 in
1160 324 1280 396 antiqua
1306 324 1369 395 lege
1392 338 1444 395 per
1465 322 1547 395 signa
1566 320 1769 378 sacrificiorum
1797 320 1910 377 multo·

150 436 215 477 sum
249 420 400 492 angentes,
429 418 524 490 rigore
553 416 691 487 deposito,
721 415 884 471 necessitati
909 414 1002 487 proxi·
1054 413 1108 468 ties
1123 414 1328 486 praesignatum
1354 412 1456 479 luerat,
1479 416 1508 468 et
1530 415 1563 467 ut
1585 428 1638 484 per
1659 412 1754 483 ipsum
1769 411 1800 467 in
1817 409 1913 480 virgi·
1970 432 1971 501 q

149 524 264 565 morum
288 507 530 563 condescendunt.
553 504 686 575 lfysteria
706 504 794 559 etiam
830 519 999 559 arcanorum
1054 517 1108 557 nee
1133 508 1235 557 nature
1267 501 1370 557 deinde
1396 500 1570 572 completum
1595 500 1646 555 esi.
1674 501 1736 556 lfox
1763 499 1845 555 enim
1876 503 1913 552 ut
1970 506 1971 597 q

152 598 201 653 liei
223 595 483 668 comprehendunt,
509 593 646 665 quoniam
665 597 694 647 et
713 591 821 647 eaedem
844 592 897 646 alre
912 591 1000 646 etiam
1053 590 1144 645 Adam
1164 590 1277 646 noxiale
1292 604 1411 661 pomum
1434 589 1570 656 comedit,
1595 592 1711 660 gustum
1734 587 1912 659 inpeccatis
1970 600 1971 647 t

149 686 294 741 cmlestem
318 684 451 740 militiam
482 696 672 754 supernorum
700 681 855 752 spirituum
880 680 999 735 manife-
1055 679 1193 751 concepit,
1206 678 1247 733 ita
1270 682 1431 750 utpeccare
1450 682 1557 749 posset.
1574 677 1756 749 Quapropter
1769 680 1798 732 et
1819 691 1911 747 pera·
1970 672 1971 749 l

149 776 235 839 stant,
260 786 333 842 quos
354 772 428 827 bens
447 770 484 824 ad
507 770 619 823 vultum
639 784 724 823 sunm
749 769 853 841 posuit,
872 785 1001 840 eosspe·
1054 767 1159 823 disieca
1184 767 1276 839 glorie
1298 766 1415 838 abipso
1440 765 1659 831 sucassitoria
1679 764 1811 820 exsilium
1836 763 1909 817 mis-

150 861 215 915 cula
250 859 455 914 miraculorum
485 873 605 913 suorum
632 858 819 925 constituens,
843 872 910 912 cum
938 859 1000 913 vui-
1055 871 1103 911 sus
1125 860 1176 911 est.
1203 855 1304 911 Statim
1328 870 1442 926 quoqne
1474 853 1605 909 diabolus
1632 854 1776 908 luxuriam
1806 851 1911 906 adver-

149 952 212 1003 tum
234 946 326 1017 ipsius
345 943 512 1016 inspiciunt,
538 959 626 1016 quem
648 948 745 998 temen
775 944 856 999 nulla
878 942 1000 999 celebri·
1055 960 1103 999 sus
1121 945 1209 1002 Deum
1238 943 1367 1016 protulit,
1390 948 1420 999 et
1447 941 1627 997 nativitatem
1659 940 1813 996 bominum
1842 954 1911 994 cnm

150 1041 208 1091 tate
229 1035 334 1103 lendis,
356 1048 410 1088 nec
431 1032 490 1086 ullo
517 1031 641 1087 termino
670 1032 816 1087 adfinem
841 1031 1000 1102 perducere
1054 1032 1201 1103 impudica
1223 1030 1390 1087 confusione
1413 1030 1526 1096 evertit,
1550 1033 1637 1101 atque
1652 1028 1684 1083 in
1707 1028 1773 1085 delo
1789 1043 1847 1082 suo
1866 1042 1910 1081 eo
1970 1040 1971 1043 ’

150 1124 255 1178 valent.
275 1122 391 1177 Duabus
410 1126 506 1175 autern
528 1120 581 1175 alis
608 1136 624 1175 a
652 1119 779 1190 prefatis
802 1119 931 1174 humeris
956 1135 1001 1174 us·
1055 1121 1172 1192 gitabat,
1193 1121 1269 1191 quod
1285 1120 1371 1175 homo
1393 1119 1443 1193 qui
1460 1119 1490 1173 iu
1505 1118 1592 1173 tantis
1612 1116 1746 1172 sordidus
1762 1118 1853 1183 esset,
1869 1132 1911 1169 re·

150 1227 208 1285 que
221 1213 257 1267 ed
278 1210 413 1265 verticem
433 1208 592 1280 supradicti
619 1208 721 1279 capitis
742 1207 876 1263 deorsum
901 1224 932 1263 se
951 1224 999 1262 ex·
1054 1224 1142 1281 gnum
1163 1210 1300 1264 craterum
1325 1208 1431 1263 intrare
1456 1223 1515 1262 non
1537 1210 1633 1277 posset
1656 1204 1793 1277 quoniam
1816 1205 1910 1259 forni-

149 1299 346 1366 teudentibns,
359 1302 441 1353 vetus
456 1302 485 1353 et
504 1312 611 1352 novum
632 1300 836 1352 testamentum
855 1296 1000 1368 signitica-
1054 1296 1175 1352 cationis
1198 1312 1257 1352 nou
1286 1300 1362 1351 esset
1387 1296 1512 1368 populus
1538 1294 1667 1355 lisinec
1687 1292 1750 1364 ipse
1764 1293 1846 1347 Dens
1861 1308 1909 1347 eo·

150 1394 207 1452 tur,
229 1403 295 1461 quae
322 1386 518 1443 tortitudinem
548 1388 758 1457 preceptorum
789 1384 840 1439 liei
872 1388 998 1457 portent,
1054 1400 1129 1440 rum.
1154 1386 1186 1439 lu
1211 1384 1354 1455 spurcitiis
1379 1398 1504 1454 nemque
1535 1386 1631 1436 motus
1657 1380 1751 1435 caruis
1771 1380 1908 1437 diabolus

150 1483 179 1534 et
195 1492 227 1532 se
241 1477 276 1532 ad
291 1476 443 1547 antiquum
460 1473 613 1529 consilium
637 1472 808 1528 declinando
831 1473 998 1541 extendunt,
1054 1473 1136 1529 valde
1159 1473 1309 1546 gaudebat,
1332 1477 1362 1527 et
1382 1470 1458 1527 intra
1480 1487 1511 1526 sa
1531 1469 1665 1527 dicebat:
1690 1469 1788 1540 vdgo
1810 1469 1908 1523 bomi-

150 1582 216 1622 cnm
238 1566 269 1621 in
284 1563 374 1619 veteri
393 1566 564 1619 testamento
578 1562 727 1633 prophetie
740 1560 842 1617 Filium
860 1561 908 1616 [lei
928 1576 1002 1633 prve-
1019 1580 1040 1636 Β
1055 1578 1121 1619 nem
1136 1560 1172 1617 de
1194 1560 1322 1633 glorioso
1345 1561 1407 1615 loco
1427 1575 1479 1614 sno
1498 1557 1601 1630 dejeci,
1616 1572 1742 1629 eumque
1761 1556 1792 1611 iu
1814 1556 1907 1611 maxi·

150 1655 296 1724 dixeruut,
312 1669 400 1726 quem
422 1653 454 1709 in
470 1668 545 1708 novo
567 1652 621 1707 filii
634 1652 767 1708 Ecclesia
791 1668 844 1722 per
868 1650 999 1707 devotio·
1054 1666 1116 1706 mas
1130 1650 1230 1706 sordes
1245 1649 1320 1714 misi,
1349 1654 1378 1704 et
1391 1647 1457 1704 ideo
1472 1648 1550 1703 nulla
1564 1662 1633 1718 pare
1654 1646 1713 1700 fleo
1728 1644 1759 1700 in
1778 1644 1831 1699 illo
1854 1650 1907 1713 est,

150 1760 218 1800 nem
238 1743 306 1799 fidei
326 1746 524 1813 susceperuut.
553 1742 617 1812 lpse
640 1740 727 1795 etiarn
758 1744 927 1812 potestatem
948 1740 1000 1796 [tei
1054 1738 1122 1810 qnia
1140 1738 1201 1809 ipse
1224 1742 1301 1793 totus
1328 1736 1453 1794 mundus
1482 1736 1592 1791 nullam
1621 1732 1819 1789 sordiditatem
1846 1734 1908 1788 vult

149 1832 285 1896 declarat,
305 1846 372 1903 quse
394 1830 615 1902 possibilitatem
628 1827 743 1884 creandi
765 1832 793 1882 et
809 1827 934 1883 faciendi
949 1826 999 1899 qui
1053 1842 1106 1881 nec
1120 1827 1229 1898 recipit.
1255 1826 1438 1898 Quapropter
1451 1823 1581 1879 ethome
1596 1822 1626 1878 in
1645 1823 1707 1877 loeo
1722 1836 1788 1876 meo
1808 1837 1904 1877 rems-

149 1921 211 1976 vult
243 1920 340 1988 hebet,
371 1918 614 1990 quemadmodum
643 1922 673 1973 et
699 1916 759 1971 avis
790 1914 923 1986 expansis
946 1916 999 1970 alis
1053 1915 1143 1970 nebit.
1168 1936 1179 1964 ι
1214 1914 1268 1970 Sed
1313 1916 1387 1970 [leus
1413 1912 1566 1985 nunquam
1602 1915 1765 1983 serpentem
1804 1912 1908 1965 celavit

149 2006 210 2061 suis
231 2004 262 2061 in
283 2006 478 2072 altitudinem,
498 2004 531 2060 iu
550 2003 732 2059 latitudinem
754 2003 828 2058 etin
851 2002 999 2075 profundi·
1052 2002 1197 2076 quomodo
1232 2004 1381 2059 bominem
1406 2002 1527 2057 liberare
1559 2000 1656 2066 vellet,
1685 2004 1715 2053 et
1747 1998 1906 2069 spurcitiae

150 2099 239 2151 tatem
263 2095 349 2161 volet,
377 2093 516 2165 quoniam
545 2097 575 2147 et
597 2093 673 2148 Dens
695 2092 795 2147 omnia
815 2091 940 2147 coelestie
958 2108 999 2147 se·
1053 2108 1119 2164 que
1140 2108 1192 2165 per
1211 2093 1312 2147 dolum
1328 2090 1405 2147 illius
1426 2090 1610 2153 ebullierant,
1623 2103 1675 2161 per
1690 2087 1796 2142 Filium
1818 2104 1905 2143 snum

149 2187 228 2238 creta
246 2183 277 2237 in
292 2186 369 2237 recto
392 2180 661 2250 itinerejcoustituit
678 2181 765 2236 itaut
787 2181 999 2252 eorumsplen-
1052 2181 1153 2249 abluit,
1178 2185 1208 2236 et
1234 2181 1354 2236 vulnere
1379 2196 1444 2251 quoe
1468 2177 1582 2233 homini
1613 2175 1727 2231 luxuria
1760 2174 1906 2231 inflixerat

149 2270 204 2326 dor
218 2285 368 2341 nunquam
387 2272 486 2338 masat,
512 2273 541 2323 et
554 2268 586 2323 iu
600 2269 721 2323 veritate
735 2268 827 2340 ipsius
847 2284 1013 2340 nunquam*
1052 2284 1104 2341 per
1119 2269 1201 2323 illum
1217 2269 1331 2323 delevit.
1348 2268 1510 2323 lstndlteus
1520 2266 1551 2321 iu
1567 2264 1663 2341 medio
1678 2263 1817 2335 potentia
1831 2280 1903 2333 sua,

149 2358 238 2414 finem
260 2358 393 2422 habeant,
418 2356 491 2411 sicut
511 2371 564 2410 nee
584 2355 690 2410 veritas
711 2355 844 2411 umbram
867 2354 998 2410 falsitatis
1052 2359 1081 2412 in
1098 2374 1155 2429 qua
1178 2362 1244 2413 ente
1266 2356 1364 2412 omnia
1386 2355 1469 2411 initia
1493 2355 1559 2421 init,
1585 2358 1614 2409 et
1636 2352 1667 2408 in
1690 2350 1786 2408 medio
1811 2353 1905 2407 noctis

148 2446 246 2502 habet.
271 2445 332 2503 Alis
346 2460 413 2499 vero
427 2443 538 2500 duabus
556 2443 694 2499 alumbis
712 2443 842 2514 ejusdem
862 2443 998 2515 imaginis
1052 2447 1201 2502 infernalis
1225 2446 1305 2518 pulei
1329 2445 1408 2513 lecit,
1434 2444 1508 2499 sicut
1529 2449 1557 2499 et
1571 2444 1602 2499 in
1626 2441 1721 2497 medio
1742 2441 1835 2495 noctis
1851 2457 1905 2511 per

148 2550 241 2607 usque
269 2535 306 2589 ad
330 2534 421 2589 talum
443 2532 549 2604 pedum
575 2531 665 2604 ipsius
693 2531 941 2600 descendentibus,
969 2538 999 2588 et
1052 2538 1186 2607 angelum
1208 2533 1416 2605 percutientem
1441 2534 1614 2604 signaverat,
1643 2530 1674 2585 iu
1698 2528 1793 2583 medio
1823 2530 1904 2585 vide·

149 2639 180 2679 ee
200 2622 412 2695 aliquantutum
427 2621 509 2693 quasi
531 2622 566 2677 ad
588 2621 742 2677 volandum
756 2621 995 2693 expandentibus,
1050 2624 1117 2680 licet
1136 2624 1274 2696 potentiae
1291 2638 1350 2677 sure
1365 2622 1503 2693 quoniam
1524 2625 1627 2693 potens
1642 2622 1703 2674 erat
1717 2617 1809 2673 faeere
1825 2634 1906 2690 quas·

149 2728 277 2785 praesens
302 2712 440 2767 seculum
472 2716 502 2767 et
527 2712 657 2766 futurum
692 2710 864 2778 ostenditur,
893 2709 942 2766 nbi
965 2709 996 2765 in
1051 2728 1175 2785 eramque
1201 2712 1310 2779 volnit;
1338 2716 1423 2781 atque
1453 2710 1484 2765 in
1509 2710 1605 2765 medio
1625 2703 1816 2784 noctie‚lcum
1832 2711 1905 2764 anti·

149 2800 284 2873 prasenti
299 2799 446 2872 generatio
460 2798 632 2871 praeteritet
657 2798 715 2853 alis
737 2796 873 2866 succedit,
895 2802 924 2854 et
946 2796 996 2853 nbi
1051 2818 1126 2873 quus
1155 2801 1288 2856 inimicus
1309 2799 1433 2872 superba
1460 2798 1598 2871 opinione
1617 2800 1737 2870 putebat
1758 2800 1835 2873 quod
1851 2801 1905 2855 bu-

148 2889 180 2944 in
194 2889 291 2944 futuro
309 2887 450 2943 stabilitas
471 2887 661 2943 indeficientis
680 2885 746 2941 vitre
767 2886 909 2954 adveniet,
931 2902 997 2941 curn
1016 2872 1146 2946 Gmiues
1175 2890 1298 2961 cepisset
1316 2890 1391 2944 sicut
1417 2887 1514 2954 vellet,
1540 2893 1569 2943 et
1584 2888 1623 2942 its
1636 2892 1746 2944 taumm
1774 2888 1906 2945 multitu·

149 2977 326 3033 circafinem
349 2976 451 3031 muudi
471 2973 598 3044 idipsum
620 2973 860 3042 manifestabitur,
880 2974 996 3029 terrori-
1054 2979 1152 3035 diuam
1177 2978 1329 3034 hominum
1359 2976 1543 3049 possedisset,
1572 2976 1655 3048 qussi
1678 2994 1726 3032 eos
1749 2978 1780 3033 in
1807 2976 1905 3033 medio

148 3067 203 3121 bns
220 3071 249 3121 et
270 3064 411 3137 prodigiis
434 3062 656 3135 quamplurimis
676 3063 811 3117 eumdem
835 3061 925 3118 tinem
949 3078 998 3117 ve·
1053 3066 1146 3123 cordis
1169 3067 1214 3121 sui
1239 3065 1381 3121 heberet:
1408 3071 1477 3121 tuuc
1497 3065 1584 3121 fitius
1610 3066 1673 3132 Dei,
1703 3072 1735 3121 nt
1749 3065 1904 3138 praelatum

148 3153 193 3209 lut
223 3152 345 3207 volendo
379 3150 634 3222 procurrentibus.
667 3150 702 3205 itt
728 3149 833 3205 lumbis
857 3149 999 3221 ingluvies
1054 3160 1106 3224 est,
1129 3154 1244 3211 diabolo
1270 3153 1423 3218 nesciente,
1449 3156 1559 3209 occulte
1582 3154 1671 3222 venit,
1690 3160 1776 3227 atque
1797 3154 1903 3209 hnma-

148 3240 274 3309 gutturis
293 3237 425 3295 diabolici
449 3243 565 3310 gustum
587 3242 769 3309 peccatorum
787 3243 816 3292 et
839 3238 998 3293 ramalium
1053 3244 1143 3299 nitate
1164 3258 1215 3297 sue
1229 3243 1349 3298 hamum
1363 3241 1441 3297 itlius
1463 3258 1521 3314 qno
1534 3242 1667 3298 homiues
1690 3243 1823 3315 capiebat
1837 3258 1904 3297 con·

149 3327 358 3384 desideriorum
380 3326 521 3393 immittit,
542 3324 659 3381 ubicibi
672 3325 850 3381 descendunt
872 3328 901 3381 et
914 3326 998 3381 emit·
1052 3333 1148 3405 tregit,
1165 3346 1252 3403 quem
1266 3331 1353 3387 etiem
1377 3330 1496 3387 devictis
1521 3330 1650 3387 hostibus
1664 3329 1723 3385 suis
1741 3345 1795 3402 pro
1818 3330 1903 3402 signo

149 3421 261 3482 cuntur,
289 3419 318 3470 et
338 3414 390 3470 uui
420 3414 515 3470 cernis
550 3413 782 3485 concupiscentia
810 3414 840 3468 in
875 3414 999 3485 peccetis
1053 3418 1391 3493 erumpatinvexitvum
1411 3420 1503 3474 cruca
1525 3417 1819 3491 suspenderemus
1851 3434 1904 3473 suo

149 3502 267 3572 croscit3
290 3502 339 3558 sed
364 3501 461 3559 divina
490 3501 630 3573 protectio
661 3518 711 3557 eos
734 3501 872 3569 defendit,
904 3509 934 3558 et
955 3520 1000 3557 oa·
1052 3508 1209 3563 cumomni
1225 3506 1328 3563 militie
1357 3506 1478 3563 ooeiestis
1502 3506 1641 3561 exercitus
1660 3506 1796 3562 ostendit.
1823 3506 1903 3561 Unde

149 3589 273 3646 stitetm
295 3606 360 3646 cnm
375 3589 520 3647 erectione
544 3590 688 3646 bonorum
709 3607 828 3662 operum
852 3591 923 3662 ipsis
946 3592 999 3647 tri·
1053 3601 1083 3652 et
1104 3596 1181 3651 idem
1204 3595 1345 3650 exercitus
1364 3594 1509 3650 canticum
1536 3609 1618 3649 noves
1640 3593 1733 3649 laudis
1759 3593 1902 3657 elevabat,

149 3678 220 3735 buit
237 3680 309 3735 Nam
331 3680 407 3734 Dens
425 3678 549 3733 incestos
571 3683 652 3733 actus
676 3679 727 3751 qui
749 3696 802 3751 per
816 3684 927 3734 motum
945 3680 999 3734 tin·
1053 3684 1181 3757 gaudens
1213 3681 1290 3755 quod
1326 3685 1385 3735 lem
1415 3696 1522 3752 magne
1552 3680 1707 3735 multitudo
1748 3680 1902 3735 beatamne
1970 3666 1971 3675 ¹

148 3782 214 3839 quoe
246 3768 386 3840 serpentis
412 3766 571 3839 inprimis
601 3766 767 3822 bominibus
800 3772 998 3839 surrexerunt,
1053 3770 1247 3826 animeruma
1270 3774 1330 3824 tam
1345 3770 1507 3825 truculenta
1531 3768 1697 3839 captivitate
1722 3767 1845 3823 liberata
1860 3784 1903 3823 es-

148 3861 248 3928 postea
269 3872 322 3928 per
343 3856 492 3912 homiuem
510 3871 599 3910 nuum
616 3855 796 3924 constrinxit,
822 3855 874 3927 qni
894 3860 998 3928 poten-
1053 3864 1104 3927 set,
1132 3858 1200 3932 quia
1223 3856 1377 3929 predictus
1399 3856 1448 3912 uei
1464 3844 1551 3911 Filius
1571 3872 1619 3912 eas
1641 3855 1672 3911 in
1693 3856 1787 3911 losum
1811 3856 1906 3912 beati-

148 3945 226 4001 tibus
251 3945 304 4000 etis
332 3945 471 4017 virginea
505 3948 628 4010 naturae,
654 3943 782 3999 officium
817 3944 937 4000 luxuriae
967 3944 998 4000 in
1052 3946 1162 4003 tudinis
1173 3947 1369 4001 collocaverat.

92 4036 95 4041 '
148 4033 457 4089 meutibnehomiuum
472 4031 902 4103 mnuacamisjmacontrivtv.
1090 4036 1121 4090 Et
1162 4050 1250 4106 qnare
1296 4033 1480 4104 omnipotens
1523 4034 1596 4089 bens
1637 4032 1758 4088 unicum
1796 4031 1904 4088 Filium

149 4172 225 4240 Quid
267 4174 273 4185 .
318 4172 323 4186 .
691 4173 697 4185 ,
1016 4138 1136 4203 „suurn
1158 4122 1208 4195 qui
1229 4122 1484 4178 nullumdebitum
1508 4121 1539 4177 in
1562 4120 1686 4193 peccetis
1709 4120 1820 4185 habuit,
1837 4124 1902 4175 tau-

183 4172 998 4326 mzfflaecmffifflssnffwfflffmg
1052 4216 1108 4311 tas·
1122 4210 1267 4283 passiones
1288 4210 1348 4282 pati
1372 4208 1522 4281 permisit?
1548 4208 1655 4308 Idcirco
1684 4208 1824 4275 videlicet,
1865 4226 1903 4264 ne

182 4314 314 4385 videam
339 4320 367 4371 ει
383 4315 458 4388 quoa
481 4315 531 4371 pm·
562 4315 664 4382 Fam,
701 4315 816 4373 &rasolo
841 4314 995 4382 memte,
1051 4304 1187 4372 antiquus
1224 4300 1362 4370 deceptor
1413 4297 1502 4353 ullam
1538 4312 1719 4353 occasionem
1764 4295 1904 4351 adversus

183 4386 326 4466 muudum
338 4402 391 4457 per
404 4401 524 4444 corum
548 4385 710 4454 intraverit,
729 4389 758 4442 et
771 4385 890 4466 aliquid
909 4387 997 4441 Peter
1051 4388 1142 4443 Deun
1163 4387 1290 4456 heberet,
1306 4386 1375 4458 quia
1388 4386 1475 4441 homo
1496 4384 1539 4441 iili
1561 4386 1685 4441 libenter
1705 4392 1903 4451 consenserat,

183 4456 268 4513 'uum
277 4460 374 4513 *ΜΨ*
385 4457 537 4531 timim*
549 4457 828 4513 mmmmm·
1051 4486 1079 4533 et
1105 4476 1242 4548 quoniam
1279 4478 1424 4547 praecepta
1456 4474 1535 4531 itlius
1573 4489 1626 4546 per
1657 4473 1754 4529 omnis
1786 4478 1903 4528 secutus

185 4563 216 4617 V.
232 4561 312 4618 Unde
324 4568 354 4618 et
371 4564 485 4635 reliquo
503 4579 623 4636 corpore
640 4565 717 4619 volet
737 4562 859 4635 piscium
887 4567 917 4617 et
937 4578 997 4617 uon
1050 4564 1152 4621 iuerat.
1172 4564 1201 4621 Si
1221 4563 1298 4619 enim
1319 4564 1407 4620 homo
1425 4567 1556 4634 peccator
1573 4578 1626 4634 pro
1651 4563 1715 4619 aliis
1733 4562 1904 4619 horninibus

103 4656 108 4668 “
149 4650 309 4705 volatilium
337 4652 473 4724 pennulis
507 4669 558 4724 per
590 4656 685 4708 toturn
708 4653 802 4707 velato
829 4650 998 4723 designatur
1051 4648 1238 4723 occideretur,
1277 4652 1421 4724 malignus
1455 4651 1573 4723 spiritns
1608 4650 1717 4707 diceret
1745 4650 1821 4722 quod
1853 4650 1904 4706 ille

149 4739 226 4810 quod
243 4737 558 4813 siculforme'piscinm
578 4741 680 4795 formae
695 4739 856 4796 volatilium
870 4739 996 4796 dissimi-
1050 4743 1164 4798 nullum
1193 4742 1316 4797 liberere
1341 4744 1449 4813 posset,
1480 4740 1619 4812 quioniam
1647 4741 1683 4796 de
1699 4740 1827 4811 propriis
1841 4756 1905 4811 pec·

149 4826 184 4881 lis
203 4826 311 4894 existit,
334 4832 363 4883 et
377 4832 410 4883 ut
430 4828 575 4883 occultum
589 4833 633 4883 est
654 4827 801 4898 quomodo
821 4827 998 4900 pisces'nas·
1050 4831 1121 4887 catis
1152 4829 1317 4902 arguendus
1345 4833 1429 4899 esset,
1458 4828 1489 4883 iu
1518 4829 1624 4899 quibus
1650 4828 1677 4883 ei
1699 4827 1902 4893 consensisset,

148 4919 261 4982 cantur,
285 4922 315 4972 et
339 4917 463 4990 qualiter
491 4921 620 4972 crescent
643 4922 673 4971 et
692 4932 776 4989 aquae
791 4917 822 4972 in
837 4916 943 4988 quibus
956 4916 996 4970 vi·
1050 4924 1227 4992 quapropter
1249 4922 1278 4972 et
1302 4918 1411 4973 unllam
1435 4916 1658 4990 possibilitatem
1683 4917 1813 4985 haberet,
1826 4919 1861 4971 ut
1874 4920 1903 4969 et

149 5008 220 5060 vent
237 5003 373 5061 festinum
394 5021 511 5062 cursum
532 5005 648 5071 babent,
672 5010 701 5061 et
714 5007 808 5077 pisces
829 5007 916 5061 etiem
931 5020 998 5061 cnm
1051 5008 1106 5065 sibi
1132 5012 1161 5063 et
1183 5006 1246 5061 aliis
1269 5007 1368 5062 funem
1402 5004 1574 5077 captivitatis
1606 5005 1795 5062 abstraheret.
1819 5004 1901 5059 Unde

147 5092 218 5164 ipsis
238 5093 408 5151 festinanter
422 5095 527 5162 fluunt,
546 5093 586 5150 ita
607 5099 766 5166 quoquest
784 5093 871 5149 Filius
892 5094 942 5149 liei
959 5100 999 5149 to·
1050 5096 1148 5152 vivens
1169 5096 1245 5151 Deus
1266 5095 1370 5151 Filium
1384 5110 1469 5150 suum
1494 5094 1583 5163 dedit,
1606 5095 1689 5166 cnjus
1703 5094 1797 5151 forme
1820 5092 1900 5149 simi·

147 5187 195 5239 tus
211 5185 242 5241 iu
262 5182 413 5238 sanctitate
433 5188 586 5250 natusest,
609 5188 639 5238 et
651 5182 682 5238 in
697 5184 791 5239 aliem
812 5188 925 5250 ustura,
944 5182 997 5239 sci·
1051 5185 1087 5241 lis
1103 5184 1204 5241 formes
1222 5184 1288 5239 Adae
1307 5184 1371 5243 fuit.
1394 5188 1536 5251 quatenns
1557 5200 1610 5255 per
1632 5182 1837 5239 indumentum
1850 5181 1902 5237 hu·

148 5269 216 5327 licet
239 5272 275 5329 ab
288 5272 353 5328 aliis
367 5271 533 5329 bominibus
552 5276 710 5344 separatus,
731 5271 763 5326 in
781 5272 893 5343 justitie
920 5275 998 5327 totus
1051 5272 1199 5329 munitatis
1214 5289 1273 5329 sum
1288 5272 1435 5328 bominem
1450 5272 1615 5329 redimeret.

150 5364 265 5417 sanum
278 5360 344 5428 luit,
369 5360 398 5417 in
419 5364 521 5433 quaet
541 5361 692 5417 bominem
715 5360 847 5433 expansis
862 5359 915 5415 alis
936 5376 997 5416 orn·
