<?xml version="1.0" encoding="UTF-8"?>
<!DOCTYPE html PUBLIC "-//W3C//DTD XHTML 1.0 Transitional//EN"
    "http://www.w3.org/TR/xhtml1/DTD/xhtml1-transitional.dtd">
<html xmlns="http://www.w3.org/1999/xhtml" xml:lang="en" lang="en">
 <head>
  <title>
</title>
<meta http-equiv="Content-Type" content="text/html;charset=utf-8" />
  <meta name='ocr-system' content='tesseract 3.04.00' />
  <meta name='ocr-capabilities' content='ocr_page ocr_carea ocr_par ocr_line ocrx_word'/>
</head>
<body>
  <div class='ocr_page' id='page_1' title='image "./patrologiaecurs125unkngoog/patrologiaecurs125unkngoog_0181.png"; bbox 0 0 3984 6034; ppageno 0'>
   <div class='ocr_carea' id='block_1_1' title="bbox 75 179 1831 245">
    <p class='ocr_par' dir='ltr' id='par_1_1' title="bbox 75 179 1831 245">
     <span class='ocr_line' id='line_1_1' title="bbox 75 179 1831 245; baseline 0.003 -5"><span class='ocrx_word' id='word_1_1' title='bbox 75 186 131 240; x_wconf 75' lang='grc'><strong>353</strong></span> <span class='ocrx_word' id='word_1_2' title='bbox 702 179 887 242; x_wconf 67' lang='lat' dir='ltr'><strong>aristote.</strong></span> <span class='ocrx_word' id='word_1_3' title='bbox 900 179 1051 244; x_wconf 77' lang='lat' dir='ltr'><strong>-EPiST.</strong></span> <span class='ocrx_word' id='word_1_4' title='bbox 1072 179 1209 244; x_wconf 82' lang='lat' dir='ltr'><strong>cxxvltl.</strong></span> <span class='ocrx_word' id='word_1_5' title='bbox 1778 189 1831 245; x_wconf 76' lang='lat' dir='ltr'><strong>tet</strong></span> 
     </span>
    </p>
   </div>
   <div class='ocr_carea' id='block_1_2' title="bbox 73 315 1832 1276">
    <p class='ocr_par' dir='ltr' id='par_1_2' title="bbox 74 315 1830 480">
     <span class='ocr_line' id='line_1_2' title="bbox 75 315 1830 391; baseline 0.003 -20"><span class='ocrx_word' id='word_1_6' title='bbox 75 318 167 374; x_wconf 85' lang='lat' dir='ltr'><strong>verbo</strong></span> <span class='ocrx_word' id='word_1_7' title='bbox 186 317 337 390; x_wconf 82' lang='lat' dir='ltr'><strong>sapientire</strong></span> <span class='ocrx_word' id='word_1_8' title='bbox 351 317 442 374; x_wconf 88' lang='lat' dir='ltr'><strong>dicit:</strong></span> <span class='ocrx_word' id='word_1_9' title='bbox 467 316 543 372; x_wconf 83' lang='lat' dir='ltr'><strong>Deus</strong></span> <span class='ocrx_word' id='word_1_10' title='bbox 565 316 669 388; x_wconf 89' lang='lat' dir='ltr'><strong>plenus</strong></span> <span class='ocrx_word' id='word_1_11' title='bbox 693 321 737 372; x_wconf 93' lang='lat' dir='ltr'><strong>est</strong></span> <span class='ocrx_word' id='word_1_12' title='bbox 754 321 783 372; x_wconf 92' lang='lat' dir='ltr'><strong>et</strong></span> <span class='ocrx_word' id='word_1_13' title='bbox 806 317 928 390; x_wconf 86' lang='lat' dir='ltr'><strong>integer,</strong></span> <span class='ocrx_word' id='word_1_14' title='bbox 947 317 1019 380; x_wconf 66' lang='lat' dir='ltr'><strong>lde</strong></span> <span class='ocrx_word' id='word_1_15' title='bbox 1041 317 1086 374; x_wconf 90' lang='lat' dir='ltr'><strong>bis</strong></span> <span class='ocrx_word' id='word_1_16' title='bbox 1109 318 1216 374; x_wconf 89' lang='lat' dir='ltr'><strong>sentias</strong></span> <span class='ocrx_word' id='word_1_17' title='bbox 1244 333 1315 390; x_wconf 90' lang='lat' dir='ltr'><strong>rogo</strong></span> <span class='ocrx_word' id='word_1_18' title='bbox 1349 326 1381 372; x_wconf 93' lang='lat' dir='ltr'><strong>ut</strong></span> <span class='ocrx_word' id='word_1_19' title='bbox 1399 333 1452 389; x_wconf 88' lang='lat' dir='ltr'><strong>per</strong></span> <span class='ocrx_word' id='word_1_20' title='bbox 1478 315 1583 391; x_wconf 87' lang='lat' dir='ltr'><strong>scripta</strong></span> <span class='ocrx_word' id='word_1_21' title='bbox 1609 325 1659 375; x_wconf 92' lang='lat' dir='ltr'><strong>tua</strong></span> <span class='ocrx_word' id='word_1_22' title='bbox 1683 320 1755 377; x_wconf 91' lang='lat' dir='ltr'><strong>mibi</strong></span> <span class='ocrx_word' id='word_1_23' title='bbox 1781 337 1830 376; x_wconf 88' lang='lat' dir='ltr'><strong>re-</strong></span> 
     </span>
     <span class='ocr_line' id='line_1_3' title="bbox 74 405 1110 480; baseline 0 -18"><span class='ocrx_word' id='word_1_24' title='bbox 74 413 106 462; x_wconf 87' lang='lat' dir='ltr'><strong>et</strong></span> <span class='ocrx_word' id='word_1_25' title='bbox 120 408 233 480; x_wconf 87' lang='lat' dir='ltr'><strong>absque</strong></span> <span class='ocrx_word' id='word_1_26' title='bbox 258 405 400 478; x_wconf 89' lang='lat' dir='ltr'><strong>principio</strong></span> <span class='ocrx_word' id='word_1_27' title='bbox 427 410 602 477; x_wconf 90' lang='lat' dir='ltr'><strong>temporum,</strong></span> <span class='ocrx_word' id='word_1_28' title='bbox 620 411 649 460; x_wconf 87' lang='lat' dir='ltr'><strong>et</strong></span> <span class='ocrx_word' id='word_1_29' title='bbox 667 405 733 460; x_wconf 91' lang='lat' dir='ltr'><strong>ideo</strong></span> <span class='ocrx_word' id='word_1_30' title='bbox 758 422 815 460; x_wconf 90' lang='lat' dir='ltr'><strong>uon</strong></span> <span class='ocrx_word' id='word_1_31' title='bbox 833 411 931 476; x_wconf 88' lang='lat' dir='ltr'><strong>potest</strong></span> <span class='ocrx_word' id='word_1_32' title='bbox 984 408 1110 462; x_wconf 88' lang='lat' dir='ltr'><strong>nunties.</strong></span> 
     </span>
    </p>

    <p class='ocr_par' dir='ltr' id='par_1_3' title="bbox 73 493 1643 565">
     <span class='ocr_line' id='line_1_4' title="bbox 73 493 1643 565; baseline -0.001 -14"><span class='ocrx_word' id='word_1_33' title='bbox 73 496 169 552; x_wconf 89' lang='lat' dir='ltr'><strong>dividi</strong></span> <span class='ocrx_word' id='word_1_34' title='bbox 189 511 332 562; x_wconf 90' lang='lat' dir='ltr'><strong>sermone,</strong></span> <span class='ocrx_word' id='word_1_35' title='bbox 349 497 423 549; x_wconf 86' lang='lat' dir='ltr'><strong>sicut</strong></span> <span class='ocrx_word' id='word_1_36' title='bbox 436 495 525 550; x_wconf 92' lang='lat' dir='ltr'><strong>bomo</strong></span> <span class='ocrx_word' id='word_1_37' title='bbox 543 493 634 549; x_wconf 85' lang='lat' dir='ltr'><strong>dividi</strong></span> <span class='ocrx_word' id='word_1_38' title='bbox 652 499 770 565; x_wconf 86' lang='lat' dir='ltr'><strong>potest:</strong></span> <span class='ocrx_word' id='word_1_39' title='bbox 791 494 930 565; x_wconf 90' lang='lat' dir='ltr'><strong>quoniam</strong></span> <span class='ocrx_word' id='word_1_40' title='bbox 1171 494 1378 552; x_wconf 70' lang='lat' dir='ltr'><strong>RESPONSUM</strong></span> <span class='ocrx_word' id='word_1_41' title='bbox 1402 496 1643 552; x_wconf 69' lang='lat' dir='ltr'><strong>dimetiendis,</strong></span> 
     </span>
    </p>

    <p class='ocr_par' dir='ltr' id='par_1_4' title="bbox 74 581 1831 742">
     <span class='ocr_line' id='line_1_5' title="bbox 75 581 1831 664; baseline 0.002 -26"><span class='ocrx_word' id='word_1_42' title='bbox 75 585 157 638; x_wconf 83' lang='lat' dir='ltr'><strong>Deus</strong></span> <span class='ocrx_word' id='word_1_43' title='bbox 182 588 275 639; x_wconf 91' lang='lat' dir='ltr'><strong>totum</strong></span> <span class='ocrx_word' id='word_1_44' title='bbox 297 589 341 638; x_wconf 86' lang='lat' dir='ltr'><strong>est</strong></span> <span class='ocrx_word' id='word_1_45' title='bbox 358 590 388 638; x_wconf 90' lang='lat' dir='ltr'><strong>et</strong></span> <span class='ocrx_word' id='word_1_46' title='bbox 413 599 472 638; x_wconf 92' lang='lat' dir='ltr'><strong>nou</strong></span> <span class='ocrx_word' id='word_1_47' title='bbox 493 584 575 647; x_wconf 88' lang='lat' dir='ltr'><strong>alius,</strong></span> <span class='ocrx_word' id='word_1_48' title='bbox 600 600 633 638; x_wconf 87' lang='lat' dir='ltr'><strong>ec</strong></span> <span class='ocrx_word' id='word_1_49' title='bbox 658 583 764 638; x_wconf 90' lang='lat' dir='ltr'><strong>idcirco</strong></span> <span class='ocrx_word' id='word_1_50' title='bbox 797 583 839 638; x_wconf 91' lang='lat' dir='ltr'><strong>illi</strong></span> <span class='ocrx_word' id='word_1_51' title='bbox 858 581 930 638; x_wconf 88' lang='lat' dir='ltr'>nihil</span> <span class='ocrx_word' id='word_1_52' title='bbox 987 585 1029 640; x_wconf 84' lang='lat' dir='ltr'><strong>De</strong></span> <span class='ocrx_word' id='word_1_53' title='bbox 1052 583 1142 640; x_wconf 62' lang='lat' dir='ltr'><strong>varim</strong></span> <span class='ocrx_word' id='word_1_54' title='bbox 1165 583 1368 664; x_wconf 77' lang='lat' dir='ltr'><strong>daemoniorum</strong></span> <span class='ocrx_word' id='word_1_55' title='bbox 1386 584 1537 656; x_wconf 73' lang='lat' dir='ltr'><strong>generibus</strong></span> <span class='ocrx_word' id='word_1_56' title='bbox 1562 588 1590 638; x_wconf 88' lang='lat' dir='ltr'><strong>el</strong></span> <span class='ocrx_word' id='word_1_57' title='bbox 1617 585 1756 656; x_wconf 85' lang='lat' dir='ltr'><strong>quomedo</strong></span> <span class='ocrx_word' id='word_1_58' title='bbox 1783 603 1831 644; x_wconf 80' lang='lat' dir='ltr'><strong>eoa</strong></span> 
     </span>
     <span class='ocr_line' id='line_1_6' title="bbox 74 660 1532 742; baseline 0 -16"><span class='ocrx_word' id='word_1_59' title='bbox 74 673 307 728; x_wconf 84' lang='lat' dir='ltr'><strong>abstrahendum</strong></span> <span class='ocrx_word' id='word_1_60' title='bbox 328 678 378 727; x_wconf 89' lang='lat' dir='ltr'><strong>aul</strong></span> <span class='ocrx_word' id='word_1_61' title='bbox 394 672 560 728; x_wconf 88' lang='lat' dir='ltr'><strong>addendum</strong></span> <span class='ocrx_word' id='word_1_62' title='bbox 574 677 625 726; x_wconf 88' lang='lat' dir='ltr'><strong>est.</strong></span> <span class='ocrx_word' id='word_1_63' title='bbox 642 672 714 726; x_wconf 89' lang='lat' dir='ltr'><strong>Nam</strong></span> <span class='ocrx_word' id='word_1_64' title='bbox 729 672 816 726; x_wconf 90' lang='lat' dir='ltr'><strong>etiam</strong></span> <span class='ocrx_word' id='word_1_65' title='bbox 831 675 860 725; x_wconf 92' lang='lat' dir='ltr'><strong>et</strong></span> <span class='ocrx_word' id='word_1_66' title='bbox 879 686 929 742; x_wconf 90' lang='lat' dir='ltr'><strong>pa·</strong></span> <span class='ocrx_word' id='word_1_67' title='bbox 1275 660 1367 740; x_wconf 60' lang='lat'><strong>9⁰⁸⁸}</strong></span> <span class='ocrx_word' id='word_1_68' title='bbox 1384 671 1532 726; x_wconf 60' lang='lat' dir='ltr'><strong>‘ulmi‘-</strong></span> 
     </span>
    </p>

    <p class='ocr_par' dir='ltr' id='par_1_5' title="bbox 73 759 1832 1276">
     <span class='ocr_line' id='line_1_7' title="bbox 76 759 1831 832; baseline 0.003 -18"><span class='ocrx_word' id='word_1_69' title='bbox 76 760 201 814; x_wconf 82' lang='lat' dir='ltr'><strong>seruitus</strong></span> <span class='ocrx_word' id='word_1_70' title='bbox 215 764 244 814; x_wconf 87' lang='lat' dir='ltr'><strong>et</strong></span> <span class='ocrx_word' id='word_1_71' title='bbox 256 759 390 815; x_wconf 86' lang='lat' dir='ltr'><strong>diviuitas</strong></span> <span class='ocrx_word' id='word_1_72' title='bbox 404 764 448 814; x_wconf 89' lang='lat' dir='ltr'><strong>est</strong></span> <span class='ocrx_word' id='word_1_73' title='bbox 467 760 526 826; x_wconf 92' lang='lat' dir='ltr'><strong>ille,</strong></span> <span class='ocrx_word' id='word_1_74' title='bbox 543 760 594 831; x_wconf 92' lang='lat' dir='ltr'><strong>qui</strong></span> <span class='ocrx_word' id='word_1_75' title='bbox 609 763 662 827; x_wconf 89' lang='lat' dir='ltr'><strong>est,</strong></span> <span class='ocrx_word' id='word_1_76' title='bbox 684 764 717 813; x_wconf 94' lang='lat' dir='ltr'><strong>ut</strong></span> <span class='ocrx_word' id='word_1_77' title='bbox 739 759 849 814; x_wconf 91' lang='lat' dir='ltr'><strong>dictum</strong></span> <span class='ocrx_word' id='word_1_78' title='bbox 875 763 929 824; x_wconf 89' lang='lat' dir='ltr'><strong>est,</strong></span> <span class='ocrx_word' id='word_1_79' title='bbox 1019 760 1153 816; x_wconf 77' lang='lat' dir='ltr'><strong>Animam</strong></span> <span class='ocrx_word' id='word_1_80' title='bbox 1169 767 1248 818; x_wconf 91' lang='lat' dir='ltr'><strong>tuam</strong></span> <span class='ocrx_word' id='word_1_81' title='bbox 1272 761 1302 816; x_wconf 92' lang='lat' dir='ltr'><strong>in</strong></span> <span class='ocrx_word' id='word_1_82' title='bbox 1325 761 1435 817; x_wconf 88' lang='lat' dir='ltr'><strong>duabus</strong></span> <span class='ocrx_word' id='word_1_83' title='bbox 1463 760 1591 832; x_wconf 87' lang='lat' dir='ltr'><strong>partibus</strong></span> <span class='ocrx_word' id='word_1_84' title='bbox 1607 761 1700 832; x_wconf 87' lang='lat' dir='ltr'><strong>video,</strong></span> <span class='ocrx_word' id='word_1_85' title='bbox 1724 764 1831 820; x_wconf 85' lang='lat' dir='ltr'><strong>scilicet</strong></span> 
     </span>
     <span class='ocr_line' id='line_1_8' title="bbox 74 845 1830 920; baseline 0.003 -17"><span class='ocrx_word' id='word_1_86' title='bbox 74 847 481 920; x_wconf 71' lang='lat' dir='ltr'><strong>Bpommqus&#39;eumlEeod.</strong></span> <span class='ocrx_word' id='word_1_87' title='bbox 501 847 623 918; x_wconf 88' lang='lat' dir='ltr'><strong>ru),ete.</strong></span> <span class='ocrx_word' id='word_1_88' title='bbox 639 848 753 913; x_wconf 84' lang='lat' dir='ltr'><strong>Quiest</strong></span> <span class='ocrx_word' id='word_1_89' title='bbox 771 845 930 918; x_wconf 90' lang='lat' dir='ltr'><strong>plenitudi·</strong></span> <span class='ocrx_word' id='word_1_90' title='bbox 983 848 1015 904; x_wconf 88' lang='lat' dir='ltr'><strong>in</strong></span> <span class='ocrx_word' id='word_1_91' title='bbox 1042 849 1132 904; x_wconf 87' lang='lat' dir='ltr'><strong>altera</strong></span> <span class='ocrx_word' id='word_1_92' title='bbox 1159 855 1191 904; x_wconf 94' lang='lat' dir='ltr'><strong>ut</strong></span> <span class='ocrx_word' id='word_1_93' title='bbox 1218 850 1362 918; x_wconf 78' lang='lat' dir='ltr'><strong>ascendat,</strong></span> <span class='ocrx_word' id='word_1_94' title='bbox 1397 850 1427 904; x_wconf 92' lang='lat' dir='ltr'><strong>in</strong></span> <span class='ocrx_word' id='word_1_95' title='bbox 1462 849 1551 904; x_wconf 87' lang='lat' dir='ltr'><strong>altera</strong></span> <span class='ocrx_word' id='word_1_96' title='bbox 1574 855 1606 904; x_wconf 93' lang='lat' dir='ltr'><strong>ut</strong></span> <span class='ocrx_word' id='word_1_97' title='bbox 1625 857 1760 920; x_wconf 87' lang='lat' dir='ltr'><strong>meneat;</strong></span> <span class='ocrx_word' id='word_1_98' title='bbox 1782 853 1830 908; x_wconf 87' lang='lat' dir='ltr'><strong>sed</strong></span> 
     </span>
     <span class='ocr_line' id='line_1_9' title="bbox 74 934 1831 1009; baseline 0.003 -19"><span class='ocrx_word' id='word_1_99' title='bbox 74 953 145 992; x_wconf 88' lang='lat' dir='ltr'><strong>nem</strong></span> <span class='ocrx_word' id='word_1_100' title='bbox 172 938 271 993; x_wconf 90' lang='lat' dir='ltr'><strong>babet.</strong></span> <span class='ocrx_word' id='word_1_101' title='bbox 306 936 473 1002; x_wconf 77' lang='lat' dir='ltr'><strong>Quomodo?</strong></span> <span class='ocrx_word' id='word_1_102' title='bbox 510 937 655 1000; x_wconf 78' lang='lat' dir='ltr'><strong>Faciendi,</strong></span> <span class='ocrx_word' id='word_1_103' title='bbox 691 934 819 1003; x_wconf 88' lang='lat' dir='ltr'><strong>creandi,</strong></span> <span class='ocrx_word' id='word_1_104' title='bbox 846 935 930 1007; x_wconf 88' lang='lat' dir='ltr'><strong>proli·</strong></span> <span class='ocrx_word' id='word_1_105' title='bbox 985 938 1059 992; x_wconf 85' lang='lat' dir='ltr'><strong>Dens</strong></span> <span class='ocrx_word' id='word_1_106' title='bbox 1079 945 1205 994; x_wconf 89' lang='lat' dir='ltr'><strong>mentem</strong></span> <span class='ocrx_word' id='word_1_107' title='bbox 1232 944 1311 994; x_wconf 91' lang='lat' dir='ltr'><strong>tuam</strong></span> <span class='ocrx_word' id='word_1_108' title='bbox 1334 938 1444 1009; x_wconf 77' lang='lat' dir='ltr'><strong>colligit</strong></span> <span class='ocrx_word' id='word_1_109' title='bbox 1472 939 1629 994; x_wconf 87' lang='lat' dir='ltr'><strong>secuudum</strong></span> <span class='ocrx_word' id='word_1_110' title='bbox 1655 940 1831 996; x_wconf 88' lang='lat' dir='ltr'><strong>voluntatem</strong></span> 
     </span>
     <span class='ocr_line' id='line_1_10' title="bbox 73 1024 1831 1097; baseline 0.003 -17"><span class='ocrx_word' id='word_1_111' title='bbox 73 1024 377 1096; x_wconf 66' lang='lat' dir='ltr'><strong>ciendissuicuuque</strong></span> <span class='ocrx_word' id='word_1_112' title='bbox 400 1025 479 1080; x_wconf 89' lang='lat' dir='ltr'><strong>enim</strong></span> <span class='ocrx_word' id='word_1_113' title='bbox 493 1024 562 1081; x_wconf 89' lang='lat' dir='ltr'><strong>dicit</strong></span> <span class='ocrx_word' id='word_1_114' title='bbox 576 1026 653 1097; x_wconf 93' lang='lat' dir='ltr'><strong>quod</strong></span> <span class='ocrx_word' id='word_1_115' title='bbox 668 1024 827 1096; x_wconf 89' lang='lat' dir='ltr'><strong>paternitas</strong></span> <span class='ocrx_word' id='word_1_116' title='bbox 841 1029 870 1080; x_wconf 91' lang='lat' dir='ltr'><strong>et</strong></span> <span class='ocrx_word' id='word_1_117' title='bbox 882 1024 930 1080; x_wconf 89' lang='lat' dir='ltr'><strong>di·</strong></span> <span class='ocrx_word' id='word_1_118' title='bbox 984 1043 1066 1083; x_wconf 82' lang='lat' dir='ltr'><strong>stram</strong></span> <span class='ocrx_word' id='word_1_119' title='bbox 1088 1033 1189 1084; x_wconf 88' lang='lat' dir='ltr'><strong>etuon</strong></span> <span class='ocrx_word' id='word_1_120' title='bbox 1217 1029 1373 1084; x_wconf 89' lang='lat' dir='ltr'><strong>secuudum</strong></span> <span class='ocrx_word' id='word_1_121' title='bbox 1395 1034 1485 1094; x_wconf 91' lang='lat' dir='ltr'><strong>tuam,</strong></span> <span class='ocrx_word' id='word_1_122' title='bbox 1512 1033 1540 1082; x_wconf 90' lang='lat' dir='ltr'><strong>et</strong></span> <span class='ocrx_word' id='word_1_123' title='bbox 1557 1028 1623 1083; x_wconf 90' lang='lat' dir='ltr'><strong>ideo</strong></span> <span class='ocrx_word' id='word_1_124' title='bbox 1646 1030 1726 1085; x_wconf 90' lang='lat' dir='ltr'><strong>valde</strong></span> <span class='ocrx_word' id='word_1_125' title='bbox 1757 1031 1831 1086; x_wconf 87' lang='lat' dir='ltr'><strong>ailli-</strong></span> 
     </span>
     <span class='ocr_line' id='line_1_11' title="bbox 73 1113 1831 1191; baseline 0.003 -22"><span class='ocrx_word' id='word_1_126' title='bbox 73 1115 184 1169; x_wconf 85' lang='lat' dir='ltr'><strong>vinitss</strong></span> <span class='ocrx_word' id='word_1_127' title='bbox 198 1131 258 1170; x_wconf 91' lang='lat' dir='ltr'><strong>non</strong></span> <span class='ocrx_word' id='word_1_128' title='bbox 279 1115 316 1169; x_wconf 93' lang='lat' dir='ltr'><strong>sit</strong></span> <span class='ocrx_word' id='word_1_129' title='bbox 337 1115 422 1181; x_wconf 83' lang='lat' dir='ltr'><strong>licus,</strong></span> <span class='ocrx_word' id='word_1_130' title='bbox 442 1113 488 1169; x_wconf 91' lang='lat' dir='ltr'><strong>bic</strong></span> <span class='ocrx_word' id='word_1_131' title='bbox 507 1115 637 1169; x_wconf 89' lang='lat' dir='ltr'><strong>nominat</strong></span> <span class='ocrx_word' id='word_1_132' title='bbox 659 1118 800 1186; x_wconf 88' lang='lat' dir='ltr'><strong>punctum</strong></span> <span class='ocrx_word' id='word_1_133' title='bbox 821 1114 930 1185; x_wconf 88' lang='lat' dir='ltr'><strong>absque</strong></span> <span class='ocrx_word' id='word_1_134' title='bbox 983 1121 1045 1170; x_wconf 86' lang='lat' dir='ltr'><strong>ctus</strong></span> <span class='ocrx_word' id='word_1_135' title='bbox 1065 1133 1105 1172; x_wconf 92' lang='lat' dir='ltr'><strong>es.</strong></span> <span class='ocrx_word' id='word_1_136' title='bbox 1128 1118 1198 1172; x_wconf 86' lang='lat' dir='ltr'><strong>Nem</strong></span> <span class='ocrx_word' id='word_1_137' title='bbox 1214 1117 1292 1189; x_wconf 88' lang='lat' dir='ltr'><strong>quod</strong></span> <span class='ocrx_word' id='word_1_138' title='bbox 1313 1133 1331 1172; x_wconf 92' lang='lat' dir='ltr'><strong>a</strong></span> <span class='ocrx_word' id='word_1_139' title='bbox 1354 1116 1488 1188; x_wconf 90' lang='lat' dir='ltr'><strong>malignis</strong></span> <span class='ocrx_word' id='word_1_140' title='bbox 1511 1116 1659 1188; x_wconf 88' lang='lat' dir='ltr'><strong>spiritibus</strong></span> <span class='ocrx_word' id='word_1_141' title='bbox 1675 1125 1702 1172; x_wconf 93' lang='lat' dir='ltr'><strong>te</strong></span> <span class='ocrx_word' id='word_1_142' title='bbox 1715 1119 1831 1191; x_wconf 88' lang='lat' dir='ltr'><strong>latigari</strong></span> 
     </span>
     <span class='ocr_line' id='line_1_12' title="bbox 74 1202 1832 1276; baseline 0.002 -16"><span class='ocrx_word' id='word_1_143' title='bbox 74 1204 200 1272; x_wconf 87' lang='lat' dir='ltr'><strong>eireulo,</strong></span> <span class='ocrx_word' id='word_1_144' title='bbox 222 1202 305 1258; x_wconf 90' lang='lat' dir='ltr'><strong>illum</strong></span> <span class='ocrx_word' id='word_1_145' title='bbox 332 1203 383 1274; x_wconf 90' lang='lat' dir='ltr'><strong>qui</strong></span> <span class='ocrx_word' id='word_1_146' title='bbox 412 1207 727 1273; x_wconf 82' lang='lat' dir='ltr'><strong>aeternusestnegans.</strong></span> <span class='ocrx_word' id='word_1_147' title='bbox 752 1203 785 1256; x_wconf 83' lang='lat' dir='ltr'><strong>lit</strong></span> <span class='ocrx_word' id='word_1_148' title='bbox 811 1202 931 1274; x_wconf 89' lang='lat' dir='ltr'><strong>quicun-</strong></span> <span class='ocrx_word' id='word_1_149' title='bbox 985 1203 1064 1271; x_wconf 90' lang='lat' dir='ltr'><strong>dicis,</strong></span> <span class='ocrx_word' id='word_1_150' title='bbox 1081 1204 1135 1260; x_wconf 92' lang='lat' dir='ltr'><strong>bec</strong></span> <span class='ocrx_word' id='word_1_151' title='bbox 1149 1204 1179 1260; x_wconf 89' lang='lat' dir='ltr'><strong>iu</strong></span> <span class='ocrx_word' id='word_1_152' title='bbox 1202 1205 1370 1276; x_wconf 88' lang='lat' dir='ltr'><strong>hujusmodi</strong></span> <span class='ocrx_word' id='word_1_153' title='bbox 1394 1205 1610 1261; x_wconf 78' lang='lat' dir='ltr'><strong>adversitatibus</strong></span> <span class='ocrx_word' id='word_1_154' title='bbox 1632 1205 1722 1263; x_wconf 89' lang='lat' dir='ltr'><strong>video.</strong></span> <span class='ocrx_word' id='word_1_155' title='bbox 1752 1207 1832 1264; x_wconf 82' lang='lat' dir='ltr'><strong>Aerii</strong></span> 
     </span>
    </p>
   </div>
   <div class='ocr_carea' id='block_1_3' title="bbox 73 1289 1942 1366">
    <p class='ocr_par' dir='ltr' id='par_1_6' title="bbox 73 1289 1942 1366">
     <span class='ocr_line' id='line_1_13' title="bbox 73 1289 1942 1366; baseline 0.003 -21"><span class='ocrx_word' id='word_1_156' title='bbox 73 1307 135 1360; x_wconf 90' lang='lat' dir='ltr'><strong>que</strong></span> <span class='ocrx_word' id='word_1_157' title='bbox 155 1296 244 1361; x_wconf 90' lang='lat' dir='ltr'><strong>negat</strong></span> <span class='ocrx_word' id='word_1_158' title='bbox 265 1291 343 1363; x_wconf 89' lang='lat' dir='ltr'><strong>quod</strong></span> <span class='ocrx_word' id='word_1_159' title='bbox 375 1292 533 1362; x_wconf 89' lang='lat' dir='ltr'><strong>paternitas</strong></span> <span class='ocrx_word' id='word_1_160' title='bbox 558 1294 587 1345; x_wconf 88' lang='lat' dir='ltr'><strong>et</strong></span> <span class='ocrx_word' id='word_1_161' title='bbox 611 1289 745 1346; x_wconf 85' lang='lat' dir='ltr'><strong>divinitas</strong></span> <span class='ocrx_word' id='word_1_162' title='bbox 777 1291 852 1345; x_wconf 89' lang='lat' dir='ltr'><strong>Deus</strong></span> <span class='ocrx_word' id='word_1_163' title='bbox 882 1290 928 1356; x_wconf 88' lang='lat' dir='ltr'><strong>sit,</strong></span> <span class='ocrx_word' id='word_1_164' title='bbox 983 1292 1060 1348; x_wconf 89' lang='lat' dir='ltr'><strong>enim</strong></span> <span class='ocrx_word' id='word_1_165' title='bbox 1076 1293 1194 1364; x_wconf 89' lang='lat' dir='ltr'><strong>spiritus</strong></span> <span class='ocrx_word' id='word_1_166' title='bbox 1216 1294 1246 1348; x_wconf 91' lang='lat' dir='ltr'><strong>iu</strong></span> <span class='ocrx_word' id='word_1_167' title='bbox 1261 1299 1385 1366; x_wconf 88' lang='lat' dir='ltr'><strong>quatuor</strong></span> <span class='ocrx_word' id='word_1_168' title='bbox 1407 1298 1503 1364; x_wconf 88' lang='lat' dir='ltr'><strong>partes</strong></span> <span class='ocrx_word' id='word_1_169' title='bbox 1528 1293 1610 1350; x_wconf 89' lang='lat' dir='ltr'><strong>divisi</strong></span> <span class='ocrx_word' id='word_1_170' title='bbox 1635 1300 1711 1350; x_wconf 89' lang='lat' dir='ltr'><strong>sunt.</strong></span> <span class='ocrx_word' id='word_1_171' title='bbox 1736 1296 1833 1352; x_wconf 84' lang='lat' dir='ltr'><strong>Prima</strong></span> <span class='ocrx_word' id='word_1_172' title='bbox 1939 1350 1942 1364; x_wconf 69' lang='grc'>,</span> 
     </span>
    </p>
   </div>
   <div class='ocr_carea' id='block_1_4' title="bbox 69 1378 1832 2604">
    <p class='ocr_par' dir='ltr' id='par_1_7' title="bbox 69 1378 1832 2426">
     <span class='ocr_line' id='line_1_14' title="bbox 74 1378 1832 1454; baseline 0.004 -20"><span class='ocrx_word' id='word_1_173' title='bbox 74 1381 171 1435; x_wconf 81' lang='lat' dir='ltr'><strong>lieum</strong></span> <span class='ocrx_word' id='word_1_174' title='bbox 186 1384 283 1450; x_wconf 87' lang='lat' dir='ltr'><strong>negat,</strong></span> <span class='ocrx_word' id='word_1_175' title='bbox 299 1380 367 1452; x_wconf 91' lang='lat' dir='ltr'><strong>quia</strong></span> <span class='ocrx_word' id='word_1_176' title='bbox 390 1381 452 1435; x_wconf 89' lang='lat' dir='ltr'><strong>vult</strong></span> <span class='ocrx_word' id='word_1_177' title='bbox 466 1380 544 1452; x_wconf 90' lang='lat' dir='ltr'><strong>quod</strong></span> <span class='ocrx_word' id='word_1_178' title='bbox 565 1380 662 1451; x_wconf 89' lang='lat' dir='ltr'><strong>aliqua</strong></span> <span class='ocrx_word' id='word_1_179' title='bbox 681 1378 806 1434; x_wconf 82' lang='lat' dir='ltr'><strong>vacuitas</strong></span> <span class='ocrx_word' id='word_1_180' title='bbox 825 1379 855 1433; x_wconf 91' lang='lat' dir='ltr'><strong>iu</strong></span> <span class='ocrx_word' id='word_1_181' title='bbox 871 1379 929 1434; x_wconf 86' lang='lat' dir='ltr'><strong>ileo</strong></span> <span class='ocrx_word' id='word_1_182' title='bbox 984 1381 1099 1452; x_wconf 87' lang='lat' dir='ltr'><strong>persia</strong></span> <span class='ocrx_word' id='word_1_183' title='bbox 1126 1382 1205 1437; x_wconf 92' lang='lat' dir='ltr'><strong>omui</strong></span> <span class='ocrx_word' id='word_1_184' title='bbox 1225 1397 1331 1454; x_wconf 88' lang='lat' dir='ltr'><strong>genere</strong></span> <span class='ocrx_word' id='word_1_185' title='bbox 1357 1382 1492 1438; x_wconf 89' lang='lat' dir='ltr'><strong>vitiorum</strong></span> <span class='ocrx_word' id='word_1_186' title='bbox 1513 1382 1680 1438; x_wconf 88' lang='lat' dir='ltr'><strong>incendium</strong></span> <span class='ocrx_word' id='word_1_187' title='bbox 1695 1389 1786 1454; x_wconf 84' lang='lat' dir='ltr'><strong>perat,</strong></span> <span class='ocrx_word' id='word_1_188' title='bbox 1803 1390 1832 1441; x_wconf 90' lang='lat' dir='ltr'><strong>et</strong></span> 
     </span>
     <span class='ocr_line' id='line_1_15' title="bbox 74 1467 1832 1541; baseline 0.003 -19"><span class='ocrx_word' id='word_1_189' title='bbox 74 1471 124 1536; x_wconf 90' lang='lat' dir='ltr'><strong>sit,</strong></span> <span class='ocrx_word' id='word_1_190' title='bbox 142 1469 220 1541; x_wconf 88' lang='lat' dir='ltr'><strong>quod</strong></span> <span class='ocrx_word' id='word_1_191' title='bbox 240 1473 367 1536; x_wconf 88' lang='lat' dir='ltr'><strong>nonest,</strong></span> <span class='ocrx_word' id='word_1_192' title='bbox 393 1469 443 1523; x_wconf 86' lang='lat' dir='ltr'><strong>sed</strong></span> <span class='ocrx_word' id='word_1_193' title='bbox 458 1469 534 1523; x_wconf 82' lang='lat' dir='ltr'><strong>Deus</strong></span> <span class='ocrx_word' id='word_1_194' title='bbox 561 1467 664 1540; x_wconf 89' lang='lat' dir='ltr'><strong>plenus</strong></span> <span class='ocrx_word' id='word_1_195' title='bbox 681 1473 733 1534; x_wconf 88' lang='lat' dir='ltr'><strong>est,</strong></span> <span class='ocrx_word' id='word_1_196' title='bbox 757 1473 787 1523; x_wconf 89' lang='lat' dir='ltr'><strong>et</strong></span> <span class='ocrx_word' id='word_1_197' title='bbox 801 1467 878 1539; x_wconf 91' lang='lat' dir='ltr'><strong>quod</strong></span> <span class='ocrx_word' id='word_1_198' title='bbox 898 1467 929 1520; x_wconf 90' lang='lat' dir='ltr'><strong>iu</strong></span> <span class='ocrx_word' id='word_1_199' title='bbox 983 1485 1035 1541; x_wconf 88' lang='lat' dir='ltr'><strong>per</strong></span> <span class='ocrx_word' id='word_1_200' title='bbox 1050 1469 1192 1525; x_wconf 87' lang='lat' dir='ltr'><strong>luxuriam</strong></span> <span class='ocrx_word' id='word_1_201' title='bbox 1208 1471 1357 1526; x_wconf 90' lang='lat' dir='ltr'><strong>bominem</strong></span> <span class='ocrx_word' id='word_1_202' title='bbox 1372 1474 1512 1526; x_wconf 87' lang='lat' dir='ltr'><strong>incertum</strong></span> <span class='ocrx_word' id='word_1_203' title='bbox 1529 1471 1612 1538; x_wconf 87' lang='lat' dir='ltr'><strong>lacit;</strong></span> <span class='ocrx_word' id='word_1_204' title='bbox 1632 1473 1758 1528; x_wconf 89' lang='lat' dir='ltr'><strong>secunda</strong></span> <span class='ocrx_word' id='word_1_205' title='bbox 1778 1489 1832 1528; x_wconf 90' lang='lat' dir='ltr'><strong>au-</strong></span> 
     </span>
     <span class='ocr_line' id='line_1_16' title="bbox 75 1554 1832 1632; baseline 0.003 -21"><span class='ocrx_word' id='word_1_206' title='bbox 75 1560 138 1613; x_wconf 85' lang='lat' dir='ltr'><strong>tleo</strong></span> <span class='ocrx_word' id='word_1_207' title='bbox 152 1563 183 1612; x_wconf 89' lang='lat' dir='ltr'><strong>et</strong></span> <span class='ocrx_word' id='word_1_208' title='bbox 198 1559 272 1613; x_wconf 86' lang='lat' dir='ltr'><strong>Deus</strong></span> <span class='ocrx_word' id='word_1_209' title='bbox 286 1561 337 1612; x_wconf 86' lang='lat' dir='ltr'><strong>est</strong></span> <span class='ocrx_word' id='word_1_210' title='bbox 360 1558 436 1612; x_wconf 88' lang='lat' dir='ltr'><strong>Deus</strong></span> <span class='ocrx_word' id='word_1_211' title='bbox 459 1557 539 1612; x_wconf 89' lang='lat' dir='ltr'><strong>euim</strong></span> <span class='ocrx_word' id='word_1_212' title='bbox 561 1571 615 1612; x_wconf 91' lang='lat' dir='ltr'><strong>nec</strong></span> <span class='ocrx_word' id='word_1_213' title='bbox 629 1557 732 1623; x_wconf 73' lang='lat' dir='ltr'><strong>excuti</strong></span> <span class='ocrx_word' id='word_1_214' title='bbox 758 1572 810 1611; x_wconf 92' lang='lat' dir='ltr'><strong>nec</strong></span> <span class='ocrx_word' id='word_1_215' title='bbox 837 1554 930 1610; x_wconf 82' lang='lat' dir='ltr'><strong>excri—</strong></span> <span class='ocrx_word' id='word_1_216' title='bbox 984 1571 1042 1614; x_wconf 88' lang='lat' dir='ltr'><strong>tem</strong></span> <span class='ocrx_word' id='word_1_217' title='bbox 1057 1574 1123 1632; x_wconf 88' lang='lat' dir='ltr'><strong>pars</strong></span> <span class='ocrx_word' id='word_1_218' title='bbox 1139 1559 1170 1614; x_wconf 92' lang='lat' dir='ltr'><strong>in</strong></span> <span class='ocrx_word' id='word_1_219' title='bbox 1185 1563 1261 1614; x_wconf 83' lang='lat' dir='ltr'><strong>omui</strong></span> <span class='ocrx_word' id='word_1_220' title='bbox 1278 1559 1471 1614; x_wconf 84' lang='lat' dir='ltr'><strong>inconstantia</strong></span> <span class='ocrx_word' id='word_1_221' title='bbox 1493 1559 1608 1626; x_wconf 90' lang='lat' dir='ltr'><strong>volitat;</strong></span> <span class='ocrx_word' id='word_1_222' title='bbox 1634 1561 1707 1616; x_wconf 91' lang='lat' dir='ltr'><strong>sicut</strong></span> <span class='ocrx_word' id='word_1_223' title='bbox 1731 1567 1832 1618; x_wconf 88' lang='lat' dir='ltr'><strong>ventus</strong></span> 
     </span>
     <span class='ocr_line' id='line_1_17' title="bbox 69 1620 1832 1720; baseline -0.003 -10"><span class='ocrx_word' id='word_1_224' title='bbox 69 1645 156 1710; x_wconf 59' lang='lat' dir='ltr'><strong>ltrdri</strong></span> <span class='ocrx_word' id='word_1_225' title='bbox 170 1650 267 1717; x_wconf 68' lang='lat' dir='ltr'><strong>polest</strong></span> <span class='ocrx_word' id='word_1_226' title='bbox 282 1645 440 1700; x_wconf 66' lang='lat' dir='ltr'><strong>secuudum</strong></span> <span class='ocrx_word' id='word_1_227' title='bbox 463 1645 622 1712; x_wconf 71' lang='lat' dir='ltr'><strong>hominem,</strong></span> <span class='ocrx_word' id='word_1_228' title='bbox 637 1645 706 1716; x_wconf 69' lang='lat' dir='ltr'><strong>quie</strong></span> <span class='ocrx_word' id='word_1_229' title='bbox 721 1646 752 1700; x_wconf 81' lang='lat' dir='ltr'><strong>in</strong></span> <span class='ocrx_word' id='word_1_230' title='bbox 776 1645 835 1699; x_wconf 81' lang='lat' dir='ltr'><strong>Deo</strong></span> <span class='ocrx_word' id='word_1_231' title='bbox 854 1641 930 1698; x_wconf 82' lang='lat' dir='ltr'><strong>nihil</strong></span> <span class='ocrx_word' id='word_1_232' title='bbox 949 1620 1038 1704; x_wconf 80' lang='lat' dir='ltr'><strong>Bbete</strong></span> <span class='ocrx_word' id='word_1_233' title='bbox 1052 1648 1118 1703; x_wconf 88' lang='lat' dir='ltr'><strong>illac</strong></span> <span class='ocrx_word' id='word_1_234' title='bbox 1142 1649 1297 1720; x_wconf 79' lang='lat' dir='ltr'><strong>spargitur,</strong></span> <span class='ocrx_word' id='word_1_235' title='bbox 1314 1653 1342 1702; x_wconf 89' lang='lat' dir='ltr'><strong>et</strong></span> <span class='ocrx_word' id='word_1_236' title='bbox 1357 1649 1504 1704; x_wconf 90' lang='lat' dir='ltr'><strong>bominem</strong></span> <span class='ocrx_word' id='word_1_237' title='bbox 1527 1648 1557 1704; x_wconf 92' lang='lat' dir='ltr'><strong>in</strong></span> <span class='ocrx_word' id='word_1_238' title='bbox 1577 1648 1708 1704; x_wconf 88' lang='lat' dir='ltr'><strong>insanam</strong></span> <span class='ocrx_word' id='word_1_239' title='bbox 1719 1649 1832 1704; x_wconf 89' lang='lat' dir='ltr'><strong>iracun-</strong></span> 
     </span>
     <span class='ocr_line' id='line_1_18' title="bbox 74 1731 1832 1807; baseline 0.002 -19"><span class='ocrx_word' id='word_1_240' title='bbox 74 1735 217 1807; x_wconf 87' lang='lat' dir='ltr'><strong>estquod</strong></span> <span class='ocrx_word' id='word_1_241' title='bbox 233 1735 441 1789; x_wconf 86' lang='lat' dir='ltr'><strong>Deusnonsit.</strong></span> <span class='ocrx_word' id='word_1_242' title='bbox 465 1736 496 1790; x_wconf 80' lang='lat' dir='ltr'><strong>lit</strong></span> <span class='ocrx_word' id='word_1_243' title='bbox 509 1733 645 1805; x_wconf 88' lang='lat' dir='ltr'><strong>quoniam</strong></span> <span class='ocrx_word' id='word_1_244' title='bbox 668 1738 800 1788; x_wconf 90' lang='lat' dir='ltr'><strong>creatura</strong></span> <span class='ocrx_word' id='word_1_245' title='bbox 814 1731 929 1788; x_wconf 89' lang='lat' dir='ltr'><strong>initium</strong></span> <span class='ocrx_word' id='word_1_246' title='bbox 983 1736 1061 1792; x_wconf 91' lang='lat' dir='ltr'><strong>diam</strong></span> <span class='ocrx_word' id='word_1_247' title='bbox 1081 1735 1229 1801; x_wconf 72' lang='lat' dir='ltr'><strong>immittit:</strong></span> <span class='ocrx_word' id='word_1_248' title='bbox 1250 1735 1335 1791; x_wconf 88' lang='lat' dir='ltr'><strong>tertia</strong></span> <span class='ocrx_word' id='word_1_249' title='bbox 1351 1751 1418 1792; x_wconf 87' lang='lat' dir='ltr'><strong>vcro</strong></span> <span class='ocrx_word' id='word_1_250' title='bbox 1433 1737 1511 1790; x_wconf 87' lang='lat' dir='ltr'><strong>velut</strong></span> <span class='ocrx_word' id='word_1_251' title='bbox 1528 1736 1558 1792; x_wconf 91' lang='lat' dir='ltr'><strong>in</strong></span> <span class='ocrx_word' id='word_1_252' title='bbox 1585 1738 1748 1792; x_wconf 73' lang='lat' dir='ltr'><strong>ostensione</strong></span> <span class='ocrx_word' id='word_1_253' title='bbox 1777 1753 1832 1792; x_wconf 82' lang='lat' dir='ltr'><strong>an·</strong></span> 
     </span>
     <span class='ocr_line' id='line_1_19' title="bbox 75 1819 1831 1894; baseline 0.001 -17"><span class='ocrx_word' id='word_1_254' title='bbox 75 1824 175 1891; x_wconf 87' lang='lat' dir='ltr'><strong>babet,</strong></span> <span class='ocrx_word' id='word_1_255' title='bbox 192 1839 224 1878; x_wconf 85' lang='lat' dir='ltr'><strong>er</strong></span> <span class='ocrx_word' id='word_1_256' title='bbox 240 1824 296 1878; x_wconf 90' lang='lat' dir='ltr'><strong>boe</strong></span> <span class='ocrx_word' id='word_1_257' title='bbox 310 1822 420 1879; x_wconf 89' lang='lat' dir='ltr'><strong>invenit</strong></span> <span class='ocrx_word' id='word_1_258' title='bbox 434 1822 614 1878; x_wconf 89' lang='lat' dir='ltr'><strong>rationalitas</strong></span> <span class='ocrx_word' id='word_1_259' title='bbox 628 1820 756 1878; x_wconf 89' lang='lat' dir='ltr'><strong>bominis</strong></span> <span class='ocrx_word' id='word_1_260' title='bbox 773 1825 862 1878; x_wconf 86' lang='lat' dir='ltr'><strong>Deum</strong></span> <span class='ocrx_word' id='word_1_261' title='bbox 876 1836 930 1892; x_wconf 92' lang='lat' dir='ltr'><strong>per</strong></span> <span class='ocrx_word' id='word_1_262' title='bbox 981 1823 1115 1892; x_wconf 81' lang='lat' dir='ltr'><strong>galerum</strong></span> <span class='ocrx_word' id='word_1_263' title='bbox 1137 1829 1165 1877; x_wconf 88' lang='lat' dir='ltr'><strong>et</strong></span> <span class='ocrx_word' id='word_1_264' title='bbox 1193 1823 1351 1894; x_wconf 83' lang='lat' dir='ltr'><strong>prophetice</strong></span> <span class='ocrx_word' id='word_1_265' title='bbox 1382 1838 1510 1877; x_wconf 74' lang='lat' dir='ltr'><strong>errsrrem</strong></span> <span class='ocrx_word' id='word_1_266' title='bbox 1539 1819 1616 1890; x_wconf 89' lang='lat' dir='ltr'><strong>iacit,</strong></span> <span class='ocrx_word' id='word_1_267' title='bbox 1640 1828 1669 1878; x_wconf 90' lang='lat' dir='ltr'><strong>et</strong></span> <span class='ocrx_word' id='word_1_268' title='bbox 1695 1824 1725 1878; x_wconf 91' lang='lat' dir='ltr'><strong>in</strong></span> <span class='ocrx_word' id='word_1_269' title='bbox 1744 1824 1831 1878; x_wconf 89' lang='lat' dir='ltr'><strong>nullis</strong></span> 
     </span>
     <span class='ocr_line' id='line_1_20' title="bbox 76 1910 1832 1984; baseline 0.002 -18"><span class='ocrx_word' id='word_1_270' title='bbox 76 1912 209 1979; x_wconf 88' lang='lat' dir='ltr'><strong>uomina,</strong></span> <span class='ocrx_word' id='word_1_271' title='bbox 233 1913 308 1967; x_wconf 85' lang='lat' dir='ltr'><strong>sicut</strong></span> <span class='ocrx_word' id='word_1_272' title='bbox 328 1917 356 1966; x_wconf 86' lang='lat' dir='ltr'><strong>et</strong></span> <span class='ocrx_word' id='word_1_273' title='bbox 378 1911 441 1982; x_wconf 91' lang='lat' dir='ltr'><strong>ipsa</strong></span> <span class='ocrx_word' id='word_1_274' title='bbox 463 1910 492 1965; x_wconf 92' lang='lat' dir='ltr'><strong>iu</strong></span> <span class='ocrx_word' id='word_1_275' title='bbox 514 1911 691 1982; x_wconf 81' lang='lat' dir='ltr'><strong>proprietate</strong></span> <span class='ocrx_word' id='word_1_276' title='bbox 705 1927 757 1966; x_wconf 90' lang='lat' dir='ltr'><strong>sna</strong></span> <span class='ocrx_word' id='word_1_277' title='bbox 780 1912 865 1980; x_wconf 87' lang='lat' dir='ltr'><strong>plena</strong></span> <span class='ocrx_word' id='word_1_278' title='bbox 886 1913 930 1964; x_wconf 88' lang='lat' dir='ltr'><strong>est</strong></span> <span class='ocrx_word' id='word_1_279' title='bbox 984 1913 1076 1968; x_wconf 90' lang='lat' dir='ltr'><strong>modis</strong></span> <span class='ocrx_word' id='word_1_280' title='bbox 1101 1929 1158 1968; x_wconf 89' lang='lat' dir='ltr'><strong>uno</strong></span> <span class='ocrx_word' id='word_1_281' title='bbox 1173 1918 1250 1968; x_wconf 90' lang='lat' dir='ltr'><strong>statu</strong></span> <span class='ocrx_word' id='word_1_282' title='bbox 1274 1916 1425 1984; x_wconf 90' lang='lat' dir='ltr'><strong>permanet</strong></span> <span class='ocrx_word' id='word_1_283' title='bbox 1452 1927 1485 1966; x_wconf 86' lang='lat' dir='ltr'><strong>ee</strong></span> <span class='ocrx_word' id='word_1_284' title='bbox 1507 1912 1537 1967; x_wconf 92' lang='lat' dir='ltr'><strong>in</strong></span> <span class='ocrx_word' id='word_1_285' title='bbox 1564 1928 1636 1966; x_wconf 90' lang='lat' dir='ltr'><strong>vane</strong></span> <span class='ocrx_word' id='word_1_286' title='bbox 1665 1913 1759 1983; x_wconf 83' lang='lat' dir='ltr'><strong>gloria</strong></span> <span class='ocrx_word' id='word_1_287' title='bbox 1780 1930 1832 1984; x_wconf 84' lang='lat' dir='ltr'><strong>pur</strong></span> 
     </span>
     <span class='ocr_line' id='line_1_21' title="bbox 76 2000 1832 2073; baseline 0.001 -17"><span class='ocrx_word' id='word_1_288' title='bbox 76 2002 242 2056; x_wconf 88' lang='lat' dir='ltr'><strong>nominum.</strong></span> <span class='ocrx_word' id='word_1_289' title='bbox 267 2001 348 2056; x_wconf 78' lang='lat' dir='ltr'><strong>uene</strong></span> <span class='ocrx_word' id='word_1_290' title='bbox 371 2000 476 2055; x_wconf 91' lang='lat' dir='ltr'><strong>iterum</strong></span> <span class='ocrx_word' id='word_1_291' title='bbox 500 2000 578 2062; x_wconf 86' lang='lat' dir='ltr'><strong>audi,</strong></span> <span class='ocrx_word' id='word_1_292' title='bbox 601 2016 618 2054; x_wconf 95' lang='lat' dir='ltr'><strong>o</strong></span> <span class='ocrx_word' id='word_1_293' title='bbox 645 2001 744 2068; x_wconf 91' lang='lat' dir='ltr'><strong>bomo,</strong></span> <span class='ocrx_word' id='word_1_294' title='bbox 768 2013 930 2071; x_wconf 87' lang='lat' dir='ltr'><strong>paupercu-</strong></span> <span class='ocrx_word' id='word_1_295' title='bbox 980 2001 1147 2073; x_wconf 88' lang='lat' dir='ltr'><strong>jactantiam</strong></span> <span class='ocrx_word' id='word_1_296' title='bbox 1164 2007 1258 2072; x_wconf 88' lang='lat' dir='ltr'><strong>etper</strong></span> <span class='ocrx_word' id='word_1_297' title='bbox 1276 2000 1486 2057; x_wconf 87' lang='lat' dir='ltr'><strong>contumaciam</strong></span> <span class='ocrx_word' id='word_1_298' title='bbox 1502 2001 1634 2056; x_wconf 85' lang='lat' dir='ltr'><strong>homines</strong></span> <span class='ocrx_word' id='word_1_299' title='bbox 1656 2001 1745 2056; x_wconf 75' lang='lat' dir='ltr'><strong>laedit.</strong></span> <span class='ocrx_word' id='word_1_300' title='bbox 1775 2003 1832 2058; x_wconf 89' lang='lat' dir='ltr'><strong>Sed</strong></span> 
     </span>
     <span class='ocr_line' id='line_1_22' title="bbox 78 2087 1829 2162; baseline 0.002 -19"><span class='ocrx_word' id='word_1_301' title='bbox 78 2092 135 2144; x_wconf 90' lang='lat' dir='ltr'><strong>lam</strong></span> <span class='ocrx_word' id='word_1_302' title='bbox 159 2090 285 2144; x_wconf 85' lang='lat' dir='ltr'><strong>lormam</strong></span> <span class='ocrx_word' id='word_1_303' title='bbox 305 2089 336 2144; x_wconf 92' lang='lat' dir='ltr'><strong>in</strong></span> <span class='ocrx_word' id='word_1_304' title='bbox 356 2088 459 2160; x_wconf 90' lang='lat' dir='ltr'><strong>spiritu</strong></span> <span class='ocrx_word' id='word_1_305' title='bbox 475 2087 529 2144; x_wconf 91' lang='lat' dir='ltr'><strong>tibi</strong></span> <span class='ocrx_word' id='word_1_306' title='bbox 552 2088 930 2157; x_wconf 82' lang='lat' dir='ltr'><strong>dicentem31leusvultut</strong></span> <span class='ocrx_word' id='word_1_307' title='bbox 983 2097 1087 2162; x_wconf 72' lang='lat' dir='ltr'><strong>quarta</strong></span> <span class='ocrx_word' id='word_1_308' title='bbox 1108 2105 1174 2160; x_wconf 79' lang='lat' dir='ltr'><strong>pars</strong></span> <span class='ocrx_word' id='word_1_309' title='bbox 1195 2105 1260 2144; x_wconf 85' lang='lat' dir='ltr'><strong>cum</strong></span> <span class='ocrx_word' id='word_1_310' title='bbox 1286 2089 1350 2145; x_wconf 82' lang='lat' dir='ltr'><strong>aliis</strong></span> <span class='ocrx_word' id='word_1_311' title='bbox 1374 2090 1517 2160; x_wconf 82' lang='lat' dir='ltr'><strong>praedictis</strong></span> <span class='ocrx_word' id='word_1_312' title='bbox 1542 2089 1672 2161; x_wconf 91' lang='lat' dir='ltr'><strong>partibus</strong></span> <span class='ocrx_word' id='word_1_313' title='bbox 1690 2096 1829 2156; x_wconf 87' lang='lat' dir='ltr'><strong>versatur,</strong></span> 
     </span>
     <span class='ocr_line' id='line_1_23' title="bbox 77 2176 1832 2250; baseline 0.002 -19"><span class='ocrx_word' id='word_1_314' title='bbox 77 2184 157 2232; x_wconf 88' lang='lat' dir='ltr'><strong>recta</strong></span> <span class='ocrx_word' id='word_1_315' title='bbox 185 2177 289 2232; x_wconf 89' lang='lat' dir='ltr'><strong>itinera</strong></span> <span class='ocrx_word' id='word_1_316' title='bbox 311 2176 408 2244; x_wconf 78' lang='lat' dir='ltr'><strong>facim,</strong></span> <span class='ocrx_word' id='word_1_317' title='bbox 431 2183 462 2232; x_wconf 92' lang='lat' dir='ltr'><strong>et</strong></span> <span class='ocrx_word' id='word_1_318' title='bbox 488 2177 577 2232; x_wconf 92' lang='lat' dir='ltr'><strong>utilli</strong></span> <span class='ocrx_word' id='word_1_319' title='bbox 609 2178 754 2248; x_wconf 86' lang='lat' dir='ltr'><strong>subjectus</strong></span> <span class='ocrx_word' id='word_1_320' title='bbox 780 2176 829 2242; x_wconf 92' lang='lat' dir='ltr'><strong>sis,</strong></span> <span class='ocrx_word' id='word_1_321' title='bbox 855 2179 931 2232; x_wconf 91' lang='lat' dir='ltr'><strong>etut</strong></span> <span class='ocrx_word' id='word_1_322' title='bbox 982 2178 1222 2250; x_wconf 90' lang='lat' dir='ltr'><strong>etinmultiplici</strong></span> <span class='ocrx_word' id='word_1_323' title='bbox 1238 2178 1402 2234; x_wconf 84' lang='lat' dir='ltr'><strong>diversitate</strong></span> <span class='ocrx_word' id='word_1_324' title='bbox 1422 2184 1474 2246; x_wconf 89' lang='lat' dir='ltr'><strong>est,</strong></span> <span class='ocrx_word' id='word_1_325' title='bbox 1499 2183 1598 2234; x_wconf 91' lang='lat' dir='ltr'><strong>elnon</strong></span> <span class='ocrx_word' id='word_1_326' title='bbox 1622 2181 1746 2236; x_wconf 90' lang='lat' dir='ltr'><strong>multum</strong></span> <span class='ocrx_word' id='word_1_327' title='bbox 1773 2197 1832 2236; x_wconf 88' lang='lat' dir='ltr'><strong>ma·</strong></span> 
     </span>
     <span class='ocr_line' id='line_1_24' title="bbox 78 2263 1832 2338; baseline 0.003 -19"><span class='ocrx_word' id='word_1_328' title='bbox 78 2269 166 2321; x_wconf 86' lang='lat' dir='ltr'><strong>etlam</strong></span> <span class='ocrx_word' id='word_1_329' title='bbox 181 2267 264 2321; x_wconf 85' lang='lat' dir='ltr'><strong>virus</strong></span> <span class='ocrx_word' id='word_1_330' title='bbox 279 2267 351 2338; x_wconf 90' lang='lat' dir='ltr'><strong>lapis</strong></span> <span class='ocrx_word' id='word_1_331' title='bbox 375 2265 460 2320; x_wconf 84' lang='lat' dir='ltr'><strong>eisin</strong></span> <span class='ocrx_word' id='word_1_332' title='bbox 485 2266 579 2338; x_wconf 86' lang='lat' dir='ltr'><strong>lapide</strong></span> <span class='ocrx_word' id='word_1_333' title='bbox 602 2265 733 2338; x_wconf 89' lang='lat' dir='ltr'><strong>angulari</strong></span> <span class='ocrx_word' id='word_1_334' title='bbox 748 2273 778 2321; x_wconf 90' lang='lat' dir='ltr'><strong>et</strong></span> <span class='ocrx_word' id='word_1_335' title='bbox 799 2266 835 2322; x_wconf 90' lang='lat' dir='ltr'><strong>de</strong></span> <span class='ocrx_word' id='word_1_336' title='bbox 857 2263 931 2320; x_wconf 90' lang='lat' dir='ltr'><strong>libro</strong></span> <span class='ocrx_word' id='word_1_337' title='bbox 983 2267 1097 2336; x_wconf 86' lang='lat' dir='ltr'><strong>ledicta,</strong></span> <span class='ocrx_word' id='word_1_338' title='bbox 1121 2268 1169 2323; x_wconf 89' lang='lat' dir='ltr'><strong>sed</strong></span> <span class='ocrx_word' id='word_1_339' title='bbox 1189 2269 1313 2322; x_wconf 86' lang='lat' dir='ltr'><strong>multum</strong></span> <span class='ocrx_word' id='word_1_340' title='bbox 1335 2267 1483 2337; x_wconf 84' lang='lat' dir='ltr'><strong>flagellosa</strong></span> <span class='ocrx_word' id='word_1_341' title='bbox 1504 2266 1536 2322; x_wconf 90' lang='lat' dir='ltr'><strong>in</strong></span> <span class='ocrx_word' id='word_1_342' title='bbox 1559 2268 1678 2324; x_wconf 92' lang='lat' dir='ltr'><strong>borrore</strong></span> <span class='ocrx_word' id='word_1_343' title='bbox 1703 2273 1754 2337; x_wconf 91' lang='lat' dir='ltr'><strong>est,</strong></span> <span class='ocrx_word' id='word_1_344' title='bbox 1781 2269 1832 2324; x_wconf 88' lang='lat' dir='ltr'><strong>sed</strong></span> 
     </span>
     <span class='ocr_line' id='line_1_25' title="bbox 77 2355 1832 2426; baseline 0.001 -16"><span class='ocrx_word' id='word_1_345' title='bbox 77 2357 145 2410; x_wconf 77' lang='lat' dir='ltr'><strong>vitae</strong></span> <span class='ocrx_word' id='word_1_346' title='bbox 158 2356 379 2412; x_wconf 86' lang='lat' dir='ltr'><strong>nondeleberis.</strong></span> <span class='ocrx_word' id='word_1_347' title='bbox 982 2371 1049 2410; x_wconf 91' lang='lat' dir='ltr'><strong>cum</strong></span> <span class='ocrx_word' id='word_1_348' title='bbox 1064 2355 1230 2411; x_wconf 89' lang='lat' dir='ltr'><strong>bominibus</strong></span> <span class='ocrx_word' id='word_1_349' title='bbox 1254 2355 1378 2411; x_wconf 88' lang='lat' dir='ltr'><strong>libenter</strong></span> <span class='ocrx_word' id='word_1_350' title='bbox 1400 2361 1539 2424; x_wconf 88' lang='lat' dir='ltr'><strong>moratur,</strong></span> <span class='ocrx_word' id='word_1_351' title='bbox 1565 2362 1593 2410; x_wconf 92' lang='lat' dir='ltr'><strong>et</strong></span> <span class='ocrx_word' id='word_1_352' title='bbox 1615 2357 1778 2426; x_wconf 83' lang='lat' dir='ltr'><strong>passionem</strong></span> <span class='ocrx_word' id='word_1_353' title='bbox 1799 2373 1832 2412; x_wconf 91' lang='lat' dir='ltr'><strong>ac</strong></span> 
     </span>
    </p>

    <p class='ocr_par' dir='ltr' id='par_1_8' title="bbox 348 2443 1831 2604">
     <span class='ocr_line' id='line_1_26' title="bbox 348 2443 1831 2604; baseline 0.003 -16"><span class='ocrx_word' id='word_1_354' title='bbox 348 2496 517 2553; x_wconf 55' lang='lat' dir='ltr'><strong>aarum</strong></span> <span class='ocrx_word' id='word_1_355' title='bbox 536 2496 719 2576; x_wconf 63' lang='lat' dir='ltr'><strong>utut»</strong></span> <span class='ocrx_word' id='word_1_356' title='bbox 982 2443 1831 2604; x_wconf 61' lang='lat' dir='ltr'><strong>tttttlttlltttl,tttltlttltltttt</strong></span> 
     </span>
    </p>
   </div>
   <div class='ocr_carea' id='block_1_5' title="bbox 81 2619 1943 2957">
    <p class='ocr_par' dir='ltr' id='par_1_9' title="bbox 293 2619 1943 2694">
     <span class='ocr_line' id='line_1_27' title="bbox 293 2619 1943 2694; baseline 0.002 -18"><span class='ocrx_word' id='word_1_357' title='bbox 293 2637 402 2676; x_wconf 75' lang='lat' dir='ltr'><strong>meets</strong></span> <span class='ocrx_word' id='word_1_358' title='bbox 419 2637 447 2675; x_wconf 87' lang='lat' dir='ltr'><strong>o.</strong></span> <span class='ocrx_word' id='word_1_359' title='bbox 467 2636 503 2676; x_wconf 78' lang='lat' dir='ltr'><strong>nu</strong></span> <span class='ocrx_word' id='word_1_360' title='bbox 518 2634 716 2676; x_wconf 73' lang='lat' dir='ltr'><strong>mesanum.</strong></span> <span class='ocrx_word' id='word_1_361' title='bbox 983 2619 1123 2677; x_wconf 79' lang='lat' dir='ltr'><strong>abstrahit</strong></span> <span class='ocrx_word' id='word_1_362' title='bbox 1139 2637 1146 2675; x_wconf 74' lang='grc' dir='ltr'><strong><em>ε</em></strong></span> <span class='ocrx_word' id='word_1_363' title='bbox 1162 2621 1204 2676; x_wconf 92' lang='lat' dir='ltr'><strong>ita</strong></span> <span class='ocrx_word' id='word_1_364' title='bbox 1217 2620 1293 2692; x_wconf 92' lang='lat' dir='ltr'><strong>qued</strong></span> <span class='ocrx_word' id='word_1_365' title='bbox 1312 2619 1495 2691; x_wconf 77' lang='lat' dir='ltr'><strong>suggestione</strong></span> <span class='ocrx_word' id='word_1_366' title='bbox 1507 2637 1560 2676; x_wconf 91' lang='lat' dir='ltr'><strong>soa</strong></span> <span class='ocrx_word' id='word_1_367' title='bbox 1581 2637 1630 2676; x_wconf 90' lang='lat' dir='ltr'><strong>eos</strong></span> <span class='ocrx_word' id='word_1_368' title='bbox 1645 2622 1831 2694; x_wconf 89' lang='lat' dir='ltr'><strong>iu·majorem</strong></span> <span class='ocrx_word' id='word_1_369' title='bbox 1932 2635 1943 2656; x_wconf 91' lang='lat'><strong>·</strong></span> 
     </span>
    </p>

    <p class='ocr_par' dir='ltr' id='par_1_10' title="bbox 81 2707 1831 2957">
     <span class='ocr_line' id='line_1_28' title="bbox 81 2707 1831 2797; baseline 0.002 -36"><span class='ocrx_word' id='word_1_370' title='bbox 81 2725 224 2796; x_wconf 51' lang='lat' dir='ltr'><strong>Deplorat</strong></span> <span class='ocrx_word' id='word_1_371' title='bbox 248 2724 387 2780; x_wconf 52' lang='lat' dir='ltr'><strong>geom</strong></span> <span class='ocrx_word' id='word_1_372' title='bbox 408 2741 462 2797; x_wconf 55' lang='grc' dir='ltr'><strong><em>Μ</em></strong></span> <span class='ocrx_word' id='word_1_373' title='bbox 485 2723 616 2782; x_wconf 57' lang='lat' dir='ltr'><strong>,cmm</strong></span> <span class='ocrx_word' id='word_1_374' title='bbox 628 2724 795 2791; x_wconf 55' lang='lat' dir='ltr'><strong>mmm,</strong></span> <span class='ocrx_word' id='word_1_375' title='bbox 809 2727 931 2796; x_wconf 52' lang='lat' dir='ltr'><strong>mique</strong></span> <span class='ocrx_word' id='word_1_376' title='bbox 983 2709 1165 2766; x_wconf 85' lang='lat' dir='ltr'><strong>altitudinem</strong></span> <span class='ocrx_word' id='word_1_377' title='bbox 1187 2708 1217 2762; x_wconf 89' lang='lat' dir='ltr'><strong>in</strong></span> <span class='ocrx_word' id='word_1_378' title='bbox 1242 2707 1388 2763; x_wconf 89' lang='lat' dir='ltr'><strong>mentibus</strong></span> <span class='ocrx_word' id='word_1_379' title='bbox 1415 2707 1473 2762; x_wconf 84' lang='lat' dir='ltr'><strong>eois</strong></span> <span class='ocrx_word' id='word_1_380' title='bbox 1496 2709 1651 2764; x_wconf 88' lang='lat' dir='ltr'><strong>ascendere</strong></span> <span class='ocrx_word' id='word_1_381' title='bbox 1678 2710 1831 2781; x_wconf 89' lang='lat' dir='ltr'><strong>permittit,</strong></span> 
     </span>
     <span class='ocr_line' id='line_1_29' title="bbox 112 2792 1830 2870; baseline 0.002 -20"><span class='ocrx_word' id='word_1_382' title='bbox 112 2800 147 2850; x_wconf 85' lang='lat' dir='ltr'><strong>ut</strong></span> <span class='ocrx_word' id='word_1_383' title='bbox 158 2796 645 2868; x_wconf 78' lang='lat' dir='ltr'><strong>procorumpreoesinterponct,</strong></span> <span class='ocrx_word' id='word_1_384' title='bbox 659 2794 860 2870; x_wconf 83' lang='lat' dir='ltr'><strong>prosectiom</strong></span> <span class='ocrx_word' id='word_1_385' title='bbox 879 2792 931 2866; x_wconf 76' lang='lat' dir='ltr'><strong>qui</strong></span> <span class='ocrx_word' id='word_1_386' title='bbox 984 2813 1071 2869; x_wconf 90' lang='lat' dir='ltr'><strong>qoam</strong></span> <span class='ocrx_word' id='word_1_387' title='bbox 1095 2795 1232 2868; x_wconf 88' lang='lat' dir='ltr'><strong>perlicere</strong></span> <span class='ocrx_word' id='word_1_388' title='bbox 1263 2796 1382 2866; x_wconf 85' lang='lat' dir='ltr'><strong>possint,</strong></span> <span class='ocrx_word' id='word_1_389' title='bbox 1417 2802 1446 2852; x_wconf 90' lang='lat' dir='ltr'><strong>et</strong></span> <span class='ocrx_word' id='word_1_390' title='bbox 1473 2795 1513 2850; x_wconf 92' lang='lat' dir='ltr'><strong>sic</strong></span> <span class='ocrx_word' id='word_1_391' title='bbox 1545 2796 1623 2868; x_wconf 89' lang='lat' dir='ltr'><strong>ipsos</strong></span> <span class='ocrx_word' id='word_1_392' title='bbox 1652 2799 1830 2870; x_wconf 88' lang='lat' dir='ltr'><strong>requiescere</strong></span> 
     </span>
     <span class='ocr_line' id='line_1_30' title="bbox 112 2865 1830 2957; baseline 0.002 -18"><span class='ocrx_word' id='word_1_393' title='bbox 112 2885 135 2922; x_wconf 80' lang='lat'><strong>⁰</strong></span> <span class='ocrx_word' id='word_1_394' title='bbox 153 2865 331 2924; x_wconf 51' lang='lat' dir='ltr'><strong>mmm</strong></span> <span class='ocrx_word' id='word_1_395' title='bbox 343 2866 509 2923; x_wconf 59' lang='lat' dir='ltr'><strong>”mml-</strong></span> <span class='ocrx_word' id='word_1_396' title='bbox 949 2897 1044 2954; x_wconf 83' lang='lat' dir='ltr'><strong>cnon</strong></span> <span class='ocrx_word' id='word_1_397' title='bbox 1058 2884 1136 2941; x_wconf 69' lang='lat' dir='ltr'><strong>sinit·</strong></span> <span class='ocrx_word' id='word_1_398' title='bbox 1163 2885 1235 2940; x_wconf 89' lang='lat' dir='ltr'><strong>Nam</strong></span> <span class='ocrx_word' id='word_1_399' title='bbox 1254 2884 1435 2940; x_wconf 83' lang='lat' dir='ltr'><strong>sanctitatem</strong></span> <span class='ocrx_word' id='word_1_400' title='bbox 1449 2889 1478 2940; x_wconf 90' lang='lat' dir='ltr'><strong>et</strong></span> <span class='ocrx_word' id='word_1_401' title='bbox 1506 2885 1653 2957; x_wconf 77' lang='lat' dir='ltr'><strong>praecipue</strong></span> <span class='ocrx_word' id='word_1_402' title='bbox 1675 2886 1830 2942; x_wconf 84' lang='lat' dir='ltr'><strong>vanitatem</strong></span> 
     </span>
    </p>
   </div>
   <div class='ocr_carea' id='block_1_6' title="bbox 78 2970 1833 5531">
    <p class='ocr_par' dir='ltr' id='par_1_11' title="bbox 80 2970 1832 3135">
     <span class='ocr_line' id='line_1_31' title="bbox 113 2970 1832 3043; baseline 0.002 -15"><span class='ocrx_word' id='word_1_403' title='bbox 113 2975 284 3029; x_wconf 81' lang='lat' dir='ltr'><strong>Hrsoaasnor</strong></span> <span class='ocrx_word' id='word_1_404' title='bbox 303 2973 414 3028; x_wconf 82' lang='lat' dir='ltr'><strong>dilectae</strong></span> <span class='ocrx_word' id='word_1_405' title='bbox 430 2973 527 3043; x_wconf 89' lang='lat' dir='ltr'><strong>metri,</strong></span> <span class='ocrx_word' id='word_1_406' title='bbox 539 2973 574 3029; x_wconf 89' lang='lat' dir='ltr'><strong>lr.</strong></span> <span class='ocrx_word' id='word_1_407' title='bbox 596 2973 642 3042; x_wconf 89' lang='grc'><strong>0.,</strong></span> <span class='ocrx_word' id='word_1_408' title='bbox 658 2973 754 3028; x_wconf 85' lang='lat' dir='ltr'><strong>liliolis</strong></span> <span class='ocrx_word' id='word_1_409' title='bbox 767 2971 928 3028; x_wconf 85' lang='lat' dir='ltr'><strong>dilectionis</strong></span> <span class='ocrx_word' id='word_1_410' title='bbox 983 2989 1043 3028; x_wconf 88' lang='lat' dir='ltr'><strong>uon</strong></span> <span class='ocrx_word' id='word_1_411' title='bbox 1071 2972 1214 3040; x_wconf 83' lang='lat' dir='ltr'><strong>tormidet,</strong></span> <span class='ocrx_word' id='word_1_412' title='bbox 1239 2972 1289 3027; x_wconf 89' lang='lat' dir='ltr'><strong>sed</strong></span> <span class='ocrx_word' id='word_1_413' title='bbox 1316 2970 1515 3028; x_wconf 84' lang='lat' dir='ltr'><strong>fortitudinem</strong></span> <span class='ocrx_word' id='word_1_414' title='bbox 1539 2977 1568 3028; x_wconf 90' lang='lat' dir='ltr'><strong>at</strong></span> <span class='ocrx_word' id='word_1_415' title='bbox 1591 2973 1776 3030; x_wconf 82' lang='lat' dir='ltr'><strong>stabilitatem</strong></span> <span class='ocrx_word' id='word_1_416' title='bbox 1800 2975 1832 3031; x_wconf 91' lang='lat' dir='ltr'><strong>in</strong></span> 
     </span>
     <span class='ocr_line' id='line_1_32' title="bbox 80 3060 1830 3135; baseline 0.001 -19"><span class='ocrx_word' id='word_1_417' title='bbox 80 3063 265 3134; x_wconf 83' lang='lat' dir='ltr'><strong>obsequium.</strong></span> <span class='ocrx_word' id='word_1_418' title='bbox 985 3076 1090 3131; x_wconf 82' lang='lat' dir='ltr'><strong>niagno</strong></span> <span class='ocrx_word' id='word_1_419' title='bbox 1105 3060 1171 3116; x_wconf 92' lang='lat' dir='ltr'><strong>odio</strong></span> <span class='ocrx_word' id='word_1_420' title='bbox 1184 3060 1287 3128; x_wconf 89' lang='lat' dir='ltr'><strong>babet;</strong></span> <span class='ocrx_word' id='word_1_421' title='bbox 1303 3066 1332 3115; x_wconf 93' lang='lat' dir='ltr'><strong>et</strong></span> <span class='ocrx_word' id='word_1_422' title='bbox 1348 3065 1381 3115; x_wconf 91' lang='lat' dir='ltr'><strong>ut</strong></span> <span class='ocrx_word' id='word_1_423' title='bbox 1392 3061 1471 3132; x_wconf 90' lang='lat' dir='ltr'><strong>porci</strong></span> <span class='ocrx_word' id='word_1_424' title='bbox 1486 3061 1607 3134; x_wconf 87' lang='lat' dir='ltr'><strong>siliquas</strong></span> <span class='ocrx_word' id='word_1_425' title='bbox 1628 3067 1747 3135; x_wconf 87' lang='lat' dir='ltr'><strong>propter</strong></span> <span class='ocrx_word' id='word_1_426' title='bbox 1764 3063 1830 3135; x_wconf 93' lang='lat' dir='ltr'><strong>piu-</strong></span> 
     </span>
    </p>

    <p class='ocr_par' dir='ltr' id='par_1_12' title="bbox 78 3149 1833 5531">
     <span class='ocr_line' id='line_1_33' title="bbox 113 3149 1832 3223; baseline 0.002 -17"><span class='ocrx_word' id='word_1_427' title='bbox 113 3153 251 3206; x_wconf 90' lang='lat' dir='ltr'><strong>Omater</strong></span> <span class='ocrx_word' id='word_1_428' title='bbox 284 3150 397 3218; x_wconf 88' lang='lat' dir='ltr'><strong>dilecta,</strong></span> <span class='ocrx_word' id='word_1_429' title='bbox 423 3150 493 3222; x_wconf 91' lang='lat' dir='ltr'><strong>quid</strong></span> <span class='ocrx_word' id='word_1_430' title='bbox 521 3149 626 3205; x_wconf 78' lang='lat' dir='ltr'><strong>faciem</strong></span> <span class='ocrx_word' id='word_1_431' title='bbox 653 3149 787 3218; x_wconf 87' lang='lat' dir='ltr'><strong>inientes,</strong></span> <span class='ocrx_word' id='word_1_432' title='bbox 817 3149 930 3205; x_wconf 90' lang='lat' dir='ltr'><strong>nullum</strong></span> <span class='ocrx_word' id='word_1_433' title='bbox 983 3149 1139 3223; x_wconf 87' lang='lat' dir='ltr'><strong>guediuem</strong></span> <span class='ocrx_word' id='word_1_434' title='bbox 1164 3149 1405 3216; x_wconf 67' lang='lat' dir='ltr'><strong>manducantem</strong></span> <span class='ocrx_word' id='word_1_435' title='bbox 1428 3149 1457 3204; x_wconf 90' lang='lat' dir='ltr'><strong>iu</strong></span> <span class='ocrx_word' id='word_1_436' title='bbox 1477 3149 1667 3206; x_wconf 84' lang='lat' dir='ltr'><strong>delectatione</strong></span> <span class='ocrx_word' id='word_1_437' title='bbox 1690 3168 1757 3208; x_wconf 91' lang='lat' dir='ltr'><strong>cum</strong></span> <span class='ocrx_word' id='word_1_438' title='bbox 1780 3152 1832 3210; x_wconf 92' lang='lat' dir='ltr'><strong>bo·</strong></span> 
     </span>
     <span class='ocr_line' id='line_1_34' title="bbox 78 3237 1830 3313; baseline 0.002 -19"><span class='ocrx_word' id='word_1_439' title='bbox 78 3242 130 3313; x_wconf 86' lang='lat' dir='ltr'><strong>qui</strong></span> <span class='ocrx_word' id='word_1_440' title='bbox 145 3240 187 3294; x_wconf 89' lang='lat' dir='ltr'><strong>eis</strong></span> <span class='ocrx_word' id='word_1_441' title='bbox 212 3240 257 3294; x_wconf 92' lang='lat' dir='ltr'><strong>lac</strong></span> <span class='ocrx_word' id='word_1_442' title='bbox 276 3240 404 3311; x_wconf 77' lang='lat' dir='ltr'><strong>prebeat</strong></span> <span class='ocrx_word' id='word_1_443' title='bbox 424 3240 584 3295; x_wconf 77' lang='lat' dir='ltr'><strong>babentes?</strong></span> <span class='ocrx_word' id='word_1_444' title='bbox 613 3237 727 3293; x_wconf 85' lang='lat' dir='ltr'><strong>Parvuli</strong></span> <span class='ocrx_word' id='word_1_445' title='bbox 750 3242 853 3309; x_wconf 88' lang='lat' dir='ltr'><strong>petunt</strong></span> <span class='ocrx_word' id='word_1_446' title='bbox 882 3254 931 3310; x_wconf 87' lang='lat' dir='ltr'><strong>pa·</strong></span> <span class='ocrx_word' id='word_1_447' title='bbox 984 3239 1111 3294; x_wconf 86' lang='lat' dir='ltr'><strong>minibus</strong></span> <span class='ocrx_word' id='word_1_448' title='bbox 1138 3253 1215 3310; x_wconf 79' lang='lat' dir='ltr'><strong>saepe</strong></span> <span class='ocrx_word' id='word_1_449' title='bbox 1236 3243 1443 3306; x_wconf 89' lang='lat' dir='ltr'><strong>commoratur,</strong></span> <span class='ocrx_word' id='word_1_450' title='bbox 1468 3241 1496 3294; x_wconf 89' lang='lat' dir='ltr'><strong>et</strong></span> <span class='ocrx_word' id='word_1_451' title='bbox 1517 3240 1599 3311; x_wconf 89' lang='lat' dir='ltr'><strong>quasi</strong></span> <span class='ocrx_word' id='word_1_452' title='bbox 1621 3255 1720 3311; x_wconf 73' lang='lat' dir='ltr'><strong>peenas</strong></span> <span class='ocrx_word' id='word_1_453' title='bbox 1745 3242 1830 3298; x_wconf 89' lang='lat' dir='ltr'><strong>susti·</strong></span> 
     </span>
     <span class='ocr_line' id='line_1_35' title="bbox 79 3326 1830 3401; baseline 0.001 -17"><span class='ocrx_word' id='word_1_454' title='bbox 79 3346 146 3384; x_wconf 87' lang='lat' dir='ltr'><strong>uem</strong></span> <span class='ocrx_word' id='word_1_455' title='bbox 166 3333 195 3383; x_wconf 88' lang='lat' dir='ltr'><strong>at</strong></span> <span class='ocrx_word' id='word_1_456' title='bbox 220 3334 264 3383; x_wconf 89' lang='lat' dir='ltr'><strong>est</strong></span> <span class='ocrx_word' id='word_1_457' title='bbox 286 3343 344 3382; x_wconf 90' lang='lat' dir='ltr'><strong>nou</strong></span> <span class='ocrx_word' id='word_1_458' title='bbox 371 3328 551 3398; x_wconf 86' lang='lat' dir='ltr'><strong>quiirangat</strong></span> <span class='ocrx_word' id='word_1_459' title='bbox 578 3328 619 3382; x_wconf 88' lang='lat' dir='ltr'><strong>eis</strong></span> <span class='ocrx_word' id='word_1_460' title='bbox 650 3327 768 3399; x_wconf 72' lang='lat' dir='ltr'><strong>(Three.</strong></span> <span class='ocrx_word' id='word_1_461' title='bbox 800 3327 848 3398; x_wconf 82' lang='lat' dir='ltr'><strong>rr).</strong></span> <span class='ocrx_word' id='word_1_462' title='bbox 881 3326 930 3382; x_wconf 90' lang='lat' dir='ltr'><strong>Sol</strong></span> <span class='ocrx_word' id='word_1_463' title='bbox 985 3333 1053 3382; x_wconf 86' lang='lat' dir='ltr'><strong>neat</strong></span> <span class='ocrx_word' id='word_1_464' title='bbox 1082 3326 1231 3382; x_wconf 90' lang='lat' dir='ltr'><strong>clamando</strong></span> <span class='ocrx_word' id='word_1_465' title='bbox 1261 3326 1362 3394; x_wconf 89' lang='lat' dir='ltr'><strong>ululat,</strong></span> <span class='ocrx_word' id='word_1_466' title='bbox 1399 3343 1464 3382; x_wconf 88' lang='lat' dir='ltr'><strong>cum</strong></span> <span class='ocrx_word' id='word_1_467' title='bbox 1494 3327 1529 3382; x_wconf 90' lang='lat' dir='ltr'><strong>sb</strong></span> <span class='ocrx_word' id='word_1_468' title='bbox 1557 3328 1676 3384; x_wconf 89' lang='lat' dir='ltr'><strong>bomine</strong></span> <span class='ocrx_word' id='word_1_469' title='bbox 1702 3329 1830 3401; x_wconf 86' lang='lat' dir='ltr'><strong>lugetur.</strong></span> 
     </span>
     <span class='ocr_line' id='line_1_36' title="bbox 79 3415 1833 3489; baseline 0.002 -17"><span class='ocrx_word' id='word_1_470' title='bbox 79 3433 197 3489; x_wconf 89' lang='lat' dir='ltr'><strong>quoque</strong></span> <span class='ocrx_word' id='word_1_471' title='bbox 214 3417 352 3488; x_wconf 90' lang='lat' dir='ltr'><strong>opposuit</strong></span> <span class='ocrx_word' id='word_1_472' title='bbox 366 3416 419 3473; x_wconf 91' lang='lat' dir='ltr'><strong>sibi</strong></span> <span class='ocrx_word' id='word_1_473' title='bbox 434 3418 552 3485; x_wconf 70' lang='lat' dir='ltr'><strong>nubem</strong></span> <span class='ocrx_word' id='word_1_474' title='bbox 569 3433 605 3472; x_wconf 90' lang='lat' dir='ltr'><strong>ne</strong></span> <span class='ocrx_word' id='word_1_475' title='bbox 628 3420 807 3488; x_wconf 82' lang='lat' dir='ltr'><strong>pertranseat</strong></span> <span class='ocrx_word' id='word_1_476' title='bbox 825 3415 928 3470; x_wconf 88' lang='lat' dir='ltr'><strong>oratio.</strong></span> <span class='ocrx_word' id='word_1_477' title='bbox 985 3415 1056 3470; x_wconf 85' lang='lat' dir='ltr'><strong>Cum</strong></span> <span class='ocrx_word' id='word_1_478' title='bbox 1072 3415 1150 3472; x_wconf 89' lang='lat' dir='ltr'><strong>euim</strong></span> <span class='ocrx_word' id='word_1_479' title='bbox 1172 3416 1260 3470; x_wconf 89' lang='lat' dir='ltr'><strong>bomo</strong></span> <span class='ocrx_word' id='word_1_480' title='bbox 1283 3415 1495 3486; x_wconf 88' lang='lat' dir='ltr'><strong>fortitudinem,</strong></span> <span class='ocrx_word' id='word_1_481' title='bbox 1524 3421 1553 3472; x_wconf 91' lang='lat' dir='ltr'><strong>et</strong></span> <span class='ocrx_word' id='word_1_482' title='bbox 1575 3417 1770 3483; x_wconf 86' lang='lat' dir='ltr'><strong>stabilitatem,</strong></span> <span class='ocrx_word' id='word_1_483' title='bbox 1799 3436 1833 3475; x_wconf 89' lang='lat' dir='ltr'><strong>ec</strong></span> 
     </span>
     <span class='ocr_line' id='line_1_37' title="bbox 78 3503 1833 3577; baseline 0.002 -16"><span class='ocrx_word' id='word_1_484' title='bbox 78 3507 152 3572; x_wconf 77' lang='lat' dir='ltr'><strong>onie</strong></span> <span class='ocrx_word' id='word_1_485' title='bbox 169 3522 240 3577; x_wconf 89' lang='lat' dir='ltr'><strong>ergo</strong></span> <span class='ocrx_word' id='word_1_486' title='bbox 262 3505 351 3563; x_wconf 89' lang='lat' dir='ltr'><strong>laeiet</strong></span> <span class='ocrx_word' id='word_1_487' title='bbox 374 3506 464 3562; x_wconf 90' lang='lat' dir='ltr'><strong>bomo</strong></span> <span class='ocrx_word' id='word_1_488' title='bbox 490 3504 653 3577; x_wconf 89' lang='lat' dir='ltr'><strong>languidus,</strong></span> <span class='ocrx_word' id='word_1_489' title='bbox 673 3520 807 3577; x_wconf 81' lang='lat' dir='ltr'><strong>quaerens</strong></span> <span class='ocrx_word' id='word_1_490' title='bbox 830 3504 931 3559; x_wconf 87' lang='lat' dir='ltr'><strong>salutis</strong></span> <span class='ocrx_word' id='word_1_491' title='bbox 985 3505 1213 3560; x_wconf 88' lang='lat' dir='ltr'><strong>moderationem</strong></span> <span class='ocrx_word' id='word_1_492' title='bbox 1232 3503 1365 3576; x_wconf 89' lang='lat' dir='ltr'><strong>arripuit,</strong></span> <span class='ocrx_word' id='word_1_493' title='bbox 1392 3503 1428 3559; x_wconf 91' lang='lat' dir='ltr'><strong>ab</strong></span> <span class='ocrx_word' id='word_1_494' title='bbox 1457 3521 1491 3560; x_wconf 87' lang='lat' dir='ltr'><strong>eo</strong></span> <span class='ocrx_word' id='word_1_495' title='bbox 1507 3505 1591 3576; x_wconf 79' lang='lat' dir='ltr'><strong>fugit,</strong></span> <span class='ocrx_word' id='word_1_496' title='bbox 1612 3511 1641 3562; x_wconf 89' lang='lat' dir='ltr'><strong>et</strong></span> <span class='ocrx_word' id='word_1_497' title='bbox 1662 3507 1776 3576; x_wconf 88' lang='lat' dir='ltr'><strong>clamat,</strong></span> <span class='ocrx_word' id='word_1_498' title='bbox 1804 3513 1833 3564; x_wconf 91' lang='lat' dir='ltr'><strong>et</strong></span> 
     </span>
     <span class='ocr_line' id='line_1_38' title="bbox 79 3591 1832 3664; baseline 0.002 -15"><span class='ocrx_word' id='word_1_499' title='bbox 79 3594 254 3660; x_wconf 90' lang='lat' dir='ltr'><strong>remedium,</strong></span> <span class='ocrx_word' id='word_1_500' title='bbox 282 3602 311 3648; x_wconf 90' lang='lat' dir='ltr'><strong>et</strong></span> <span class='ocrx_word' id='word_1_501' title='bbox 345 3609 403 3649; x_wconf 90' lang='lat' dir='ltr'><strong>non</strong></span> <span class='ocrx_word' id='word_1_502' title='bbox 442 3595 592 3649; x_wconf 89' lang='lat' dir='ltr'><strong>inveniens</strong></span> <span class='ocrx_word' id='word_1_503' title='bbox 616 3593 824 3648; x_wconf 86' lang='lat' dir='ltr'><strong>consolationis</strong></span> <span class='ocrx_word' id='word_1_504' title='bbox 847 3592 929 3647; x_wconf 85' lang='lat' dir='ltr'><strong>auxi·</strong></span> <span class='ocrx_word' id='word_1_505' title='bbox 985 3593 1087 3661; x_wconf 91' lang='lat' dir='ltr'><strong>ululet,</strong></span> <span class='ocrx_word' id='word_1_506' title='bbox 1101 3598 1130 3648; x_wconf 92' lang='lat' dir='ltr'><strong>ct</strong></span> <span class='ocrx_word' id='word_1_507' title='bbox 1148 3592 1237 3648; x_wconf 88' lang='lat' dir='ltr'><strong>dicit:</strong></span> <span class='ocrx_word' id='word_1_508' title='bbox 1256 3592 1308 3648; x_wconf 87' lang='lat' dir='ltr'><strong>Ubi</strong></span> <span class='ocrx_word' id='word_1_509' title='bbox 1331 3591 1455 3664; x_wconf 77' lang='lat' dir='ltr'><strong>pascar?</strong></span> <span class='ocrx_word' id='word_1_510' title='bbox 1481 3597 1509 3647; x_wconf 90' lang='lat' dir='ltr'><strong>et</strong></span> <span class='ocrx_word' id='word_1_511' title='bbox 1528 3593 1577 3648; x_wconf 90' lang='lat' dir='ltr'><strong>ubi</strong></span> <span class='ocrx_word' id='word_1_512' title='bbox 1599 3593 1678 3650; x_wconf 93' lang='lat' dir='ltr'><strong>cibos</strong></span> <span class='ocrx_word' id='word_1_513' title='bbox 1699 3595 1832 3652; x_wconf 75' lang='lat' dir='ltr'><strong>habebo?</strong></span> 
     </span>
     <span class='ocr_line' id='line_1_39' title="bbox 78 3680 1832 3754; baseline 0.002 -17"><span class='ocrx_word' id='word_1_514' title='bbox 78 3684 173 3737; x_wconf 83' lang='lat' dir='ltr'><strong>lium?</strong></span> <span class='ocrx_word' id='word_1_515' title='bbox 190 3682 313 3738; x_wconf 82' lang='lat' dir='ltr'><strong>Ecclesia</strong></span> <span class='ocrx_word' id='word_1_516' title='bbox 330 3682 483 3738; x_wconf 86' lang='lat' dir='ltr'><strong>schismate</strong></span> <span class='ocrx_word' id='word_1_517' title='bbox 505 3683 655 3737; x_wconf 82' lang='lat' dir='ltr'><strong>vulnerata</strong></span> <span class='ocrx_word' id='word_1_518' title='bbox 678 3686 721 3737; x_wconf 88' lang='lat' dir='ltr'><strong>est</strong></span> <span class='ocrx_word' id='word_1_519' title='bbox 744 3681 930 3753; x_wconf 88' lang='lat' dir='ltr'><strong>perverbum</strong></span> <span class='ocrx_word' id='word_1_520' title='bbox 986 3681 1065 3738; x_wconf 88' lang='lat' dir='ltr'><strong>Unde</strong></span> <span class='ocrx_word' id='word_1_521' title='bbox 1081 3680 1203 3752; x_wconf 86' lang='lat' dir='ltr'><strong>quisque</strong></span> <span class='ocrx_word' id='word_1_522' title='bbox 1219 3680 1307 3736; x_wconf 90' lang='lat' dir='ltr'><strong>bomo</strong></span> <span class='ocrx_word' id='word_1_523' title='bbox 1321 3687 1424 3753; x_wconf 87' lang='lat' dir='ltr'><strong>paveat</strong></span> <span class='ocrx_word' id='word_1_524' title='bbox 1437 3685 1467 3736; x_wconf 89' lang='lat' dir='ltr'><strong>et</strong></span> <span class='ocrx_word' id='word_1_525' title='bbox 1484 3680 1595 3749; x_wconf 89' lang='lat' dir='ltr'><strong>timeat,</strong></span> <span class='ocrx_word' id='word_1_526' title='bbox 1609 3682 1747 3754; x_wconf 89' lang='lat' dir='ltr'><strong>quoniam</strong></span> <span class='ocrx_word' id='word_1_527' title='bbox 1770 3683 1832 3740; x_wconf 77' lang='lat' dir='ltr'><strong>bmc</strong></span> 
     </span>
     <span class='ocr_line' id='line_1_40' title="bbox 80 3768 1830 3842; baseline 0.001 -16"><span class='ocrx_word' id='word_1_528' title='bbox 80 3771 241 3826; x_wconf 85' lang='lat' dir='ltr'><strong>divisionis.</strong></span> <span class='ocrx_word' id='word_1_529' title='bbox 261 3772 332 3825; x_wconf 81' lang='lat' dir='ltr'><strong>licce</strong></span> <span class='ocrx_word' id='word_1_530' title='bbox 350 3770 407 3838; x_wconf 91' lang='lat' dir='ltr'><strong>bic,</strong></span> <span class='ocrx_word' id='word_1_531' title='bbox 430 3786 494 3826; x_wconf 86' lang='lat' dir='ltr'><strong>ecce</strong></span> <span class='ocrx_word' id='word_1_532' title='bbox 515 3770 583 3839; x_wconf 88' lang='lat' dir='ltr'><strong>illic,</strong></span> <span class='ocrx_word' id='word_1_533' title='bbox 607 3771 685 3841; x_wconf 91' lang='lat' dir='ltr'><strong>quod</strong></span> <span class='ocrx_word' id='word_1_534' title='bbox 699 3769 885 3824; x_wconf 86' lang='lat' dir='ltr'><strong>iuturumest</strong></span> <span class='ocrx_word' id='word_1_535' title='bbox 899 3768 931 3824; x_wconf 91' lang='lat' dir='ltr'><strong>iu</strong></span> <span class='ocrx_word' id='word_1_536' title='bbox 984 3787 1052 3842; x_wconf 90' lang='lat' dir='ltr'><strong>pars</strong></span> <span class='ocrx_word' id='word_1_537' title='bbox 1068 3770 1208 3825; x_wconf 88' lang='lat' dir='ltr'><strong>malorum</strong></span> <span class='ocrx_word' id='word_1_538' title='bbox 1224 3769 1380 3840; x_wconf 90' lang='lat' dir='ltr'><strong>spirituum</strong></span> <span class='ocrx_word' id='word_1_539' title='bbox 1394 3774 1423 3824; x_wconf 88' lang='lat' dir='ltr'><strong>et</strong></span> <span class='ocrx_word' id='word_1_540' title='bbox 1437 3786 1501 3826; x_wconf 90' lang='lat' dir='ltr'><strong>cum</strong></span> <span class='ocrx_word' id='word_1_541' title='bbox 1522 3771 1599 3826; x_wconf 90' lang='lat' dir='ltr'><strong>malo</strong></span> <span class='ocrx_word' id='word_1_542' title='bbox 1620 3775 1648 3826; x_wconf 90' lang='lat' dir='ltr'><strong>et</strong></span> <span class='ocrx_word' id='word_1_543' title='bbox 1665 3787 1732 3826; x_wconf 89' lang='lat' dir='ltr'><strong>cum</strong></span> <span class='ocrx_word' id='word_1_544' title='bbox 1754 3772 1830 3828; x_wconf 90' lang='lat' dir='ltr'><strong>bono</strong></span> 
     </span>
     <span class='ocr_line' id='line_1_41' title="bbox 79 3857 1831 3932; baseline 0.002 -17"><span class='ocrx_word' id='word_1_545' title='bbox 79 3861 173 3931; x_wconf 85' lang='lat' dir='ltr'><strong>eapite</strong></span> <span class='ocrx_word' id='word_1_546' title='bbox 188 3861 250 3931; x_wconf 87' lang='lat' dir='ltr'><strong>jam</strong></span> <span class='ocrx_word' id='word_1_547' title='bbox 276 3859 417 3932; x_wconf 86' lang='lat' dir='ltr'><strong>percurrit</strong></span> <span class='ocrx_word' id='word_1_548' title='bbox 431 3859 462 3913; x_wconf 91' lang='lat' dir='ltr'><strong>in</strong></span> <span class='ocrx_word' id='word_1_549' title='bbox 484 3873 614 3931; x_wconf 90' lang='lat' dir='ltr'><strong>corpore,</strong></span> <span class='ocrx_word' id='word_1_550' title='bbox 642 3864 671 3915; x_wconf 91' lang='lat' dir='ltr'><strong>et</strong></span> <span class='ocrx_word' id='word_1_551' title='bbox 689 3873 749 3913; x_wconf 91' lang='lat' dir='ltr'><strong>non</strong></span> <span class='ocrx_word' id='word_1_552' title='bbox 767 3863 810 3913; x_wconf 91' lang='lat' dir='ltr'><strong>est</strong></span> <span class='ocrx_word' id='word_1_553' title='bbox 823 3859 931 3913; x_wconf 69' lang='lat' dir='ltr'><strong>sanius</strong></span> <span class='ocrx_word' id='word_1_554' title='bbox 986 3858 1093 3915; x_wconf 90' lang='lat' dir='ltr'><strong>morari</strong></span> <span class='ocrx_word' id='word_1_555' title='bbox 1105 3874 1164 3914; x_wconf 89' lang='lat' dir='ltr'><strong>nou</strong></span> <span class='ocrx_word' id='word_1_556' title='bbox 1182 3858 1328 3914; x_wconf 88' lang='lat' dir='ltr'><strong>formidet.</strong></span> <span class='ocrx_word' id='word_1_557' title='bbox 1349 3858 1419 3914; x_wconf 87' lang='lat' dir='ltr'><strong>Nam</strong></span> <span class='ocrx_word' id='word_1_558' title='bbox 1439 3875 1503 3914; x_wconf 90' lang='lat' dir='ltr'><strong>cum</strong></span> <span class='ocrx_word' id='word_1_559' title='bbox 1525 3859 1612 3915; x_wconf 89' lang='lat' dir='ltr'><strong>bomo</strong></span> <span class='ocrx_word' id='word_1_560' title='bbox 1625 3857 1657 3914; x_wconf 92' lang='lat' dir='ltr'><strong>in</strong></span> <span class='ocrx_word' id='word_1_561' title='bbox 1681 3864 1831 3918; x_wconf 86' lang='lat' dir='ltr'><strong>sanctitate</strong></span> 
     </span>
     <span class='ocr_line' id='line_1_42' title="bbox 80 3945 1832 4021; baseline -0.001 -17"><span class='ocrx_word' id='word_1_562' title='bbox 80 3948 131 4004; x_wconf 92' lang='lat' dir='ltr'><strong>ubi</strong></span> <span class='ocrx_word' id='word_1_563' title='bbox 149 3949 263 4021; x_wconf 88' lang='lat' dir='ltr'><strong>gladius</strong></span> <span class='ocrx_word' id='word_1_564' title='bbox 277 3949 333 4004; x_wconf 89' lang='lat' dir='ltr'><strong>iste</strong></span> <span class='ocrx_word' id='word_1_565' title='bbox 358 3946 553 4020; x_wconf 82' lang='lat' dir='ltr'><strong>pertransivit.</strong></span> <span class='ocrx_word' id='word_1_566' title='bbox 579 3946 653 4012; x_wconf 80' lang='lat' dir='ltr'><strong>Quid</strong></span> <span class='ocrx_word' id='word_1_567' title='bbox 676 3961 745 4018; x_wconf 89' lang='lat' dir='ltr'><strong>ergo</strong></span> <span class='ocrx_word' id='word_1_568' title='bbox 767 3945 848 4014; x_wconf 91' lang='lat' dir='ltr'><strong>dieis,</strong></span> <span class='ocrx_word' id='word_1_569' title='bbox 865 3961 930 4000; x_wconf 89' lang='lat' dir='ltr'><strong>ma·</strong></span> <span class='ocrx_word' id='word_1_570' title='bbox 985 3948 1084 4004; x_wconf 89' lang='lat' dir='ltr'><strong>odium</strong></span> <span class='ocrx_word' id='word_1_571' title='bbox 1099 3947 1243 4011; x_wconf 86' lang='lat' dir='ltr'><strong>babuerit,</strong></span> <span class='ocrx_word' id='word_1_572' title='bbox 1263 3961 1400 4017; x_wconf 88' lang='lat' dir='ltr'><strong>maguam</strong></span> <span class='ocrx_word' id='word_1_573' title='bbox 1420 3945 1571 4004; x_wconf 90' lang='lat' dir='ltr'><strong>veritatem</strong></span> <span class='ocrx_word' id='word_1_574' title='bbox 1599 3947 1772 4018; x_wconf 88' lang='lat' dir='ltr'><strong>ingreditur,</strong></span> <span class='ocrx_word' id='word_1_575' title='bbox 1799 3963 1832 4004; x_wconf 88' lang='lat' dir='ltr'><strong>ac</strong></span> 
     </span>
     <span class='ocr_line' id='line_1_43' title="bbox 80 4032 1832 4108; baseline -0.001 -14"><span class='ocrx_word' id='word_1_576' title='bbox 80 4043 124 4094; x_wconf 88' lang='lat' dir='ltr'><strong>ter</strong></span> <span class='ocrx_word' id='word_1_577' title='bbox 145 4037 310 4094; x_wconf 74' lang='lat' dir='ltr'><strong>honorata?</strong></span> <span class='ocrx_word' id='word_1_578' title='bbox 344 4039 430 4093; x_wconf 85' lang='lat' dir='ltr'><strong>Putes</strong></span> <span class='ocrx_word' id='word_1_579' title='bbox 458 4035 583 4092; x_wconf 85' lang='lat' dir='ltr'><strong>inveniri</strong></span> <span class='ocrx_word' id='word_1_580' title='bbox 608 4041 704 4107; x_wconf 91' lang='lat' dir='ltr'><strong>potest</strong></span> <span class='ocrx_word' id='word_1_581' title='bbox 728 4049 816 4107; x_wconf 88' lang='lat' dir='ltr'><strong>quem</strong></span> <span class='ocrx_word' id='word_1_582' title='bbox 839 4032 931 4106; x_wconf 73' lang='lat' dir='ltr'><strong>quaeri</strong></span> <span class='ocrx_word' id='word_1_583' title='bbox 987 4039 1045 4093; x_wconf 76' lang='lat' dir='ltr'><strong>lieo</strong></span> <span class='ocrx_word' id='word_1_584' title='bbox 1066 4041 1095 4092; x_wconf 88' lang='lat' dir='ltr'><strong>et</strong></span> <span class='ocrx_word' id='word_1_585' title='bbox 1122 4034 1289 4091; x_wconf 88' lang='lat' dir='ltr'><strong>bominibus</strong></span> <span class='ocrx_word' id='word_1_586' title='bbox 1321 4036 1398 4092; x_wconf 86' lang='lat' dir='ltr'><strong>velut</strong></span> <span class='ocrx_word' id='word_1_587' title='bbox 1424 4035 1519 4092; x_wconf 90' lang='lat' dir='ltr'><strong>illusio</strong></span> <span class='ocrx_word' id='word_1_588' title='bbox 1545 4036 1610 4092; x_wconf 89' lang='lat' dir='ltr'><strong>erit.</strong></span> <span class='ocrx_word' id='word_1_589' title='bbox 1634 4036 1689 4092; x_wconf 88' lang='lat' dir='ltr'><strong>Sed</strong></span> <span class='ocrx_word' id='word_1_590' title='bbox 1709 4051 1775 4108; x_wconf 89' lang='lat' dir='ltr'><strong>pars</strong></span> <span class='ocrx_word' id='word_1_591' title='bbox 1793 4037 1832 4092; x_wconf 93' lang='lat' dir='ltr'><strong>il·</strong></span> 
     </span>
     <span class='ocr_line' id='line_1_44' title="bbox 80 4123 1831 4198; baseline 0 -16"><span class='ocrx_word' id='word_1_592' title='bbox 80 4127 329 4182; x_wconf 87' lang='lat' dir='ltr'><strong>omninouecesse</strong></span> <span class='ocrx_word' id='word_1_593' title='bbox 344 4123 402 4180; x_wconf 91' lang='lat' dir='ltr'><strong>estl</strong></span> <span class='ocrx_word' id='word_1_594' title='bbox 420 4124 531 4181; x_wconf 84' lang='lat' dir='ltr'><strong>Tendiu</strong></span> <span class='ocrx_word' id='word_1_595' title='bbox 561 4124 707 4180; x_wconf 87' lang='lat' dir='ltr'><strong>medicum</strong></span> <span class='ocrx_word' id='word_1_596' title='bbox 732 4123 830 4179; x_wconf 90' lang='lat' dir='ltr'><strong>deesse</strong></span> <span class='ocrx_word' id='word_1_597' title='bbox 848 4126 930 4193; x_wconf 87' lang='lat' dir='ltr'><strong>puto,</strong></span> <span class='ocrx_word' id='word_1_598' title='bbox 986 4128 1080 4182; x_wconf 90' lang='lat' dir='ltr'><strong>lornm</strong></span> <span class='ocrx_word' id='word_1_599' title='bbox 1115 4125 1270 4197; x_wconf 90' lang='lat' dir='ltr'><strong>spirituum</strong></span> <span class='ocrx_word' id='word_1_600' title='bbox 1315 4125 1460 4197; x_wconf 87' lang='lat' dir='ltr'><strong>quomodo</strong></span> <span class='ocrx_word' id='word_1_601' title='bbox 1491 4125 1587 4197; x_wconf 86' lang='lat' dir='ltr'><strong>iugari</strong></span> <span class='ocrx_word' id='word_1_602' title='bbox 1612 4128 1641 4182; x_wconf 87' lang='lat' dir='ltr'><strong>et</strong></span> <span class='ocrx_word' id='word_1_603' title='bbox 1664 4124 1748 4197; x_wconf 86' lang='lat' dir='ltr'><strong>ligari</strong></span> <span class='ocrx_word' id='word_1_604' title='bbox 1778 4141 1831 4198; x_wconf 91' lang='lat' dir='ltr'><strong>po·</strong></span> 
     </span>
     <span class='ocr_line' id='line_1_45' title="bbox 80 4200 1075 4286; baseline -0.002 -15"><span class='ocrx_word' id='word_1_605' title='bbox 80 4217 150 4271; x_wconf 79' lang='lat' dir='ltr'><strong>darm</strong></span> <span class='ocrx_word' id='word_1_606' title='bbox 169 4215 297 4271; x_wconf 87' lang='lat' dir='ltr'><strong>vulneris</strong></span> <span class='ocrx_word' id='word_1_607' title='bbox 322 4214 505 4286; x_wconf 88' lang='lat' dir='ltr'><strong>putredinem</strong></span> <span class='ocrx_word' id='word_1_608' title='bbox 533 4214 635 4269; x_wconf 88' lang='lat' dir='ltr'><strong>sentio.</strong></span> <span class='ocrx_word' id='word_1_609' title='bbox 669 4212 776 4269; x_wconf 75' lang='lat' dir='ltr'><strong>Accede</strong></span> <span class='ocrx_word' id='word_1_610' title='bbox 803 4226 873 4281; x_wconf 89' lang='lat' dir='ltr'><strong>ergo</strong></span> <span class='ocrx_word' id='word_1_611' title='bbox 893 4211 931 4266; x_wconf 90' lang='lat' dir='ltr'><strong>ad</strong></span> <span class='ocrx_word' id='word_1_612' title='bbox 950 4200 1075 4268; x_wconf 82' lang='lat' dir='ltr'><strong>Dterit‘l</strong></span> 
     </span>
     <span class='ocr_line' id='line_1_46' title="bbox 80 4299 1831 4373; baseline -0.001 -15"><span class='ocrx_word' id='word_1_613' title='bbox 80 4303 324 4371; x_wconf 66' lang='lat' dir='ltr'><strong>inaccessibilem</strong></span> <span class='ocrx_word' id='word_1_614' title='bbox 338 4302 415 4358; x_wconf 90' lang='lat' dir='ltr'><strong>intra</strong></span> <span class='ocrx_word' id='word_1_615' title='bbox 429 4302 479 4357; x_wconf 90' lang='lat' dir='ltr'><strong>ubi</strong></span> <span class='ocrx_word' id='word_1_616' title='bbox 494 4318 554 4358; x_wconf 90' lang='lat' dir='ltr'><strong>uon</strong></span> <span class='ocrx_word' id='word_1_617' title='bbox 577 4305 658 4373; x_wconf 87' lang='lat' dir='ltr'><strong>petet</strong></span> <span class='ocrx_word' id='word_1_618' title='bbox 678 4299 813 4356; x_wconf 84' lang='lat' dir='ltr'><strong>omuibus</strong></span> <span class='ocrx_word' id='word_1_619' title='bbox 834 4314 930 4354; x_wconf 88' lang='lat' dir='ltr'><strong>acees-</strong></span> <span class='ocrx_word' id='word_1_620' title='bbox 1021 4301 1091 4357; x_wconf 90' lang='lat' dir='ltr'><strong>Cum</strong></span> <span class='ocrx_word' id='word_1_621' title='bbox 1106 4301 1195 4356; x_wconf 93' lang='lat' dir='ltr'><strong>bomo</strong></span> <span class='ocrx_word' id='word_1_622' title='bbox 1209 4300 1240 4355; x_wconf 89' lang='lat' dir='ltr'><strong>in</strong></span> <span class='ocrx_word' id='word_1_623' title='bbox 1259 4299 1354 4373; x_wconf 92' lang='lat' dir='ltr'><strong>prima</strong></span> <span class='ocrx_word' id='word_1_624' title='bbox 1375 4303 1458 4356; x_wconf 84' lang='lat' dir='ltr'><strong>aetate</strong></span> <span class='ocrx_word' id='word_1_625' title='bbox 1477 4299 1560 4372; x_wconf 87' lang='lat' dir='ltr'><strong>quasi</strong></span> <span class='ocrx_word' id='word_1_626' title='bbox 1583 4301 1614 4356; x_wconf 91' lang='lat' dir='ltr'><strong>in</strong></span> <span class='ocrx_word' id='word_1_627' title='bbox 1637 4301 1731 4372; x_wconf 89' lang='lat' dir='ltr'><strong>prima</strong></span> <span class='ocrx_word' id='word_1_628' title='bbox 1749 4299 1831 4371; x_wconf 90' lang='lat' dir='ltr'><strong>bora,</strong></span> 
     </span>
     <span class='ocr_line' id='line_1_47' title="bbox 80 4388 1831 4462; baseline -0.001 -15"><span class='ocrx_word' id='word_1_629' title='bbox 80 4410 143 4459; x_wconf 90' lang='lat' dir='ltr'><strong>sus;</strong></span> <span class='ocrx_word' id='word_1_630' title='bbox 172 4391 219 4446; x_wconf 91' lang='lat' dir='ltr'><strong>die</strong></span> <span class='ocrx_word' id='word_1_631' title='bbox 245 4391 352 4447; x_wconf 83' lang='lat' dir='ltr'><strong>Dilecto</strong></span> <span class='ocrx_word' id='word_1_632' title='bbox 380 4396 447 4446; x_wconf 83' lang='lat' dir='ltr'><strong>tuo:</strong></span> <span class='ocrx_word' id='word_1_633' title='bbox 472 4391 565 4456; x_wconf 87' lang='lat' dir='ltr'><strong>Quare</strong></span> <span class='ocrx_word' id='word_1_634' title='bbox 599 4389 757 4457; x_wconf 88' lang='lat' dir='ltr'><strong>obdormis,</strong></span> <span class='ocrx_word' id='word_1_635' title='bbox 789 4388 931 4444; x_wconf 80' lang='lat' dir='ltr'><strong>Domina?</strong></span> <span class='ocrx_word' id='word_1_636' title='bbox 985 4405 1050 4446; x_wconf 90' lang='lat' dir='ltr'><strong>cum</strong></span> <span class='ocrx_word' id='word_1_637' title='bbox 1065 4405 1138 4462; x_wconf 86' lang='lat' dir='ltr'><strong>puer</strong></span> <span class='ocrx_word' id='word_1_638' title='bbox 1161 4394 1214 4460; x_wconf 89' lang='lat' dir='ltr'><strong>est,</strong></span> <span class='ocrx_word' id='word_1_639' title='bbox 1230 4388 1410 4444; x_wconf 89' lang='lat' dir='ltr'><strong>sanctitatem</strong></span> <span class='ocrx_word' id='word_1_640' title='bbox 1428 4389 1587 4462; x_wconf 84' lang='lat' dir='ltr'><strong>iacoeperit,</strong></span> <span class='ocrx_word' id='word_1_641' title='bbox 1612 4390 1648 4444; x_wconf 88' lang='lat' dir='ltr'><strong>de</strong></span> <span class='ocrx_word' id='word_1_642' title='bbox 1662 4389 1755 4462; x_wconf 88' lang='lat' dir='ltr'><strong>seipso</strong></span> <span class='ocrx_word' id='word_1_643' title='bbox 1771 4405 1831 4446; x_wconf 89' lang='lat' dir='ltr'><strong>non</strong></span> 
     </span>
     <span class='ocr_line' id='line_1_48' title="bbox 80 4475 1832 4552; baseline -0.002 -15"><span class='ocrx_word' id='word_1_644' title='bbox 80 4481 159 4537; x_wconf 84' lang='lat' dir='ltr'><strong>Foris</strong></span> <span class='ocrx_word' id='word_1_645' title='bbox 174 4482 253 4534; x_wconf 88' lang='lat' dir='ltr'><strong>stant</strong></span> <span class='ocrx_word' id='word_1_646' title='bbox 265 4483 428 4552; x_wconf 82' lang='lat' dir='ltr'><strong>quaerentes</strong></span> <span class='ocrx_word' id='word_1_647' title='bbox 444 4482 481 4534; x_wconf 88' lang='lat' dir='ltr'><strong>ta.</strong></span> <span class='ocrx_word' id='word_1_648' title='bbox 497 4478 603 4535; x_wconf 77' lang='lat' dir='ltr'><strong>Anima</strong></span> <span class='ocrx_word' id='word_1_649' title='bbox 619 4482 669 4532; x_wconf 90' lang='lat' dir='ltr'><strong>tua</strong></span> <span class='ocrx_word' id='word_1_650' title='bbox 690 4477 840 4532; x_wconf 89' lang='lat' dir='ltr'><strong>vulnerata</strong></span> <span class='ocrx_word' id='word_1_651' title='bbox 861 4475 930 4531; x_wconf 88' lang='lat' dir='ltr'><strong>oba·</strong></span> <span class='ocrx_word' id='word_1_652' title='bbox 984 4480 1130 4551; x_wconf 90' lang='lat' dir='ltr'><strong>loquatur,</strong></span> <span class='ocrx_word' id='word_1_653' title='bbox 1155 4479 1203 4534; x_wconf 88' lang='lat' dir='ltr'><strong>sed</strong></span> <span class='ocrx_word' id='word_1_654' title='bbox 1227 4477 1380 4550; x_wconf 84' lang='lat' dir='ltr'><strong>magistros</strong></span> <span class='ocrx_word' id='word_1_655' title='bbox 1407 4481 1435 4532; x_wconf 91' lang='lat' dir='ltr'><strong>et</strong></span> <span class='ocrx_word' id='word_1_656' title='bbox 1458 4478 1587 4534; x_wconf 88' lang='lat' dir='ltr'><strong>docteres</strong></span> <span class='ocrx_word' id='word_1_657' title='bbox 1609 4477 1718 4545; x_wconf 86' lang='lat' dir='ltr'><strong>audiat,</strong></span> <span class='ocrx_word' id='word_1_658' title='bbox 1748 4482 1776 4534; x_wconf 89' lang='lat' dir='ltr'><strong>et</strong></span> <span class='ocrx_word' id='word_1_659' title='bbox 1792 4478 1832 4534; x_wconf 91' lang='lat' dir='ltr'><strong>sic</strong></span> 
     </span>
     <span class='ocr_line' id='line_1_49' title="bbox 80 4565 1832 4638; baseline -0.002 -12"><span class='ocrx_word' id='word_1_660' title='bbox 80 4572 164 4626; x_wconf 87' lang='lat' dir='ltr'><strong>ritate</strong></span> <span class='ocrx_word' id='word_1_661' title='bbox 180 4585 239 4625; x_wconf 90' lang='lat' dir='ltr'><strong>non</strong></span> <span class='ocrx_word' id='word_1_662' title='bbox 265 4575 318 4636; x_wconf 90' lang='lat' dir='ltr'><strong>est,</strong></span> <span class='ocrx_word' id='word_1_663' title='bbox 345 4569 369 4622; x_wconf 88' lang='lat' dir='ltr'><strong>si</strong></span> <span class='ocrx_word' id='word_1_664' title='bbox 395 4567 580 4623; x_wconf 89' lang='lat' dir='ltr'><strong>dissensionis</strong></span> <span class='ocrx_word' id='word_1_665' title='bbox 602 4566 700 4638; x_wconf 87' lang='lat' dir='ltr'><strong>gladio</strong></span> <span class='ocrx_word' id='word_1_666' title='bbox 718 4581 855 4638; x_wconf 86' lang='lat' dir='ltr'><strong>percussa</strong></span> <span class='ocrx_word' id='word_1_667' title='bbox 876 4567 929 4620; x_wconf 84' lang='lat' dir='ltr'><strong>est.</strong></span> <span class='ocrx_word' id='word_1_668' title='bbox 985 4567 1133 4623; x_wconf 89' lang='lat' dir='ltr'><strong>diabolum</strong></span> <span class='ocrx_word' id='word_1_669' title='bbox 1160 4567 1362 4622; x_wconf 88' lang='lat' dir='ltr'><strong>reclamantem</strong></span> <span class='ocrx_word' id='word_1_670' title='bbox 1386 4571 1415 4620; x_wconf 86' lang='lat' dir='ltr'><strong>at</strong></span> <span class='ocrx_word' id='word_1_671' title='bbox 1443 4565 1601 4622; x_wconf 86' lang='lat' dir='ltr'><strong>ululantem</strong></span> <span class='ocrx_word' id='word_1_672' title='bbox 1622 4567 1712 4638; x_wconf 78' lang='lat' dir='ltr'><strong>ligat3</strong></span> <span class='ocrx_word' id='word_1_673' title='bbox 1733 4567 1783 4622; x_wconf 90' lang='lat' dir='ltr'><strong>sed</strong></span> <span class='ocrx_word' id='word_1_674' title='bbox 1800 4567 1832 4622; x_wconf 92' lang='lat' dir='ltr'><strong>in</strong></span> 
     </span>
     <span class='ocr_line' id='line_1_50' title="bbox 79 4653 1832 4728; baseline 0.001 -17"><span class='ocrx_word' id='word_1_675' title='bbox 79 4661 182 4714; x_wconf 82' lang='lat' dir='ltr'><strong>veniat</strong></span> <span class='ocrx_word' id='word_1_676' title='bbox 206 4659 249 4713; x_wconf 88' lang='lat' dir='ltr'><strong>eis</strong></span> <span class='ocrx_word' id='word_1_677' title='bbox 268 4657 375 4712; x_wconf 89' lang='lat' dir='ltr'><strong>sanitas</strong></span> <span class='ocrx_word' id='word_1_678' title='bbox 399 4655 537 4712; x_wconf 88' lang='lat' dir='ltr'><strong>orationis</strong></span> <span class='ocrx_word' id='word_1_679' title='bbox 561 4661 630 4723; x_wconf 69' lang='lat' dir='ltr'><strong>tua‘,</strong></span> <span class='ocrx_word' id='word_1_680' title='bbox 653 4655 757 4710; x_wconf 91' lang='lat' dir='ltr'><strong>utsiut</strong></span> <span class='ocrx_word' id='word_1_681' title='bbox 773 4669 876 4709; x_wconf 89' lang='lat' dir='ltr'><strong>uuum.</strong></span> <span class='ocrx_word' id='word_1_682' title='bbox 898 4653 932 4708; x_wconf 76' lang='lat' dir='ltr'><strong>tit</strong></span> <span class='ocrx_word' id='word_1_683' title='bbox 984 4657 1217 4722; x_wconf 80' lang='lat' dir='ltr'><strong>secundaretate,</strong></span> <span class='ocrx_word' id='word_1_684' title='bbox 1235 4655 1360 4728; x_wconf 90' lang='lat' dir='ltr'><strong>quasiiu</strong></span> <span class='ocrx_word' id='word_1_685' title='bbox 1373 4656 1459 4710; x_wconf 90' lang='lat' dir='ltr'><strong>tertia</strong></span> <span class='ocrx_word' id='word_1_686' title='bbox 1482 4656 1563 4723; x_wconf 92' lang='lat' dir='ltr'><strong>bora,</strong></span> <span class='ocrx_word' id='word_1_687' title='bbox 1586 4671 1652 4711; x_wconf 91' lang='lat' dir='ltr'><strong>cum</strong></span> <span class='ocrx_word' id='word_1_688' title='bbox 1675 4656 1762 4711; x_wconf 90' lang='lat' dir='ltr'><strong>bomo</strong></span> <span class='ocrx_word' id='word_1_689' title='bbox 1782 4656 1832 4726; x_wconf 88' lang='lat' dir='ltr'><strong>ju·</strong></span> 
     </span>
     <span class='ocr_line' id='line_1_51' title="bbox 79 4741 1832 4814; baseline -0.001 -12"><span class='ocrx_word' id='word_1_690' title='bbox 79 4763 145 4802; x_wconf 90' lang='lat' dir='ltr'><strong>cum</strong></span> <span class='ocrx_word' id='word_1_691' title='bbox 173 4745 310 4802; x_wconf 79' lang='lat' dir='ltr'><strong>effuderis</strong></span> <span class='ocrx_word' id='word_1_692' title='bbox 333 4745 494 4800; x_wconf 89' lang='lat' dir='ltr'><strong>orationem</strong></span> <span class='ocrx_word' id='word_1_693' title='bbox 522 4750 604 4801; x_wconf 91' lang='lat' dir='ltr'><strong>tuam</strong></span> <span class='ocrx_word' id='word_1_694' title='bbox 627 4760 725 4799; x_wconf 89' lang='lat' dir='ltr'><strong>coram</strong></span> <span class='ocrx_word' id='word_1_695' title='bbox 754 4741 844 4798; x_wconf 87' lang='lat' dir='ltr'><strong>oculis</strong></span> <span class='ocrx_word' id='word_1_696' title='bbox 875 4742 931 4795; x_wconf 85' lang='lat' dir='ltr'><strong>llo·</strong></span> <span class='ocrx_word' id='word_1_697' title='bbox 985 4745 1066 4802; x_wconf 89' lang='lat' dir='ltr'><strong>venis</strong></span> <span class='ocrx_word' id='word_1_698' title='bbox 1090 4750 1144 4814; x_wconf 88' lang='lat' dir='ltr'><strong>eat,</strong></span> <span class='ocrx_word' id='word_1_699' title='bbox 1166 4744 1345 4800; x_wconf 87' lang='lat' dir='ltr'><strong>sanctitatem</strong></span> <span class='ocrx_word' id='word_1_700' title='bbox 1368 4744 1399 4800; x_wconf 89' lang='lat' dir='ltr'><strong>iu</strong></span> <span class='ocrx_word' id='word_1_701' title='bbox 1429 4745 1622 4801; x_wconf 88' lang='lat' dir='ltr'><strong>taciturnitate</strong></span> <span class='ocrx_word' id='word_1_702' title='bbox 1656 4745 1706 4801; x_wconf 90' lang='lat' dir='ltr'><strong>diu</strong></span> <span class='ocrx_word' id='word_1_703' title='bbox 1736 4745 1832 4801; x_wconf 90' lang='lat' dir='ltr'><strong>conti-</strong></span> 
     </span>
     <span class='ocr_line' id='line_1_52' title="bbox 81 4828 1831 4906; baseline -0.001 -15"><span class='ocrx_word' id='word_1_704' title='bbox 81 4836 163 4903; x_wconf 89' lang='lat' dir='ltr'><strong>miui,</strong></span> <span class='ocrx_word' id='word_1_705' title='bbox 185 4835 222 4890; x_wconf 88' lang='lat' dir='ltr'><strong>ad</strong></span> <span class='ocrx_word' id='word_1_706' title='bbox 240 4850 293 4890; x_wconf 89' lang='lat' dir='ltr'><strong>nos</strong></span> <span class='ocrx_word' id='word_1_707' title='bbox 319 4834 483 4906; x_wconf 86' lang='lat' dir='ltr'><strong>regredere,</strong></span> <span class='ocrx_word' id='word_1_708' title='bbox 506 4833 626 4904; x_wconf 87' lang='lat' dir='ltr'><strong>etquid</strong></span> <span class='ocrx_word' id='word_1_709' title='bbox 657 4832 735 4888; x_wconf 91' lang='lat' dir='ltr'><strong>intus</strong></span> <span class='ocrx_word' id='word_1_710' title='bbox 766 4828 930 4902; x_wconf 82' lang='lat' dir='ltr'><strong>agnoveris,</strong></span> <span class='ocrx_word' id='word_1_711' title='bbox 985 4837 1053 4890; x_wconf 88' lang='lat' dir='ltr'><strong>neat</strong></span> <span class='ocrx_word' id='word_1_712' title='bbox 1073 4839 1102 4888; x_wconf 91' lang='lat' dir='ltr'><strong>et</strong></span> <span class='ocrx_word' id='word_1_713' title='bbox 1121 4837 1222 4902; x_wconf 88' lang='lat' dir='ltr'><strong>taceat,</strong></span> <span class='ocrx_word' id='word_1_714' title='bbox 1252 4838 1281 4889; x_wconf 89' lang='lat' dir='ltr'><strong>et</strong></span> <span class='ocrx_word' id='word_1_715' title='bbox 1307 4833 1336 4889; x_wconf 92' lang='lat' dir='ltr'><strong>in</strong></span> <span class='ocrx_word' id='word_1_716' title='bbox 1369 4831 1448 4888; x_wconf 90' lang='lat' dir='ltr'><strong>omni</strong></span> <span class='ocrx_word' id='word_1_717' title='bbox 1472 4833 1667 4889; x_wconf 89' lang='lat' dir='ltr'><strong>sollicitudine</strong></span> <span class='ocrx_word' id='word_1_718' title='bbox 1691 4838 1721 4888; x_wconf 87' lang='lat' dir='ltr'><strong>et</strong></span> <span class='ocrx_word' id='word_1_719' title='bbox 1737 4834 1831 4906; x_wconf 87' lang='lat' dir='ltr'><strong>perle-</strong></span> 
     </span>
     <span class='ocr_line' id='line_1_53' title="bbox 81 4921 1832 4994; baseline 0 -15"><span class='ocrx_word' id='word_1_720' title='bbox 81 4925 184 4982; x_wconf 86' lang='lat' dir='ltr'><strong>uuntia</strong></span> <span class='ocrx_word' id='word_1_721' title='bbox 197 4924 291 4990; x_wconf 89' lang='lat' dir='ltr'><strong>uobis,</strong></span> <span class='ocrx_word' id='word_1_722' title='bbox 315 4928 457 4994; x_wconf 87' lang='lat' dir='ltr'><strong>quantum</strong></span> <span class='ocrx_word' id='word_1_723' title='bbox 483 4923 533 4978; x_wconf 89' lang='lat' dir='ltr'><strong>ille</strong></span> <span class='ocrx_word' id='word_1_724' title='bbox 557 4921 739 4989; x_wconf 86' lang='lat' dir='ltr'><strong>concesserit,</strong></span> <span class='ocrx_word' id='word_1_725' title='bbox 766 4921 849 4990; x_wconf 82' lang='lat' dir='ltr'><strong>cujus</strong></span> <span class='ocrx_word' id='word_1_726' title='bbox 870 4933 931 4974; x_wconf 90' lang='lat' dir='ltr'><strong>ser·</strong></span> <span class='ocrx_word' id='word_1_727' title='bbox 985 4923 1081 4978; x_wconf 89' lang='lat' dir='ltr'><strong>ctione</strong></span> <span class='ocrx_word' id='word_1_728' title='bbox 1097 4923 1176 4994; x_wconf 89' lang='lat' dir='ltr'><strong>quod</strong></span> <span class='ocrx_word' id='word_1_729' title='bbox 1199 4921 1309 4978; x_wconf 89' lang='lat' dir='ltr'><strong>bonum</strong></span> <span class='ocrx_word' id='word_1_730' title='bbox 1330 4927 1373 4977; x_wconf 89' lang='lat' dir='ltr'><strong>est</strong></span> <span class='ocrx_word' id='word_1_731' title='bbox 1394 4922 1532 4994; x_wconf 85' lang='lat' dir='ltr'><strong>requirat,</strong></span> <span class='ocrx_word' id='word_1_732' title='bbox 1556 4937 1593 4978; x_wconf 91' lang='lat' dir='ltr'><strong>ue</strong></span> <span class='ocrx_word' id='word_1_733' title='bbox 1613 4921 1644 4976; x_wconf 91' lang='lat' dir='ltr'><strong>in</strong></span> <span class='ocrx_word' id='word_1_734' title='bbox 1665 4922 1832 4994; x_wconf 88' lang='lat' dir='ltr'><strong>superbiam</strong></span> 
     </span>
     <span class='ocr_line' id='line_1_54' title="bbox 81 5009 1832 5084; baseline -0.001 -15"><span class='ocrx_word' id='word_1_735' title='bbox 81 5013 236 5069; x_wconf 88' lang='lat' dir='ltr'><strong>mociuatio</strong></span> <span class='ocrx_word' id='word_1_736' title='bbox 261 5028 326 5068; x_wconf 90' lang='lat' dir='ltr'><strong>eum</strong></span> <span class='ocrx_word' id='word_1_737' title='bbox 360 5011 538 5084; x_wconf 88' lang='lat' dir='ltr'><strong>simplicibus</strong></span> <span class='ocrx_word' id='word_1_738' title='bbox 559 5016 612 5066; x_wconf 89' lang='lat' dir='ltr'><strong>est.</strong></span> <span class='ocrx_word' id='word_1_739' title='bbox 637 5011 733 5066; x_wconf 87' lang='lat' dir='ltr'><strong>liabeo</strong></span> <span class='ocrx_word' id='word_1_740' title='bbox 768 5009 855 5065; x_wconf 89' lang='lat' dir='ltr'><strong>etiam</strong></span> <span class='ocrx_word' id='word_1_741' title='bbox 877 5021 932 5078; x_wconf 86' lang='lat' dir='ltr'><strong>ego</strong></span> <span class='ocrx_word' id='word_1_742' title='bbox 984 5012 1076 5079; x_wconf 89' lang='lat' dir='ltr'><strong>cadat,</strong></span> <span class='ocrx_word' id='word_1_743' title='bbox 1093 5014 1121 5065; x_wconf 89' lang='lat' dir='ltr'><strong>et</strong></span> <span class='ocrx_word' id='word_1_744' title='bbox 1133 5011 1172 5065; x_wconf 87' lang='lat' dir='ltr'><strong>sic</strong></span> <span class='ocrx_word' id='word_1_745' title='bbox 1182 5010 1329 5066; x_wconf 89' lang='lat' dir='ltr'><strong>diabolum</strong></span> <span class='ocrx_word' id='word_1_746' title='bbox 1349 5010 1461 5066; x_wconf 91' lang='lat' dir='ltr'><strong>occidit.</strong></span> <span class='ocrx_word' id='word_1_747' title='bbox 1474 5011 1505 5066; x_wconf 91' lang='lat' dir='ltr'><strong>lo</strong></span> <span class='ocrx_word' id='word_1_748' title='bbox 1531 5010 1616 5066; x_wconf 88' lang='lat' dir='ltr'><strong>tertia</strong></span> <span class='ocrx_word' id='word_1_749' title='bbox 1629 5015 1725 5066; x_wconf 87' lang='lat' dir='ltr'><strong>autem</strong></span> <span class='ocrx_word' id='word_1_750' title='bbox 1746 5015 1832 5068; x_wconf 77' lang='lat' dir='ltr'><strong>atate</strong></span> 
     </span>
     <span class='ocr_line' id='line_1_55' title="bbox 83 5099 1832 5169; baseline -0.001 -11"><span class='ocrx_word' id='word_1_751' title='bbox 83 5103 209 5159; x_wconf 88' lang='lat' dir='ltr'><strong>animam</strong></span> <span class='ocrx_word' id='word_1_752' title='bbox 232 5101 349 5169; x_wconf 83' lang='lat' dir='ltr'><strong>foedam,</strong></span> <span class='ocrx_word' id='word_1_753' title='bbox 372 5101 470 5156; x_wconf 91' lang='lat' dir='ltr'><strong>multis</strong></span> <span class='ocrx_word' id='word_1_754' title='bbox 501 5100 654 5156; x_wconf 91' lang='lat' dir='ltr'><strong>itineribus</strong></span> <span class='ocrx_word' id='word_1_755' title='bbox 693 5099 812 5155; x_wconf 86' lang='lat' dir='ltr'><strong>divisam</strong></span> <span class='ocrx_word' id='word_1_756' title='bbox 845 5101 932 5168; x_wconf 88' lang='lat' dir='ltr'><strong>etque</strong></span> <span class='ocrx_word' id='word_1_757' title='bbox 985 5099 1110 5156; x_wconf 87' lang='lat' dir='ltr'><strong>velutin</strong></span> <span class='ocrx_word' id='word_1_758' title='bbox 1129 5103 1209 5155; x_wconf 88' lang='lat' dir='ltr'><strong>sexta</strong></span> <span class='ocrx_word' id='word_1_759' title='bbox 1232 5100 1304 5155; x_wconf 90' lang='lat' dir='ltr'><strong>bore</strong></span> <span class='ocrx_word' id='word_1_760' title='bbox 1331 5100 1419 5155; x_wconf 92' lang='lat' dir='ltr'><strong>bomo</strong></span> <span class='ocrx_word' id='word_1_761' title='bbox 1449 5099 1498 5155; x_wconf 92' lang='lat' dir='ltr'><strong>diu</strong></span> <span class='ocrx_word' id='word_1_762' title='bbox 1527 5114 1585 5154; x_wconf 90' lang='lat' dir='ltr'><strong>non</strong></span> <span class='ocrx_word' id='word_1_763' title='bbox 1604 5101 1712 5168; x_wconf 86' lang='lat' dir='ltr'><strong>taceat;</strong></span> <span class='ocrx_word' id='word_1_764' title='bbox 1737 5099 1788 5156; x_wconf 87' lang='lat' dir='ltr'><strong>sed</strong></span> <span class='ocrx_word' id='word_1_765' title='bbox 1814 5116 1832 5156; x_wconf 92' lang='lat' dir='ltr'><strong>a</strong></span> 
     </span>
     <span class='ocr_line' id='line_1_56' title="bbox 81 5186 1831 5262; baseline -0.001 -16"><span class='ocrx_word' id='word_1_766' title='bbox 81 5191 274 5258; x_wconf 83' lang='lat' dir='ltr'><strong>vulneratam,</strong></span> <span class='ocrx_word' id='word_1_767' title='bbox 296 5205 350 5260; x_wconf 93' lang='lat' dir='ltr'><strong>pro</strong></span> <span class='ocrx_word' id='word_1_768' title='bbox 375 5205 433 5262; x_wconf 89' lang='lat' dir='ltr'><strong>qua</strong></span> <span class='ocrx_word' id='word_1_769' title='bbox 461 5190 553 5244; x_wconf 79' lang='lat' dir='ltr'><strong>Derim</strong></span> <span class='ocrx_word' id='word_1_770' title='bbox 568 5204 653 5245; x_wconf 90' lang='lat' dir='ltr'><strong>orare</strong></span> <span class='ocrx_word' id='word_1_771' title='bbox 675 5187 746 5243; x_wconf 88' lang='lat' dir='ltr'><strong>velis</strong></span> <span class='ocrx_word' id='word_1_772' title='bbox 762 5186 932 5242; x_wconf 86' lang='lat' dir='ltr'><strong>charitalem</strong></span> <span class='ocrx_word' id='word_1_773' title='bbox 985 5187 1125 5262; x_wconf 88' lang='lat' dir='ltr'><strong>magistro</strong></span> <span class='ocrx_word' id='word_1_774' title='bbox 1148 5187 1179 5244; x_wconf 91' lang='lat' dir='ltr'><strong>iu</strong></span> <span class='ocrx_word' id='word_1_775' title='bbox 1199 5188 1360 5246; x_wconf 88' lang='lat' dir='ltr'><strong>bumilitate</strong></span> <span class='ocrx_word' id='word_1_776' title='bbox 1384 5189 1461 5261; x_wconf 90' lang='lat' dir='ltr'><strong>quod</strong></span> <span class='ocrx_word' id='word_1_777' title='bbox 1484 5186 1690 5260; x_wconf 89' lang='lat' dir='ltr'><strong>requirendum</strong></span> <span class='ocrx_word' id='word_1_778' title='bbox 1716 5193 1760 5244; x_wconf 89' lang='lat' dir='ltr'><strong>est</strong></span> <span class='ocrx_word' id='word_1_779' title='bbox 1783 5205 1831 5244; x_wconf 90' lang='lat' dir='ltr'><strong>re·</strong></span> 
     </span>
     <span class='ocr_line' id='line_1_57' title="bbox 82 5274 1832 5350; baseline -0.002 -14"><span class='ocrx_word' id='word_1_780' title='bbox 82 5286 160 5337; x_wconf 87' lang='lat' dir='ltr'><strong>tuam</strong></span> <span class='ocrx_word' id='word_1_781' title='bbox 175 5278 359 5336; x_wconf 88' lang='lat' dir='ltr'><strong>devotissime</strong></span> <span class='ocrx_word' id='word_1_782' title='bbox 374 5293 472 5334; x_wconf 84' lang='lat' dir='ltr'><strong>exoro.</strong></span> <span class='ocrx_word' id='word_1_783' title='bbox 492 5277 596 5334; x_wconf 83' lang='lat' dir='ltr'><strong>Nema</strong></span> <span class='ocrx_word' id='word_1_784' title='bbox 620 5275 757 5348; x_wconf 87' lang='lat' dir='ltr'><strong>malignis</strong></span> <span class='ocrx_word' id='word_1_785' title='bbox 784 5274 932 5347; x_wconf 88' lang='lat' dir='ltr'><strong>spiritibus</strong></span> <span class='ocrx_word' id='word_1_786' title='bbox 987 5277 1093 5350; x_wconf 87' lang='lat' dir='ltr'><strong>quirat,</strong></span> <span class='ocrx_word' id='word_1_787' title='bbox 1109 5277 1248 5350; x_wconf 87' lang='lat' dir='ltr'><strong>quoniam</strong></span> <span class='ocrx_word' id='word_1_788' title='bbox 1273 5283 1343 5334; x_wconf 81' lang='lat' dir='ltr'><strong>etas</strong></span> <span class='ocrx_word' id='word_1_789' title='bbox 1365 5276 1415 5334; x_wconf 94' lang='lat' dir='ltr'><strong>illa</strong></span> <span class='ocrx_word' id='word_1_790' title='bbox 1435 5276 1465 5332; x_wconf 89' lang='lat' dir='ltr'><strong>in</strong></span> <span class='ocrx_word' id='word_1_791' title='bbox 1484 5275 1629 5333; x_wconf 84' lang='lat' dir='ltr'><strong>lasciviam</strong></span> <span class='ocrx_word' id='word_1_792' title='bbox 1647 5293 1707 5333; x_wconf 90' lang='lat' dir='ltr'><strong>nou</strong></span> <span class='ocrx_word' id='word_1_793' title='bbox 1720 5277 1832 5350; x_wconf 87' lang='lat' dir='ltr'><strong>spergi-</strong></span> 
     </span>
     <span class='ocr_line' id='line_1_58' title="bbox 83 5362 1830 5440; baseline -0.001 -15"><span class='ocrx_word' id='word_1_794' title='bbox 83 5369 232 5426; x_wconf 88' lang='lat' dir='ltr'><strong>multotics</strong></span> <span class='ocrx_word' id='word_1_795' title='bbox 246 5373 306 5422; x_wconf 86' lang='lat' dir='ltr'><strong>tam</strong></span> <span class='ocrx_word' id='word_1_796' title='bbox 329 5368 437 5423; x_wconf 88' lang='lat' dir='ltr'><strong>occulte</strong></span> <span class='ocrx_word' id='word_1_797' title='bbox 461 5382 550 5440; x_wconf 88' lang='lat' dir='ltr'><strong>quem</strong></span> <span class='ocrx_word' id='word_1_798' title='bbox 567 5370 666 5439; x_wconf 89' lang='lat' dir='ltr'><strong>aperte</strong></span> <span class='ocrx_word' id='word_1_799' title='bbox 689 5366 854 5436; x_wconf 87' lang='lat' dir='ltr'><strong>impugnor,</strong></span> <span class='ocrx_word' id='word_1_800' title='bbox 883 5362 933 5435; x_wconf 93' lang='lat' dir='ltr'><strong>qui</strong></span> <span class='ocrx_word' id='word_1_801' title='bbox 986 5371 1043 5435; x_wconf 88' lang='lat' dir='ltr'><strong>tur,</strong></span> <span class='ocrx_word' id='word_1_802' title='bbox 1059 5372 1088 5423; x_wconf 89' lang='lat' dir='ltr'><strong>et</strong></span> <span class='ocrx_word' id='word_1_803' title='bbox 1103 5365 1143 5422; x_wconf 92' lang='lat' dir='ltr'><strong>sic</strong></span> <span class='ocrx_word' id='word_1_804' title='bbox 1158 5367 1211 5422; x_wconf 92' lang='lat' dir='ltr'><strong>boc</strong></span> <span class='ocrx_word' id='word_1_805' title='bbox 1233 5382 1324 5438; x_wconf 88' lang='lat' dir='ltr'><strong>genus</strong></span> <span class='ocrx_word' id='word_1_806' title='bbox 1342 5370 1523 5422; x_wconf 87' lang='lat' dir='ltr'><strong>mortuorum</strong></span> <span class='ocrx_word' id='word_1_807' title='bbox 1537 5369 1686 5424; x_wconf 88' lang='lat' dir='ltr'><strong>mortuum</strong></span> <span class='ocrx_word' id='word_1_808' title='bbox 1702 5373 1830 5439; x_wconf 86' lang='lat' dir='ltr'><strong>apparet.</strong></span> 
     </span>
     <span class='ocr_line' id='line_1_59' title="bbox 83 5451 1833 5531; baseline -0.002 -15"><span class='ocrx_word' id='word_1_809' title='bbox 83 5473 128 5516; x_wconf 84' lang='lat' dir='ltr'><strong>me</strong></span> <span class='ocrx_word' id='word_1_810' title='bbox 145 5457 309 5531; x_wconf 90' lang='lat' dir='ltr'><strong>plurimum</strong></span> <span class='ocrx_word' id='word_1_811' title='bbox 335 5455 460 5528; x_wconf 81' lang='lat' dir='ltr'><strong>fatigant</strong></span> <span class='ocrx_word' id='word_1_812' title='bbox 482 5460 512 5511; x_wconf 88' lang='lat' dir='ltr'><strong>et</strong></span> <span class='ocrx_word' id='word_1_813' title='bbox 533 5455 670 5512; x_wconf 88' lang='lat' dir='ltr'><strong>seducere</strong></span> <span class='ocrx_word' id='word_1_814' title='bbox 691 5454 845 5522; x_wconf 90' lang='lat' dir='ltr'><strong>voluut,et</strong></span> <span class='ocrx_word' id='word_1_815' title='bbox 861 5452 934 5526; x_wconf 91' lang='lat' dir='ltr'><strong>quid</strong></span> <span class='ocrx_word' id='word_1_816' title='bbox 986 5454 1019 5510; x_wconf 92' lang='lat' dir='ltr'><strong>lu</strong></span> <span class='ocrx_word' id='word_1_817' title='bbox 1039 5459 1142 5525; x_wconf 86' lang='lat' dir='ltr'><strong>quarta</strong></span> <span class='ocrx_word' id='word_1_818' title='bbox 1168 5469 1235 5509; x_wconf 88' lang='lat' dir='ltr'><strong>vero</strong></span> <span class='ocrx_word' id='word_1_819' title='bbox 1262 5457 1355 5522; x_wconf 77' lang='lat' dir='ltr'><strong>relata,</strong></span> <span class='ocrx_word' id='word_1_820' title='bbox 1380 5453 1463 5524; x_wconf 87' lang='lat' dir='ltr'><strong>quasi</strong></span> <span class='ocrx_word' id='word_1_821' title='bbox 1491 5451 1522 5510; x_wconf 91' lang='lat' dir='ltr'><strong>in</strong></span> <span class='ocrx_word' id='word_1_822' title='bbox 1550 5453 1622 5509; x_wconf 90' lang='lat' dir='ltr'><strong>hora</strong></span> <span class='ocrx_word' id='word_1_823' title='bbox 1651 5469 1739 5526; x_wconf 89' lang='lat' dir='ltr'><strong>noue,</strong></span> <span class='ocrx_word' id='word_1_824' title='bbox 1766 5472 1833 5514; x_wconf 89' lang='lat' dir='ltr'><strong>com</strong></span> 
     </span>
    </p>
   </div>
   <div class='ocr_carea' id='block_1_7' title="bbox 0 0 2000 6034">
    <p class='ocr_par' dir='ltr' id='par_1_13' title="bbox 0 0 2000 6034">
     <span class='ocr_line' id='line_1_60' title="bbox 0 0 2000 6034; baseline 0 0"><span class='ocrx_word' id='word_1_825' title='bbox 0 0 2000 6034; x_wconf 95' lang='lat' dir='ltr'><strong> </strong></span> 
     </span>
    </p>
   </div>
  </div>
 </body>
</html>
