3984 6034
97 249 151 305 913
399 244 504 305 alneu
522 245 680 305 ulv1ttott.
700 245 803 305 oren.
824 244 993 305 atuaticis
1012 243 1169 304 flouturs.
1180 271 1214 288 ·-
1225 242 1314 302 PARS
1332 244 1369 314 ll,
1389 242 1480 302 visio
1501 244 1532 299 V.
1793 242 1847 299 etl

97 380 285 452 protectionis
299 378 390 438 lleise
401 379 557 452 erigentes,
571 380 623 435 ubi
636 378 773 452 antiquus
787 379 943 451 proeliator,
963 379 1099 450 Apulam
1121 378 1150 435 in
1174 381 1296 449 puteum
1322 376 1427 433 interni
1451 378 1597 449 projectus
1615 380 1668 446 est,
1693 376 1786 433 itaut
1806 378 1844 433 ad

97 470 149 543 qui
171 471 201 525 in
215 469 287 541 ipsis
311 468 476 525 dominatur
496 484 584 540 super
598 468 709 524 animas
729 467 866 524 oblivioni
885 473 943 523 lra-
997 464 1060 536 ojus
1074 482 1171 522 cesum
1185 467 1339 523 exteriores
1353 466 1480 523 tenebra
1495 472 1524 523 et
1538 483 1569 523 os
1589 467 1738 523 infernalis
1762 464 1842 537 putei

95 560 181 628 dites,
211 558 406 615 cruciamenta
433 572 462 611 se
498 556 604 613 habere
631 556 747 628 gaudet.
779 557 812 612 ln
841 555 944 628 quibus
996 554 1139 626 cumipse
1161 560 1249 627 puteo
1270 558 1463 626 paratasunt3
1486 555 1535 625 qui
1551 559 1654 627 puteus
1678 554 1741 609 sine
1762 569 1842 609 men-

94 646 173 702 inter
190 647 331 719 angulum
346 645 553 701 occidentalem
573 649 601 700 et
618 644 757 716 angulum
772 642 943 715 septentrio·
996 658 1065 697 sura
1086 647 1137 711 est,
1162 643 1236 700 sicut
1252 649 1281 699 et
1310 659 1447 699 numeras
1470 642 1649 714 perditorum
1674 641 1845 713 angelorum

95 736 192 791 nalem
210 735 274 790 alioe
295 735 442 790 densiores
457 738 487 788 et
497 732 621 787 acriores
629 733 762 787 tenebrae
784 733 862 788 velut
880 731 943 787 ior·
997 732 1321 787 numerumaonhabet.
1332 731 1403 787 Nam
1414 730 1741 787 contrasimilitudiuem
1752 730 1842 797 illem,

96 838 176 878 mam
197 821 344 878 horribilis
361 826 392 877 et
414 820 577 876 devorantis
598 819 694 875 hiatus
719 819 777 876 oris
806 819 944 875 hebentes
996 835 1056 891 qua
1077 821 1133 875 Deo
1149 819 1241 875 simila
1262 836 1323 875 esse
1347 818 1447 885 voluit,
1468 818 1621 873 exteriores
1635 817 1760 873 tenebrae
1783 818 1840 873 itta

95 908 518 983 suntqueeisdempartihus
533 914 611 965 extra
627 908 769 965 mundum
790 908 943 964 acerbitate
996 912 1104 978 paretae
1123 912 1201 975 sunt,
1231 911 1259 963 et
1277 910 1395 980 propter
1416 906 1545 961 illicitam
1582 906 1844 978 discordiamque

94 998 357 1055 suaosiulernalis
377 998 458 1070 putei
473 997 637 1067 existentes,
657 997 769 1053 animas
792 997 943 1052 damnato·
997 994 1073 1050 iuter
1094 996 1252 1051 exercitum
1273 996 1323 1051 llei
1351 1001 1380 1051 et
1407 1011 1491 1051 suum
1511 1010 1572 1049 csse
1595 993 1692 1061 voluit,
1722 992 1778 1063 ipsi
1811 1008 1843 1045 os

94 1104 162 1143 rom
183 1087 331 1155 devorent,
355 1086 483 1158 dirisque
498 1086 701 1142 at'llictionibos
715 1085 853 1152 cruciant,
869 1101 942 1157 quo·
996 1082 1144 1139 infernalis
1162 1084 1243 1155 putei
1267 1084 1356 1139 iactus
1379 1088 1432 1152 est,
1456 1089 1541 1154 atque
1566 1086 1685 1153 propter
1704 1079 1841 1135 iuvidiam

95 1176 173 1230 niam
193 1176 252 1230 illae
275 1174 469 1230 damnationis
483 1190 572 1245 opere
595 1175 686 1246 magis
700 1174 836 1229 iacientes
855 1189 942 1245 qoem
995 1172 1080 1241 hano,
1106 1188 1163 1244 qua
1186 1176 1276 1229 Deum
1298 1173 1378 1228 nullo
1394 1172 1480 1227 modo
1502 1170 1634 1227 confiteri
1658 1169 1780 1235 volebat,
1803 1168 1846 1222 illi

94 1264 187 1319 Deum
207 1263 360 1333 diligentes
384 1263 534 1318 diabolum
557 1264 780 1335 subsequuntur.
798 1262 941 1319 Praedicta
996 1267 1100 1331 puteus
1122 1260 1229 1316 inferni
1253 1266 1431 1333 praeparatus
1455 1264 1507 1314 est.
1529 1260 1563 1315 Et
1579 1260 1652 1314 [leus
1673 1258 1704 1313 in
1726 1256 1841 1312 lortitu-

94 1356 194 1405 autem
217 1349 345 1404 tenebre
359 1348 424 1404 aliis
445 1349 617 1421 quibusdam
632 1347 810 1404 densissimis
832 1353 862 1403 et
879 1365 942 1420 pes·
996 1346 1063 1403 dine
1079 1348 1236 1419 majestatis
1250 1364 1310 1403 sua
1337 1349 1436 1403 beatos
1450 1346 1566 1417 spiritua
1589 1348 1631 1401 ita
1645 1343 1842 1409 circumdedit,

95 1439 176 1494 nmis
204 1437 383 1510 indultisque
411 1437 547 1505 tenebris,
571 1454 636 1510 quae
663 1444 744 1493 extra
771 1438 839 1493 istas
864 1442 942 1505 sunt,
997 1440 1030 1491 ut
1043 1437 1165 1507 amplius
1181 1437 1260 1492 nullo
1281 1442 1398 1508 stupore
1414 1434 1526 1507 antiqui
1541 1433 1703 1505 deceptoris
1715 1437 1844 1487 terrean-

94 1526 178 1599 qaasi
197 1543 229 1581 os
250 1530 279 1581 et
292 1526 380 1581 rictus
393 1542 493 1581 aarum
507 1527 575 1594 sint,
589 1526 749 1593 adhaerent,
776 1542 842 1598 quae
856 1524 942 1581 inler—
996 1527 1056 1593 tur,
1080 1524 1223 1595 faciesque
1248 1524 1364 1579 illorum
1388 1523 1516 1579 claritate
1531 1538 1582 1577 sua
1604 1522 1642 1575 ita
1663 1520 1793 1591 replevit,
1815 1524 1846 1573 ut

94 1615 172 1670 nulia
189 1614 252 1669 loca
266 1618 344 1680 sunt,
365 1612 396 1668 iu
419 1613 526 1685 quibus
546 1614 646 1669 omnia
662 1630 769 1686 genera
791 1629 942 1686 poenerum
995 1613 1099 1668 sociatu
1125 1614 1187 1683 ejus
1211 1612 1318 1667 intueri
1335 1628 1449 1684 semper
1470 1612 1658 1678 delectentur,
1685 1614 1771 1679 atque
1791 1624 1843 1678 po·

93 1703 203 1773 absque
225 1702 420 1759 consolatione
443 1703 601 1769 abundent,
630 1703 668 1759 ab
688 1702 752 1758 aliis
782 1702 875 1775 poenis
899 1718 943 1757 se·
962 1672 982 1726 B
998 1700 1117 1757 tentiam
1139 1717 1221 1756 suam
1243 1702 1297 1757 hoc
1319 1702 1406 1757 modo
1432 1716 1519 1772 super
1539 1699 1684 1755 infernum
1706 1695 1844 1765 extendit,

94 1794 206 1863 parata,
231 1790 300 1861 quie
318 1790 376 1845 illis
399 1790 507 1846 acriora
529 1795 606 1860 sunt,
629 1796 657 1846 et
676 1794 779 1846 cuncta
796 1792 942 1858 devorant,
996 1789 1075 1861 quod
1099 1788 1236 1861 antiquus
1263 1790 1398 1861 deceptor
1421 1789 1501 1843 nullo
1528 1786 1607 1843 bello
1629 1802 1683 1841 nec
1698 1784 1756 1839 ulla
1784 1788 1844 1837 erte

94 1894 161 1951 quae
183 1879 258 1935 Deus
277 1877 308 1932 in
327 1877 501 1933 oblivionem
527 1878 602 1934 mitti
626 1878 773 1951 dijudicat,
798 1894 851 1950 per
878 1894 942 1950 quae
995 1878 1115 1949 plenum
1147 1893 1302 1934 numerum
1341 1876 1542 1931 salvandorum
1569 1876 1717 1932 destruere
1757 1872 1843 1938 valet,

94 1965 201 2021 animm
234 1964 350 2020 illorum
378 1964 554 2033 cruciantur,
585 1966 636 2037 qui
662 1981 715 2037 per
743 1966 943 2021 infidelitatem
999 1965 1302 2037 quemadmodumille
1317 1963 1845 2037 seipsumsecundumvipereosmo·

94 2053 303 2109 incredulitatis
324 2058 354 2110 ct
377 2069 430 2124 per
456 2052 530 2108 tacte
556 2054 757 2109 exsecrationis
780 2054 943 2109 Creatorem
996 2071 1043 2111 res
1053 2054 1166 2110 occidit.

95 2158 181 2197 ⁵⁰¹¹¹¹¹
204 2141 340 2198 ⁰b¹ili⁰fli
363 2142 490 2198 uadunt.
508 2141 690 2215 Quapropter
708 2148 737 2198 0¹
749 2142 802 2197 ¹1³⁸
815 2140 944 2196 infinit&
997 2166 1067 2233 Quia
1082 2163 1187 2217 homiui
1195 2163 1225 2216 iu
1236 2163 1337 2215 uirtute
1350 2162 1441 2215 divini
1455 2161 1566 2215 luminis
1585 2162 1670 2227 (octo,
1686 2157 1733 2213 sed
1746 2155 1846 2223 froude

93 2231 228 2287 tenebras
245 2230 313 2299 scis;
327 2231 378 2287 sed
394 2246 441 2285 eas
456 2245 516 2285 non
530 2230 619 2299 rides,
639 2229 777 2302 quoniam
797 2230 943 2285 internum
1032 2232 1136 2287 dioboli
1159 2232 1277 2302 decepto,
1297 2234 1367 2287 lices
1390 2230 1532 2287 oestemde
1554 2245 1615 2285 cere
1636 2231 1778 2291 creooon't,
1803 2228 1845 2280 iu·

96 2320 217 2392 ejusque
240 2320 316 2376 dim,
339 2319 480 2375 cruciatus
499 2318 586 2374 homo
609 2334 662 2390 pe,-
684 2318 833 2374 ,cientium
856 2322 884 2373 ep
897 2318 943 2373 in.
1032 2302 1183 2372 doloreque
1199 2318 1216 2356 a
1235 2303 1369 2372 paradiso
1387 2306 1416 2356 iu
1439 2303 1567 2356 restitum
1588 2300 1670 2369 hujus
1690 2296 1786 2354 mundi
1808 2296 1847 2350 od

95 2409 245 2464 tellectum
270 2424 332 2463 esse
355 2409 474 2480 quidem
494 2408 566 2463 scire
587 2411 692 2479 potest,
715 2407 763 2463 sed
787 2423 846 2475 eos,
874 2406 944 2461 ditm
1032 2373 1368 2514 ξκᾝᾭιὲἒὲὁῗὲζᾯξῖ
1390 2373 1506 2497 Σῖξξῧὲἒ
1525 2373 1698 2496 mma
1712 2366 1846 2510 azam

95 2496 128 2551 in
160 2513 280 2567 corpore
308 2500 361 2565 est,
397 2497 477 2552 nullo
516 2495 647 2552 mortalia
680 2495 789 2551 iutuitu
820 2494 944 2567 perlecta
1033 2514 1127 2571 deco„
1157 2514 1316 2569 ,pungnam
1343 2516 1390 2580 sp,
1417 2517 1443 2567 ,g
1468 2514 1588 2584 quam„
1612 2512 1688 2567 pom,
1715 2513 1774 2581 (με
1795 2523 1845 2579 per

95 2585 184 2653 videt,
206 2601 259 2641 nee
285 2586 371 2641 otiam
388 2601 453 2657 quoe
474 2589 503 2640 et
526 2589 635 2656 quanta
656 2587 802 2639 tormenta
821 2584 852 2637 iu
874 2582 944 2654 ipsis
1032 2583 1375 2653 elementaodjutusoiout
1389 2588 1559 2653 etoperetur.

94 2674 155 2729 sint
175 2673 336 2729 discernere
360 2674 444 2742 velet,
459 2673 533 2729 sicut
551 2689 604 2729 nec
626 2673 753 2728 animam
772 2688 866 2740 suam,
891 2688 945 2727 nec
1032 2672 1085 2728 XV.
1103 2672 1182 2727 Tunc
1197 2671 1272 2725 Deris
1291 2670 1322 2726 in
1342 2670 1452 2726 lumine
1475 2668 1590 2724 virtutis
1614 2684 1672 2723 suae
1697 2664 1845 2721 hominem

96 2763 200 2817 merite
222 2762 310 2830 illius,
335 2762 465 2823 ouandiu
488 2760 519 2816 in
548 2763 653 2817 saeculo
684 2761 757 2816 vivit
787 2760 942 2833 cognoscit.
997 2759 1073 2827 iecit,
1093 2759 1235 2831 illumque
1256 2758 1576 2830 ininexstinguibilem
1599 2757 1693 2812 lucem
1716 2754 1844 2827 paradisi

96 2850 170 2916 Quia
184 2854 253 2906 Deus
274 2853 356 2906 unica
373 2854 431 2907 cito
455 2853 485 2905 ia
499 2853 640 2921 semetipso
653 2852 802 2906 subsistens
826 2865 844 2903 e
869 2850 944 2903 nullo
998 2848 1104 2921 posuit,
1118 2864 1183 2920 quae
1197 2846 1386 2919 imputribilis
1407 2862 1473 2901 cum
1488 2846 1629 2901 fructibus
1650 2845 1710 2900 suis
1733 2848 1843 2911 manet;

130 2936 188 2976 ²⁸⁸0
211 2924 354 2991 “witterne
376 2922 424 2976 ’θα
447 2922 570 2977 mmm
598 2936 654 2977 ⁰⁸³⁸
672 2921 796 2988 didimi
819 2922 884 2976 iiim
910 2918 945 2974 ¹²³
962 2966 983 3022 G
999 2938 1048 2993 sed
1061 2938 1147 2994 hoino
1168 2936 1395 2992 inobedientiam
1419 2934 1552 3007 arripuit,
1570 2949 1602 2989 ec
1622 2933 1662 2988 sic
1681 2932 1791 2988 nudum
1815 2948 1845 2985 se

131 2995 265 3048 motione
280 2994 436 3062 capsarum
458 2997 485 3047 et
500 2993 534 3048 de
546 2994 629 3047 ruina
652 2992 838 3062 superborum,
862 2995 888 3045 et
909 2990 944 3045 de

131 3065 334 3132 mufirmetioue
356 3063 495 3119 mmmm
520 3066 679 3133 spirituum·
700 3066 727 3118 e,
750 3062 823 3133 quod
845 3062 942 3117 ‹pl-abo·
998 3041 1058 3081 esse
1082 3023 1230 3096 cognovit3
1255 3023 1334 3097 quod
1358 3023 1474 3123 diabolo
1503 3023 1627 3122 multum
1651 3021 1773 3120 placuit,¹
1793 3020 1844 3092 qui

132 3135 184 3201 pls,
199 3137 323 3203 quaml,
338 3136 369 3188 p,
394 3135 442 3189 po,
456 3149 560 3204 ,emper
584 3134 697 3203 taboret,
712 3148 855 3189 ‚mmmm
881 3133 943 3188 gal.
996 3131 1063 3171 euru
1082 3114 1287 3180 denudaverat,
1313 3128 1449 3185 quoniam
1471 3116 1500 3167 et
1520 3128 1582 3184 epse
1599 3109 1843 3183 pulchritudinem

131 3204 284 3260 veredorum
296 3206 434 3260 destruere
445 3221 498 3259 non
510 3206 608 3275 possit.
996 3204 1097 3276 gloriae
1111 3219 1171 3258 sure
1190 3201 1363 3274 perdiderat.
1384 3205 1422 3257 ut
1434 3202 1509 3257 Beue
1529 3202 1559 3255 in
1574 3199 1682 3272 pallida
1700 3199 1777 3254 nube
1793 3199 1844 3253 sic·

130 3292 288 3349 Ximene
307 3293 414 3365 itaque,
440 3292 492 3365 qui
510 3291 606 3347 omnia
628 3308 693 3363 quae
717 3290 855 3362 praedicta
876 3294 944 3345 sunt
996 3299 1029 3349 ut
1065 3292 1192 3360 flamma,
1229 3290 1313 3363 quasi
1345 3290 1388 3346 illi
1424 3291 1544 3357 alienus,
1583 3289 1729 3361 apparuit,
1766 3288 1844 3343 vellit

92 3378 171 3449 facit,
194 3380 278 3436 unica
299 3380 358 3435 vita
380 3384 433 3445 est,
458 3394 571 3451 exque
594 3378 767 3434 omnisvita
790 3378 889 3449 spirat,
912 3382 944 3434 ut
997 3382 1084 3439 etiam
1115 3382 1227 3436 obtecta
1256 3378 1328 3436 fecie
1352 3380 1535 3451 postmodum
1561 3377 1650 3450 lloysi
1676 3383 1706 3433 et
1734 3376 1845 3433 caeteris

94 3470 182 3523 etiam
198 3468 296 3524 radios
311 3469 400 3523 escle
415 3472 466 3534 est,
485 3472 513 3522 ct
531 3466 605 3539 ignis
619 3468 668 3522 ille
684 3471 727 3522 est
748 3483 837 3538 aquo
851 3465 944 3520 omnis
996 3470 1090 3526 charis
1106 3468 1165 3525 suis
1179 3484 1210 3525 se
1225 3468 1361 3535 ostendit,
1386 3484 1512 3541 eumque
1527 3468 1638 3523 nudum
1653 3482 1715 3521 essa
1739 3466 1842 3533 noluit,

93 3556 184 3628 ignis,
215 3556 266 3628 qui
299 3556 336 3611 ed
369 3554 577 3611 beatitudinem
608 3555 735 3625 respicit,
767 3554 942 3624 accenditur,
996 3555 1844 3627 quiaattiliussnusvestimentohnmanitatisquandoque

94 3644 341 3717 quemadmodum
378 3644 509 3706 scintille
541 3643 576 3699 ab
608 3643 675 3714 igne
703 3643 873 3715 procedunt.
911 3642 945 3697 st
995 3645 1164 3703 inducretur
1192 3644 1293 3715 voluit,
1321 3649 1351 3701 et
1379 3645 1443 3701 ideo
1470 3646 1556 3699 etiam
1582 3649 1690 3700 vestem
1710 3644 1747 3699 de
1779 3660 1844 3697 aera

95 3732 244 3806 quomodo
265 3732 439 3788 conveniens
461 3736 535 3787 esset
546 3737 577 3787 ut
598 3730 667 3787 huic
685 3731 751 3787 sitae
772 3730 844 3785 nihil
858 3729 943 3786 ritate
997 3749 1049 3807 per
1063 3750 1150 3806 quem
1164 3732 1271 3789 animal
1286 3732 1354 3789 vivit
1364 3732 1407 3788 illi
1422 3732 1509 3800 dedit,
1526 3732 1661 3804 qnoniam
1676 3732 1738 3803 ipse
1752 3731 1844 3787 Adam

95 3822 267 3887 adhereret,
292 3825 321 3876 et
343 3821 419 3893 iguis
445 3820 501 3877 iate
530 3820 641 3877 nullam
679 3820 854 3886 calefaceret,
869 3834 944 3891 ,nec
996 3824 1096 3880 etEva
1113 3821 1222 3878 animal
1245 3821 1406 3888 audierant,
1426 3822 1664 3892 ubipreeoeptum
1687 3820 1737 3874 Dei
1761 3820 1863 3897 dese-¹

94 3908 296 3966 illuminaret?
321 3911 356 3965 Et
379 3910 523 3981 quomodo
550 3910 663 3965 deceret
690 3909 767 3981 qnod
794 3899 943 3964 elicitate
996 3916 1124 3967 ruerant.
1141 3912 1175 3967 lit
1194 3911 1235 3965 sic
1254 3911 1284 3966 in
1301 3910 1436 3966 miseram
1455 3908 1717 3981 peregrinationem
1733 3908 1845 3979 expulsi

96 4003 369 4072 quartanarum
395 3997 454 4054 vita
480 3997 544 4066 fuit,
564 3997 644 4053 nulla
668 3996 727 4052 vita
755 4012 808 4053 nec
830 3995 944 4051 claritas
996 4016 1063 4055 cum
1102 3998 1166 4055 aliis
1202 3998 1342 4055 fructibus
1379 4002 1463 4054 terrae
1493 3997 1626 4070 putribile
1652 3996 1745 4053 effecti
1765 4002 1842 4064 sunt,

96 4089 157 4143 nlla
180 4085 369 4159 procederet?
391 4087 424 4142 Et
453 4086 523 4158 quid
542 4087 693 4159 prodesset
720 4084 744 4140 si
769 4087 870 4142 lumen
891 4100 944 4155 per
996 4094 1082 4161 etque
1109 4088 1139 4144 in
1166 4104 1232 4143 casu
1264 4094 1293 4143 et
1321 4102 1438 4159 egressu
1465 4102 1565 4142 eorum
1595 4086 1689 4141 omnis
1712 4092 1844 4142 creatura

95 4176 195 4246 ignem
211 4190 361 4229 accensum
384 4174 457 4229 nulli
471 4174 589 4241 luceret,
606 4190 673 4229 cum
686 4189 740 4229 nec
753 4173 829 4245 ignis
845 4174 943 4228 lumen
998 4176 1099 4233 mundi
1122 4176 1290 4233 obnubilata
1312 4184 1364 4243 est,
1384 4176 1463 4232 velat
1476 4176 1607 4232 siradius
1624 4176 1692 4230 solis
1707 4190 1758 4248 per
1772 4176 1843 4231 den·

97 4279 192 4332 sunm,
213 4278 266 4317 nec
280 4263 321 4318 sol
344 4262 459 4318 redium
477 4278 562 4318 suum
577 4261 743 4318 abscondit?
766 4262 842 4317 lleus
865 4260 943 4316 enim
960 4260 983 4315 D
1000 4280 1060 4321 sam
1076 4264 1184 4321 nubem
1197 4264 1316 4336 fulgeat,
1333 4263 1578 4337 quemadmodum
1591 4264 1679 4318 etiam
1696 4264 1844 4335 ingressus

97 4352 156 4406 vite
169 4351 219 4405 illa
233 4356 276 4406 est
289 4367 341 4423 per
355 4367 444 4423 quam
463 4351 618 4406 multitudo
633 4351 803 4422 angelorum
826 4365 944 4406 accensa
996 4351 1123 4424 paradisi
1149 4351 1267 4425 antiquo
1295 4350 1441 4422 deeeptori
1466 4351 1652 4407 obnubilatus
1677 4356 1731 4419 est,
1758 4352 1845 4421 itaut

97 4442 150 4505 est,
175 4439 422 4510 quemadmodum
454 4438 585 4495 scintilla
618 4439 654 4495 ab
678 4439 746 4509 igne
774 4438 942 4511 procedunt.
998 4442 1132 4514 deinceps
1145 4440 1214 4496 illuc
1228 4457 1288 4498 non
1303 4440 1436 4496 introeat.
1455 4439 1561 4496 Deinde
1576 4441 1664 4495 homo
1683 4454 1749 4495 cum
1768 4456 1844 4495 crea-

98 4528 177 4583 llnde
192 4531 221 4581 et
243 4527 379 4583 indecens
394 4532 469 4583 esset
486 4532 519 4583 ut
532 4528 590 4582 vita
611 4529 672 4584 haec
688 4543 746 4583 non
766 4529 943 4583 claresceret.
998 4534 1063 4585 tura
1089 4529 1202 4599 operari
1217 4530 1311 4601 coepit,
1341 4528 1410 4601 quia
1437 4530 1509 4584 sicut
1537 4529 1613 4600 ignis
1638 4528 1693 4584 alia
1721 4544 1844 4601 qumque

97 4617 130 4671 Et
143 4616 257 4671 claritas
277 4616 332 4671 ista
350 4616 518 4672 indeficiens
533 4621 585 4685 cst,
612 4617 749 4689 quoniam
770 4616 848 4671 nulla
867 4631 945 4670 mors
1000 4618 1126 4674 accendit
1141 4620 1169 4674 et
1189 4618 1311 4690 perlicit,
1333 4616 1375 4673 ite
1389 4622 1417 4673 et
1434 4617 1522 4672 homo
1546 4633 1613 4673 cum
1626 4616 1739 4689 reliqua
1765 4633 1844 4673 crea*

96 4705 128 4759 in
147 4704 210 4776 ipsa
233 4720 294 4759 esse
320 4709 424 4776 potest.
446 4705 618 4770 Quomodo?
641 4706 717 4760 lleus
739 4705 816 4760 solus
843 4708 871 4760 et
894 4719 946 4776 per
999 4712 1065 4763 ture
1092 4711 1146 4776 est,
1170 4712 1255 4778 atque
1274 4712 1407 4762 creature
1428 4706 1460 4761 in
1483 4706 1550 4778 igne
1572 4706 1651 4773 latet,
1675 4706 1726 4777 qui
1747 4706 1845 4762 omnia

96 4792 284 4863 semetipsum
312 4797 341 4847 et
364 4792 396 4847 in
423 4794 576 4865 semetipso
596 4798 648 4862 est,
674 4810 727 4849 nec
749 4793 786 4849 ab
807 4792 866 4849 ullo
889 4791 945 4848 elio
999 4794 1147 4867 perfundit
1162 4801 1192 4851 et
1204 4793 1321 4866 probet;
1338 4792 1451 4865 ipsique
1466 4808 1541 4865 aqua
1555 4793 1646 4860 adest,
1659 4808 1725 4865 qum
1748 4790 1846 4848 oinnia

97 4880 293 4952 esseeccepit,
315 4880 363 4935 sed
382 4881 438 4935 alia
453 4882 589 4953 quemlihet
608 4886 739 4937 creatura
755 4881 792 4937 ab
811 4881 861 4936 illo
883 4896 946 4935 esse
1001 4882 1134 4951 mundat;
1163 4887 1191 4937 et
1216 4882 1292 4953 ignis
1317 4882 1348 4937 in
1369 4886 1449 4937 tanta
1472 4880 1500 4938 ui
1514 4881 1605 4950 ardet,
1623 4886 1655 4937 ut
1681 4882 1755 4938 nulli
1776 4898 1844 4954 par-

98 4966 193 5038 coepit.
220 4967 284 5037 lpse
307 4966 446 5038 quosdam
469 4966 588 5039 spiritus
610 4967 709 5039 magni
727 4966 846 5023 honoris
864 4982 947 5021 crea·
1000 4974 1078 5027 ceret
1103 4968 1160 5025 nisi
1186 4984 1239 5041 per
1263 4984 1368 5042 aquam
1399 4972 1619 5041 temperaretur.
1650 4970 1683 5025 Et
1710 4974 1743 5026 ut
1770 4986 1846 5042 aqua

98 5056 149 5124 vit,
174 5054 279 5127 quibus
301 5070 440 5126 magnum
464 5050 625 5126 principem
649 5055 788 5126 praefecit,
812 5054 844 5109 in
859 5071 947 5127 quem
999 5056 1061 5130 igni
1075 5055 1217 5129 parcendo
1233 5056 1322 5125 adest,
1348 5056 1388 5111 sic
1407 5057 1493 5111 etiam
1515 5056 1686 5112 humanitas.
1702 5057 1845 5113 divinitati

99 5159 200 5199 omnes
220 5146 402 5214 aspexerunt,
423 5146 456 5199 ut
476 5143 594 5199 lucerne
610 5142 762 5214 inspicitur
780 5144 811 5200 in
828 5160 887 5215 qua
899 5159 946 5199 ar·
1000 5146 1134 5218 adjuncta
1155 5148 1207 5213 est,
1232 5148 1264 5201 ut
1277 5148 1385 5216 pareat,
1405 5145 1543 5217 quoniam
1568 5145 1681 5201 homini
1700 5162 1760 5201 non
1780 5164 1845 5218 pro·

99 5232 378 5298 deuslumeulocet,
395 5230 465 5303 quie
483 5230 589 5303 inipso
608 5232 706 5287 omnia
726 5232 946 5289 ornamentail·
1000 5233 1104 5302 desset,
1127 5232 1205 5306 quod
1224 5234 1255 5289 in
1276 5232 1401 5289 tenebris
1423 5233 1541 5305 jaceret,
1557 5233 1722 5289 nac⁸ullum
1747 5234 1847 5290 lumen
1915 5283 1916 5289 ,
1987 5220 1988 5235 ’

100 5320 195 5375 lorum
217 5317 300 5391 quasi
317 5318 427 5391 lapides
452 5318 568 5389 pretiosi
589 5319 747 5391 fulgebant.
775 5321 831 5376 Sed
851 5321 900 5377 ille
916 5320 947 5376 in
1000 5322 1091 5379 daret.
1108 5324 1170 5393 lpse
1198 5322 1276 5377 enim
1302 5320 1369 5393 igne
1398 5323 1565 5393 coagulatur
1581 5327 1609 5377 et
1635 5338 1710 5394 aqua
1729 5324 1846 5394 perluu-

100 5422 220 5464 vacuum
237 5409 332 5464 locum
354 5407 489 5480 respexit,
513 5407 562 5464 ubi
576 5412 605 5464 et
622 5409 720 5465 sedem
734 5424 816 5467 suam
840 5425 947 5482 ponere
1002 5409 1090 5477 ditur,
1107 5416 1138 5466 ut
1160 5409 1254 5466 forma
1269 5425 1330 5465 esse
1345 5408 1445 5481 possit,
1461 5414 1490 5464 et
1512 5414 1666 5482 propterea
1680 5410 1765 5467 etiam
1786 5429 1846 5468 om·

100 5496 199 5551 voluit.
218 5495 399 5568 Quapropter
422 5496 583 5552 cumomni
604 5497 720 5571 agmine
743 5516 795 5554 suo
810 5500 884 5554 sicut
897 5499 946 5554 sti·
1002 5515 1068 5555 nem
1084 5499 1205 5556 lormenr
1232 5499 1339 5554 luteam
1354 5514 1441 5570 quam
1458 5498 1534 5569 lacit,
1552 5500 1619 5571 igne
1647 5504 1676 5557 et
1690 5516 1765 5573 aqua
1778 5518 1845 5574 per-
