3984 6034
87 251 136 310 tle
744 251 888 310 sullies.
899 253 1012 308 —ltlt
1032 253 1068 323 ll,
1088 253 1180 312 visto
1201 254 1222 310 l.
1786 257 1840 314 “2

89 389 210 461 perlicit,
226 403 356 462 perque
378 387 435 461 ipsi
459 389 550 444 benm
574 387 781 460 gloriosissime
800 389 933 461 magnill-
954 389 1021 446 Ain
1037 407 1067 446 se
1082 389 1209 447 ostendit
1225 405 1232 445 ε
1248 405 1313 446 cnm
1329 395 1476 463 peceatum
1500 391 1652 464 perfecerit
1671 391 1748 464 qnod
1772 407 1839 465 per·

87 484 163 542 eant,
181 478 230 532 ubi
253 493 317 533 cem
335 477 366 532 in
388 477 583 548 profunditate
596 477 756 533 sanctitatis
779 479 938 550 exquirunt
991 477 1076 533 licere
1098 477 1334 534 inconvenienter
1363 479 1535 549 concupivit,
1567 480 1616 535 sed
1647 481 1769 536 salutem
1798 480 1839 536 ihi

88 566 262 621 laetantesin
283 565 390 638 gandia
408 566 507 621 salutis
528 566 774 637 quemadmodum
794 569 825 620 et
849 565 936 620 liarid
990 583 1050 621 non
1076 567 1171 630 habet,
1198 565 1267 638 quia
1292 567 1346 622 hac
1369 566 1437 621 lecit
1460 567 1538 639 quod
1567 566 1664 623 divino
1692 575 1839 640 praecepto

88 669 188 708 servm
201 670 282 709 meus
298 655 446 724 inspector
455 669 647 722 supernorum
658 659 833 708 secretorum
843 659 934 709 teste-
990 657 1167 711 contrarium
1202 654 1268 710 trrit.
1302 655 1353 710 llle
1383 659 1478 710 eutem
1509 655 1669 726 tripudium
1708 659 1837 712 exsulte-

87 746 136 798 tur
147 743 267 798 dicens:
286 742 349 798 Vox
361 741 564 798 exsultationis
576 749 606 799 et
623 741 779 798 salutisia
803 743 935 798 taberna·
989 744 1077 798 tionis
1112 759 1177 798 cum
1215 743 1404 816 prosperitate
1444 759 1520 797 serre
1564 741 1663 798 salutis
1704 744 1838 812 habebit;

85 831 162 888 cutis
173 831 323 901 justorum
348 831 436 902 (Prot.
463 832 560 902 aren).
585 831 666 896 Quod
685 831 817 886 dicitnr:
841 831 935 887 &nus
989 832 1040 904 qui
1071 833 1179 889 bonum
1218 831 1295 903 quud
1334 831 1469 886 ardenter
1511 830 1682 886 desideravit
1721 835 1838 885 strenue

89 919 198 974 laetitiae
215 926 242 973 et
259 918 456 990 prosperitatis
467 919 546 973 illius
567 918 642 989 quod
667 934 733 974 carc
753 919 936 974 conculcetur
988 920 1122 991 complet,
1165 919 1344 974 mansionem
1381 919 1498 974 illorum
1538 922 1607 974 dum
1646 917 1676 972 in
1720 934 1839 988 corpore

87 1013 116 1061 et
129 1007 248 1078 spiritus
259 1008 393 1077 erigitur,
404 1023 469 1061 cnm
482 1006 666 1062 indeficiente
678 993 769 1062 salute
784 1006 934 1078 cognosci·
989 1007 1102 1063 habitet
1113 1023 1214 1062 amens
1231 1005 1282 1079 qni
1298 1007 1372 1061 viam
1389 1006 1517 1060 veritatis
1537 1009 1686 1060 currentes
1710 1020 1839 1060 errorem

88 1101 136 1150 tur
156 1096 187 1149 in
214 1095 439 1151 habitationibus
464 1096 580 1150 illorum
604 1096 655 1166 qui
676 1095 846 1165 injustitiam
861 1093 934 1167 abJ'l-
989 1095 1132 1150 mendacii
1157 1095 1380 1150 declinaverunt.
1405 1094 1484 1148 Unde
1502 1093 1667 1165 quicunqne
1691 1091 1839 1147 scientiam

86 1184 167 1238 ciunt
182 1188 213 1237 et
233 1183 375 1254 justitiam
396 1189 565 1254 operentur,
588 1199 653 1238 cum
677 1189 850 1255 suggerente
873 1183 935 1238 die·
988 1182 1019 1236 in
1035 1182 1142 1254 Spiritu
1168 1187 1277 1250 senata,
1304 1187 1334 1237 et
1354 1198 1464 1254 pennas
1478 1183 1508 1236 in
1530 1182 1587 1236 ilde
1610 1181 1706 1247 habet,
1721 1181 1774 1236 iste
1788 1179 1839 1235 ad·

86 1271 153 1326 bolo
168 1271 198 1325 id
216 1271 293 1342 qnod
310 1272 418 1326 melum
433 1279 476 1326 est
499 1271 592 1326 lacere
606 1277 741 1342 possent;
765 1272 813 1326 sed
839 1272 936 1326 divine
989 1270 1180 1326 monitionem
1205 1286 1299 1325 meam
1323 1286 1379 1325 non
1413 1271 1612 1341 parvipendat,
1640 1269 1688 1324 sed
1714 1283 1778 1323 cem
1810 1267 1840 1322 in

86 1358 277 1431 inspiratione
304 1359 335 1414 id
367 1360 445 1432 qnod
478 1361 586 1415 bonum
610 1364 655 1415 est
674 1360 837 1433 perficient.
861 1358 935 1426 Quid
990 1363 1076 1430 gustu
1098 1359 1203 1414 animae
1235 1373 1294 1414 sure
1328 1359 1527 1428 amplectendo
1559 1356 1706 1430 percipiet.
1737 1359 1839 1411 Amen.

86 1447 159 1502 boc?
191 1449 282 1502 tlomo
313 1448 481 1520 frequenter
509 1447 690 1504 indecentem
718 1448 936 1503 exaultationem

698 1769 872 1857 LIBER
908 1769 1223 1858 SECUNDUS.

803 1957 933 2032 VISIO
962 1958 1128 2032 PRlMA.

84 2148 268 2204 Seusamora.
282 2177 316 2186 -
332 2148 434 2202 mom
460 2145 466 2158 '
504 2146 594 2203 tentia
608 2145 666 2203 nei.
686 2147 784 2204 Verba
798 2147 851 2203 sco
870 2147 908 2202 ad
930 2147 1061 2202 mmdem
1085 2163 1158 2219 rem.
1183 2146 1263 2213 Quod
1286 2145 1410 2202 Verbum
1435 2149 1504 2202 unte
1523 2150 1552 2200 et
1576 2148 1641 2218 poet
1660 2161 1757 2202 arrum
1780 2147 1841 2200 tam

119 2217 333 2274 humanitatem
345 2217 408 2273 indi
430 2216 436 2228 ’
457 2217 462 2229 ’
480 2217 560 2272 iliter
572 2221 601 2273 et
614 2217 790 2273 eternaliter
803 2217 882 2289 apud
899 2221 1014 2274 Patrem
1030 2219 1081 2274 cst.
1097 2219 1190 2286 Quare
1204 2217 1298 2274 etum
1321 2217 1375 2272 Dei
1395 2215 1502 2272 dicitur
1530 2218 1661 2273 Verbum.
1686 2217 1708 2284 0
1785 2214 1841 2271 οἰν-

121 2293 183 2344 tutc
197 2287 285 2345 Verbi
298 2289 348 2344 nec·
359 2288 453 2344 omnis
464 2287 747 2344 creaturasuecitata
761 2292 844 2343 estet
859 2289 943 2343 tomo
955 2287 1058 2343 reuixit
1072 2288 1104 2343 in
1125 2289 1297 2344 salvatione.
1312 2287 1390 2353 Quod
1402 2285 1697 2359 incomprehensibilis
1709 2285 1842 2359 potentia

122 2360 174 2414 liei
189 2359 330 2415 mundum
339 2357 498 2425 fabricauit
511 2362 539 2412 et
551 2357 680 2414 cicera·
692 2359 918 2430 specieeedeurit.
935 2359 1015 2425 Ouod
1028 2359 1135 2414 crealis
1148 2359 1218 2414 aliie
1232 2358 1384 2423 meaturi-s,
1406 2359 1489 2413 bomo
1509 2359 1545 2413 de
1567 2358 1635 2414 timu
1658 2363 1739 2414 terra
1762 2373 1842 2412 crea·

121 2433 170 2484 tus
187 2433 241 2485 est.
262 2429 342 2496 Quod
355 2430 450 2485 Adam
469 2429 548 2485 dulci
561 2434 702 2510 precepto
716 2429 882 2486 οὶαῆεοίηιε
896 2429 1061 2485 amaena
1076 2433 1202 2501 accepto,
1220 2429 1394 2484 cmriliuete
1405 2429 1520 2486 diabalo
1539 2445 1597 2483 noa
1618 2427 1748 2484 obedivit.
1764 2427 1842 2494 Quod

121 2502 284 2582 abradam,
306 2502 392 2556 lcauc
413 2505 440 2557 et
456 2501 548 2555 Jacob
570 2502 598 2554 et
616 2500 671 2581 alii
696 2499 840 2581 propbeta
859 2500 1111 2581 muudi-tenebras·
1132 2499 1393 2580 significationibus
1412 2499 1473 2554 ruis
1495 2502 1740 2580 repercusserunt.
1764 2499 1843 2564 Ouud

120 2571 914 2724 repertumst
924 2569 1110 2708 luae
1131 2569 1586 2722 calumniabiles
1606 2571 1842 2711 tecam

121 2712 258 2838 spsdequIt
272 2712 566 2838 manaseslecrdqziltiuqd
585 2712 678 2837 Ῑὲιέιιὸε
695 2713 856 2839 1)αῶιῖίαῖ
860 2726 891 2765 m
902 2711 1116 2849 memorie
1135 2711 1354 2837 ruqilclcugntum
1366 2716 1524 2836 serperiqqeg,
1549 2714 1577 2764 et
1597 2712 1702 2836 213!OE
1720 2711 1759 2794 ad
1776 2711 1841 2836 guez

121 2801 139 2836 r
175 2799 404 2839 eaemeuamr
506 2823 512 2837 .
564 2798 597 2836 er
670 2798 725 2837 aea
848 2799 940 2837 ,mre
1051 2799 1068 2837 c
1122 2799 1156 2837 ue
1218 2799 1240 2836 er
1286 2797 1450 2836 mirrea
1658 2797 1774 2836 uuma

122 2855 293 2914 resurrexit,
309 2857 336 2908 et
349 2853 459 2909 domini
471 2851 655 2909 uisceritatis
667 2853 703 2907 de
717 2855 809 2908 morte
821 2853 862 2910 ad
872 2853 963 2908 eitam
980 2798 1165 2909 urlerffiest.
1188 2853 1266 2920 Quod
1288 2851 1378 2908 Filius
1397 2797 1447 2908 Dpei
1464 2869 1484 2907 a
1503 2796 1595 2908 ruffio
1614 2795 1778 2924 remegeris,
1799 2849 1843 2906 di·

120 2923 244 2994 ecipulis
257 2923 317 2979 ruis
332 2923 498 2996 frequenter
517 2924 555 2978 ud
575 2923 818 2980 corroborandum
838 2939 887 2979 eus
909 2925 1057 2996 apparuit.
1075 2923 1153 2992 Quod
1166 2923 1240 2980 Filio
1261 2921 1308 2979 Dei
1328 2922 1499 2978 mcmcdente
1522 2923 1561 2977 ad
1584 2922 1716 2989 Patrem,
1734 2937 1842 2994 apansa

126 2995 191 3066 ejus
202 2994 324 3051 diversis
331 2993 508 3050 ornamentis
518 2993 647 3060 fundata
660 2997 713 3050 eet.

123 3195 160 3251 Et
182 3211 238 3267 ego
259 3195 347 3250 bomo
369 3195 479 3251 litteras
501 3211 560 3250 non
583 3194 691 3250 callens
716 3210 795 3250 more
817 3194 933 3250 tortium
953 3194 1046 3250 Billee
1060 3193 1089 3250 in
1110 3193 1159 3251 illo
1175 3211 1241 3252 aere
1261 3195 1353 3268 magis
1376 3211 1409 3250 ec
1433 3193 1524 3267 magis
1547 3211 1577 3250 ec
1600 3194 1747 3251 dilatando
1774 3211 1838 3250 cre·

86 3285 219 3352 leonum,
240 3300 292 3338 nec
313 3283 397 3339 docta
419 3300 453 3339 ex
476 3283 622 3339 inlusione
644 3283 771 3351 illorum,
798 3283 848 3339 sed
876 3299 937 3338 me·
990 3289 1105 3339 verunt.
1126 3283 1206 3340 'lunc
1229 3289 1285 3338 tres
1301 3300 1415 3356 magum
1437 3285 1526 3339 stelle
1541 3283 1572 3338 in
1586 3284 1699 3355 fulgore
1722 3300 1773 3340 suo
1786 3283 1842 3340 sibi

87 3373 203 3428 neusin
217 3372 348 3438 mollitie,
364 3371 476 3442 fragilis
496 3376 585 3438 costa,
612 3370 723 3426 imbute
739 3371 859 3442 mystico
874 3371 938 3444 spi·
990 3373 1169 3428 coherentes
1182 3373 1213 3428 in
1234 3372 1361 3428 tenebris
1383 3373 1440 3427 illis
1459 3377 1664 3444 apparuerunt,
1685 3376 1751 3443 pust
1771 3386 1843 3444 ques

87 3462 202 3516 samiae
231 3460 318 3516 :ridi
328 3461 411 3533 quasi
432 3459 640 3515 lucidissimum
655 3460 754 3530 ignem
768 3461 936 3530 incompre—
991 3471 1019 3516 et
1043 3460 1107 3516 aliae
1132 3460 1228 3516 multae
1250 3467 1309 3514 lam
1339 3477 1435 3531 parvm
1464 3476 1551 3532 quem
1580 3475 1691 3532 magnae
1715 3459 1841 3530 plurimo

86 3549 271 3610 bensibilem,
295 3547 570 3620 inexstinguibilem,
595 3553 688 3602 totum
713 3548 866 3615 virentem,
893 3555 936 3603 to-
991 3549 1145 3620 splendore
1160 3550 1355 3621 lutgenles,'ec
1370 3549 1474 3604 deinde
1487 3549 1619 3619 quedam
1633 3549 1758 3604 maxima
1772 3548 1842 3602 stel-

87 3643 210 3710 lamque
239 3637 326 3694 ritam
351 3638 530 3705 existentem,
560 3635 591 3691 in
614 3653 644 3692 se
668 3642 765 3692 autem
788 3636 938 3692 flammam
991 3637 1019 3692 la
1033 3639 1106 3692 mira
1119 3635 1247 3692 claritate
1263 3636 1377 3692 radians
1402 3642 1431 3691 ct
1454 3637 1697 3706 lulgoremsuum
1714 3636 1842 3707 adpree-

87 3727 167 3782 aerei
193 3725 297 3780 coloris
326 3726 491 3790 habentem,
521 3741 587 3797 qua
615 3725 673 3781 leni
701 3725 775 3781 tlatu
801 3725 938 3780 ardenter
991 3725 1261 3782 dictemtlammem
1285 3725 1423 3797 dirigens.
1440 3725 1495 3780 Sed
1517 3730 1545 3778 et
1568 3721 1597 3778 in
1620 3728 1697 3779 terre
1722 3723 1841 3794 qnidam

87 3813 245 3885 flagrabet3
264 3818 371 3885 atquae
392 3814 470 3869 idem
491 3812 587 3868 lucido
612 3813 674 3884 igni
696 3813 737 3867 ita
759 3812 936 3884 inseparabi·
990 3814 1088 3884 lulgor
1102 3815 1178 3870 velut
1199 3829 1303 3869 eurora
1325 3814 1460 3885 apparuit
1476 3833 1483 3881 ;
1500 3811 1546 3867 cni
1570 3809 1701 3883 superior
1725 3812 1842 3866 llemma

88 3902 157 3957 liter
170 3902 342 3957 haerebetut
362 3902 393 3956 in
411 3903 529 3957 bomine
551 3902 664 3956 haerent
686 3900 804 3956 viscera.
829 3903 862 3956 lit
880 3902 938 3958 ridi
991 3902 1164 3958 mirabiliter
1179 3901 1274 3958 inlusa
1297 3907 1350 3968 est,
1366 3917 1424 3956 non
1450 3906 1547 3956 temen
1573 3917 1590 3954 a
1615 3899 1777 3970 supradicto
1798 3899 1842 3954 lu·

89 3991 363 4064 quodillellemme
386 3991 544 4047 tulminuns
566 3989 726 4057 incanduit,
749 3995 778 4045 et
796 4007 860 4046 ecee
884 3991 937 4045 ab·
990 3990 1324 4063 ciduigneseparatect
1345 3989 1375 4046 in
1398 3989 1448 4044 illo
1475 3989 1587 4060 fulgore
1617 4003 1729 4043 aurorae
1752 3987 1841 4042 mexi-

89 4095 192 4136 scurns
205 4096 255 4134 aar
274 4085 303 4135 et
325 4079 468 4136 rotundus
488 4080 644 4152 multaeque
666 4079 875 4152 magnitudinis
889 4095 938 4134 re·
992 4094 1039 4134 ma
1053 4079 1183 4134 volumtas
1198 4094 1314 4134 accensa
1339 4081 1391 4134 est.
1416 4077 1547 4148 Cumque
1571 4075 1770 4132 accensionem
1796 4090 1842 4129 ro-

90 4175 178 4241 pente
190 4173 305 4224 exortus
318 4175 372 4236 est,
386 4183 572 4241 superquam
589 4167 653 4238 ipsa
666 4167 784 4223 flamma
798 4167 938 4238 quosdam
992 4168 1112 4223 luntatis
1125 4167 1212 4239 hujus
1226 4167 1392 4240 diligentius
1412 4165 1593 4221 considerare
1609 4164 1722 4230 vellem,
1744 4163 1773 4217 in
1782 4163 1842 4218 bec

90 4257 166 4312 ictus
186 4256 275 4324 dedit,
297 4257 382 4312 toties
412 4256 449 4312 eb
470 4272 505 4311 eo
527 4255 682 4311 scintillam
701 4255 823 4311 educens
847 4257 938 4311 donec
992 4255 1101 4312 risione
1116 4260 1256 4311 secretum
1277 4255 1402 4326 sigillum
1426 4253 1497 4310 mihi
1521 4253 1685 4325 appositum
1707 4257 1761 4319 ast,
1791 4267 1842 4306 aa·

90 4362 141 4400 aer
153 4345 191 4400 ed
205 4345 365 4416 perlectam
378 4345 519 4400 deductus
533 4348 578 4399 est
590 4348 619 4398 et
632 4343 673 4400 ita
695 4345 799 4400 coelum
813 4349 842 4398 et
863 4349 939 4398 terre
992 4344 1109 4414 divique
1124 4360 1221 4400 rocem
1237 4360 1271 4400 ex
1285 4344 1344 4400 alto
1359 4343 1431 4398 mihi
1447 4343 1588 4398 dicentem
1610 4357 1617 4396 :
1635 4343 1676 4398 lle
1701 4342 1757 4397 hoc
1779 4356 1841 4413 my·

90 4434 332 4504 resplenduerunt
347 4434 433 4504 plena
453 4432 641 4488 institutione.
664 4432 773 4488 deinde
789 4432 874 4486 etiem
894 4448 940 4487 ea·
993 4433 1080 4487 sterio
1106 4449 1165 4488 nun
1190 4432 1296 4504 poteris
1320 4433 1478 4506 quidquam
1503 4431 1627 4500 emplius
1655 4429 1762 4496 videre,
1788 4418 1843 4484 uisi

90 4523 158 4577 dem
181 4521 298 4576 flemma
312 4521 343 4576 in
356 4521 424 4593 igne
446 4525 476 4575 et
496 4519 598 4575 ardore
623 4519 674 4574 illo
695 4519 823 4575 extendit
848 4535 879 4574 se
902 4519 937 4574 ad
958 4490 1093 4576 cuttibi
1111 4527 1229 4592 propter
1248 4520 1417 4576 miraculum
1442 4519 1579 4576 credendi
1596 4519 1773 4575 conceditur.
1799 4517 1843 4572 Vi·

89 4625 210 4681 parvam
241 4609 355 4680 glebam
382 4609 493 4663 limosae
517 4611 601 4662 terrm
624 4607 770 4677 jacentem
795 4606 826 4660 in
847 4607 938 4662 teredo
992 4609 1079 4679 dique
1105 4609 1139 4664 de
1170 4609 1272 4663 eodem
1306 4609 1418 4680 lulgore
1445 4623 1555 4662 aurorae
1574 4605 1840 4678 splendidissimum

90 4695 165 4751 aeris
189 4711 253 4750 eam
276 4693 455 4760 calefaciens,
477 4693 518 4750 ite
539 4693 618 4765 qnod
636 4709 753 4749 carnem
774 4698 804 4749 et
825 4695 939 4768 sangni-
993 4697 1142 4752 hominem
1172 4698 1390 4769 egredientem,
1426 4695 1476 4769 qui
1508 4695 1666 4750 claritatem
1693 4709 1773 4748 suem
1806 4691 1842 4746 ed

89 4801 158 4840 nem
178 4783 281 4852 effecit,
305 4799 429 4856 eamque
450 4783 570 4855 spiravit
593 4783 633 4837 ita
656 4782 733 4854 qnod
759 4783 789 4838 in
812 4784 937 4838 animem
993 4787 1143 4857 predictas
1174 4787 1306 4840 tenebras
1336 4785 1439 4841 alludit
1463 4789 1491 4839 et
1519 4784 1555 4839 ab
1581 4781 1621 4838 eis
1647 4781 1843 4837 reverberatus

89 4874 234 4929 virentem
264 4872 441 4928 etleeteest.
464 4869 704 4941 quatermille
727 4870 939 4942 lucidusignis
993 4880 1046 4942 est,
1064 4877 1093 4929 et
1108 4874 1137 4928 in
1152 4876 1287 4929 ruborem
1311 4873 1459 4944 sanguinis
1482 4879 1510 4927 et
1530 4872 1559 4926 in
1582 4867 1843 4943 palloremelbedi·

88 4961 215 5034 praebuit
236 4977 289 5033 per
311 4961 443 5016 eamdem
466 4960 613 5015 flammam
631 4959 691 5015 leni
711 4959 781 5014 lletu
803 4961 940 5015 ardenter
993 4963 1039 5016 nis
1062 4977 1216 5016 conversus
1241 4967 1319 5016 tenta
1342 4962 1510 5017 tortitudine
1543 4959 1674 5015 tenebras
1703 4955 1843 5029 percussit

87 5049 261 5121 flagrantem
291 5049 347 5121 ipsi
378 5047 489 5104 homini
512 5047 748 5104 candidissimum
773 5047 874 5103 tlorcm
908 5048 940 5103 in
992 5050 1127 5105 uthomo
1149 5049 1195 5104 ille
1217 5049 1267 5122 qui
1292 5050 1323 5105 in
1344 5050 1385 5104 eis
1402 5049 1516 5120 jacebat
1539 5053 1659 5103 attractu
1684 5045 1735 5100 illo
1757 5059 1844 5116 appe·

87 5139 395 5210 dammapendentem
420 5141 451 5193 ut
472 5152 519 5193 ros
541 5137 650 5208 pendet
669 5137 700 5192 in
723 5137 863 5208 gramine,
888 5152 938 5191 cn·
993 5154 1060 5194 rens
1074 5139 1208 5210 lnlgnret,
1224 5143 1311 5210 atque
1330 5137 1370 5193 ite
1391 5143 1502 5192 erectus
1520 5137 1620 5192 exiret.
1640 5135 1671 5190 Et
1690 5133 1731 5189 sic
1745 5133 1841 5204 splen·

84 5229 135 5299 jus
147 5227 266 5300 quidem
280 5228 401 5282 odorem
421 5228 508 5281 bomo
523 5225 641 5281 naribus
664 5225 763 5292 sensit,
779 5225 829 5281 sed
852 5231 939 5298 gustu
993 5227 1079 5283 didus
1092 5227 1140 5282 ille
1151 5227 1237 5282 bomo
1248 5226 1298 5298 qui
1313 5227 1348 5282 de
1362 5241 1467 5281 aurora
1483 5241 1616 5298 egressus
1631 5227 1684 5290 est,
1708 5221 1739 5278 iu
1762 5224 1842 5277 mate

88 5317 147 5371 oris
161 5333 221 5372 non
235 5315 345 5384 libavit,
361 5330 415 5370 nec
434 5313 568 5370 manibus
589 5313 760 5381 attrectavit,
778 5314 833 5368 boc
854 5314 939 5370 modo
993 5314 1122 5368 claritate
1139 5329 1280 5386 apperens
1304 5314 1468 5385 ultraquam
1492 5313 1619 5367 bumana
1638 5311 1739 5381 lingua
1760 5306 1842 5364 ellari

88 5419 119 5458 se
144 5408 277 5458 avertens
303 5406 391 5474 atquc
413 5401 517 5456 cedens
546 5401 576 5456 in
601 5400 787 5456 densissimas
806 5401 940 5457 tenebras
994 5401 1094 5473 possit,
1107 5400 1138 5456 in
1158 5399 1417 5456 eminentissimam
1438 5398 1621 5454 altitudinem
1643 5395 1841 5454 innumerabi-

88 5509 123 5548 οι
145 5491 252 5563 quibus
283 5506 313 5546 se
334 5489 447 5562 erigere
477 5505 536 5546 nau
558 5489 657 5545 valuit.
681 5487 819 5546 Tenebrae
841 5495 936 5547 eumne
993 5490 1030 5546 lie
1056 5489 1155 5563 gloriar
1179 5489 1310 5557 tetendit,
1336 5488 1386 5544 ubi
1410 5487 1441 5543 in
1461 5487 1643 5561 plenitudine
1664 5485 1840 5542 omnimodae
