<?xml version="1.0" encoding="UTF-8"?>
<!DOCTYPE html PUBLIC "-//W3C//DTD XHTML 1.0 Transitional//EN"
    "http://www.w3.org/TR/xhtml1/DTD/xhtml1-transitional.dtd">
<html xmlns="http://www.w3.org/1999/xhtml" xml:lang="en" lang="en">
 <head>
  <title>
</title>
<meta http-equiv="Content-Type" content="text/html;charset=utf-8" />
  <meta name='ocr-system' content='tesseract 3.04.00' />
  <meta name='ocr-capabilities' content='ocr_page ocr_carea ocr_par ocr_line ocrx_word'/>
</head>
<body>
  <div class='ocr_page' id='page_1' title='image "./patrologiaecurs125unkngoog_0418.png"; bbox 0 0 3984 6034; ppageno 0'>
   <div class='ocr_carea' id='block_1_1' title="bbox 190 176 1924 239">
    <p class='ocr_par' dir='ltr' id='par_1_1' title="bbox 190 176 1924 239">
     <span class='ocr_line' id='line_1_1' title="bbox 190 176 1924 239; baseline 0.003 -6"><span class='ocrx_word' id='word_1_1' title='bbox 190 180 241 235; x_wconf 76' lang='lat'><strong>82¹1</strong></span> <span class='ocrx_word' id='word_1_2' title='bbox 916 179 946 237; x_wconf 85' lang='lat' dir='ltr'><strong>S.</strong></span> <span class='ocrx_word' id='word_1_3' title='bbox 964 176 1203 237; x_wconf 72' lang='lat' dir='ltr'><strong>allocuturus</strong></span> <span class='ocrx_word' id='word_1_4' title='bbox 1879 184 1924 239; x_wconf 79' lang='lat' dir='ltr'><strong>Sit</strong></span> 
     </span>
    </p>
   </div>
   <div class='ocr_carea' id='block_1_2' title="bbox 138 308 1961 3127">
    <p class='ocr_par' dir='ltr' id='par_1_2' title="bbox 138 308 1961 3127">
     <span class='ocr_line' id='line_1_2' title="bbox 189 308 1926 385; baseline 0.002 -18"><span class='ocrx_word' id='word_1_5' title='bbox 189 328 256 367; x_wconf 90' lang='lat' dir='ltr'><strong>men</strong></span> <span class='ocrx_word' id='word_1_6' title='bbox 279 309 408 367; x_wconf 80' lang='lat' dir='ltr'><strong>veritatis</strong></span> <span class='ocrx_word' id='word_1_7' title='bbox 436 308 541 377; x_wconf 83' lang='lat' dir='ltr'><strong>existit,</strong></span> <span class='ocrx_word' id='word_1_8' title='bbox 562 326 581 366; x_wconf 90' lang='lat' dir='ltr'><strong>a</strong></span> <span class='ocrx_word' id='word_1_9' title='bbox 608 310 665 367; x_wconf 87' lang='lat' dir='ltr'><strong>llee</strong></span> <span class='ocrx_word' id='word_1_10' title='bbox 685 310 856 368; x_wconf 88' lang='lat' dir='ltr'><strong>constitutus</strong></span> <span class='ocrx_word' id='word_1_11' title='bbox 878 315 931 381; x_wconf 87' lang='lat' dir='ltr'><strong>est,</strong></span> <span class='ocrx_word' id='word_1_12' title='bbox 951 316 980 368; x_wconf 90' lang='lat' dir='ltr'><strong>ct</strong></span> <span class='ocrx_word' id='word_1_13' title='bbox 1006 315 1039 368; x_wconf 88' lang='grc' dir='ltr'><strong>ιι</strong></span> <span class='ocrx_word' id='word_1_14' title='bbox 1056 312 1276 385; x_wconf 81' lang='lat' dir='ltr'><strong>Aopprimilur,</strong></span> <span class='ocrx_word' id='word_1_15' title='bbox 1290 311 1517 385; x_wconf 89' lang='lat' dir='ltr'><strong>qnatenusbone</strong></span> <span class='ocrx_word' id='word_1_16' title='bbox 1530 311 1681 384; x_wconf 72' lang='lat' dir='ltr'>negligens</span> <span class='ocrx_word' id='word_1_17' title='bbox 1693 311 1723 369; x_wconf 90' lang='lat' dir='ltr'><strong>id</strong></span> <span class='ocrx_word' id='word_1_18' title='bbox 1738 313 1926 385; x_wconf 83' lang='lat' dir='ltr'><strong>quodmalum</strong></span> 
     </span>
     <span class='ocr_line' id='line_1_3' title="bbox 189 397 1926 475; baseline 0.001 -20"><span class='ocrx_word' id='word_1_19' title='bbox 189 400 220 456; x_wconf 92' lang='lat' dir='ltr'><strong>in</strong></span> <span class='ocrx_word' id='word_1_20' title='bbox 233 400 311 455; x_wconf 86' lang='lat' dir='ltr'><strong>mala</strong></span> <span class='ocrx_word' id='word_1_21' title='bbox 328 397 457 467; x_wconf 88' lang='lat' dir='ltr'><strong>scientia,</strong></span> <span class='ocrx_word' id='word_1_22' title='bbox 481 415 547 472; x_wconf 78' lang='lat' dir='ltr'><strong>qaas</strong></span> <span class='ocrx_word' id='word_1_23' title='bbox 570 414 691 456; x_wconf 81' lang='lat' dir='ltr'><strong>vacuum</strong></span> <span class='ocrx_word' id='word_1_24' title='bbox 712 400 805 457; x_wconf 91' lang='lat' dir='ltr'><strong>locum</strong></span> <span class='ocrx_word' id='word_1_25' title='bbox 828 400 914 457; x_wconf 90' lang='lat' dir='ltr'><strong>habet</strong></span> <span class='ocrx_word' id='word_1_26' title='bbox 934 400 964 457; x_wconf 90' lang='lat' dir='ltr'><strong>iu</strong></span> <span class='ocrx_word' id='word_1_27' title='bbox 978 418 1037 475; x_wconf 91' lang='lat' dir='ltr'><strong>quo</strong></span> <span class='ocrx_word' id='word_1_28' title='bbox 1091 407 1135 458; x_wconf 89' lang='lat' dir='ltr'><strong>est</strong></span> <span class='ocrx_word' id='word_1_29' title='bbox 1155 402 1252 471; x_wconf 84' lang='lat' dir='ltr'><strong>iaciat,</strong></span> <span class='ocrx_word' id='word_1_30' title='bbox 1265 402 1451 473; x_wconf 89' lang='lat' dir='ltr'><strong>semetipsam</strong></span> <span class='ocrx_word' id='word_1_31' title='bbox 1467 400 1599 457; x_wconf 70' lang='lat' dir='ltr'><strong>tartareis</strong></span> <span class='ocrx_word' id='word_1_32' title='bbox 1619 400 1692 457; x_wconf 85' lang='lat' dir='ltr'><strong>locis</strong></span> <span class='ocrx_word' id='word_1_33' title='bbox 1705 401 1847 457; x_wconf 89' lang='lat' dir='ltr'><strong>immittit.</strong></span> <span class='ocrx_word' id='word_1_34' title='bbox 1871 404 1926 457; x_wconf 82' lang='lat' dir='ltr'><strong>llic·</strong></span> 
     </span>
     <span class='ocr_line' id='line_1_4' title="bbox 189 488 1961 563; baseline -0.001 -17"><span class='ocrx_word' id='word_1_35' title='bbox 189 490 269 546; x_wconf 91' lang='lat' dir='ltr'><strong>nulla</strong></span> <span class='ocrx_word' id='word_1_36' title='bbox 301 488 465 545; x_wconf 88' lang='lat' dir='ltr'><strong>constitutio</strong></span> <span class='ocrx_word' id='word_1_37' title='bbox 498 488 670 545; x_wconf 86' lang='lat' dir='ltr'><strong>meritorum</strong></span> <span class='ocrx_word' id='word_1_38' title='bbox 703 494 752 544; x_wconf 87' lang='lat' dir='ltr'><strong>ant</strong></span> <span class='ocrx_word' id='word_1_39' title='bbox 775 490 961 560; x_wconf 69' lang='lat' dir='ltr'><strong>premiorum</strong></span> <span class='ocrx_word' id='word_1_40' title='bbox 982 495 1036 561; x_wconf 89' lang='lat' dir='ltr'><strong>est,</strong></span> <span class='ocrx_word' id='word_1_41' title='bbox 1091 490 1190 546; x_wconf 89' lang='lat' dir='ltr'><strong>bolum</strong></span> <span class='ocrx_word' id='word_1_42' title='bbox 1202 506 1321 563; x_wconf 89' lang='lat' dir='ltr'><strong>quoque</strong></span> <span class='ocrx_word' id='word_1_43' title='bbox 1334 489 1477 561; x_wconf 85' lang='lat' dir='ltr'><strong>repudiat,</strong></span> <span class='ocrx_word' id='word_1_44' title='bbox 1495 489 1547 561; x_wconf 91' lang='lat' dir='ltr'><strong>qni</strong></span> <span class='ocrx_word' id='word_1_45' title='bbox 1562 490 1620 545; x_wconf 78' lang='lat' dir='ltr'><strong>lico</strong></span> <span class='ocrx_word' id='word_1_46' title='bbox 1641 488 1745 545; x_wconf 87' lang='lat' dir='ltr'><strong>similis</strong></span> <span class='ocrx_word' id='word_1_47' title='bbox 1761 491 1925 558; x_wconf 81' lang='lat' dir='ltr'><strong>essesoluit,</strong></span> <span class='ocrx_word' id='word_1_48' title='bbox 1960 509 1961 554; x_wconf 71' lang='grc' dir='ltr'><strong>ι</strong></span> 
     </span>
     <span class='ocr_line' id='line_1_5' title="bbox 187 571 1961 652; baseline 0.001 -18"><span class='ocrx_word' id='word_1_49' title='bbox 187 578 224 634; x_wconf 91' lang='lat' dir='ltr'><strong>ad</strong></span> <span class='ocrx_word' id='word_1_50' title='bbox 241 579 350 635; x_wconf 87' lang='lat' dir='ltr'><strong>malum</strong></span> <span class='ocrx_word' id='word_1_51' title='bbox 374 577 507 645; x_wconf 76' lang='lat' dir='ltr'>declinat,</span> <span class='ocrx_word' id='word_1_52' title='bbox 532 576 572 631; x_wconf 88' lang='lat' dir='ltr'><strong>sic</strong></span> <span class='ocrx_word' id='word_1_53' title='bbox 596 576 682 633; x_wconf 89' lang='lat' dir='ltr'><strong>eliam</strong></span> <span class='ocrx_word' id='word_1_54' title='bbox 696 578 727 633; x_wconf 92' lang='lat' dir='ltr'><strong>iu</strong></span> <span class='ocrx_word' id='word_1_55' title='bbox 748 578 864 633; x_wconf 87' lang='lat' dir='ltr'><strong>homine</strong></span> <span class='ocrx_word' id='word_1_56' title='bbox 886 580 989 636; x_wconf 85' lang='lat' dir='ltr'><strong>coelum</strong></span> <span class='ocrx_word' id='word_1_57' title='bbox 1007 585 1037 635; x_wconf 89' lang='lat' dir='ltr'><strong>et</strong></span> <span class='ocrx_word' id='word_1_58' title='bbox 1090 585 1120 637; x_wconf 89' lang='lat' dir='ltr'><strong>et</strong></span> <span class='ocrx_word' id='word_1_59' title='bbox 1141 595 1194 652; x_wconf 89' lang='lat' dir='ltr'><strong>per</strong></span> <span class='ocrx_word' id='word_1_60' title='bbox 1214 579 1270 635; x_wconf 89' lang='lat' dir='ltr'><strong>hoc</strong></span> <span class='ocrx_word' id='word_1_61' title='bbox 1292 596 1309 634; x_wconf 92' lang='lat' dir='ltr'><strong>a</strong></span> <span class='ocrx_word' id='word_1_62' title='bbox 1329 584 1411 651; x_wconf 86' lang='lat' dir='ltr'><strong>perte</strong></span> <span class='ocrx_word' id='word_1_63' title='bbox 1430 578 1576 650; x_wconf 87' lang='lat' dir='ltr'><strong>aquilonis</strong></span> <span class='ocrx_word' id='word_1_64' title='bbox 1599 582 1760 650; x_wconf 88' lang='lat' dir='ltr'><strong>separatur,</strong></span> <span class='ocrx_word' id='word_1_65' title='bbox 1776 580 1853 651; x_wconf 91' lang='lat' dir='ltr'><strong>quod</strong></span> <span class='ocrx_word' id='word_1_66' title='bbox 1876 580 1925 635; x_wconf 90' lang='lat' dir='ltr'><strong>sive</strong></span> <span class='ocrx_word' id='word_1_67' title='bbox 1960 571 1961 584; x_wconf 53' lang='lat'>¹</span> 
     </span>
     <span class='ocr_line' id='line_1_6' title="bbox 138 664 1924 738; baseline 0.001 -16"><span class='ocrx_word' id='word_1_68' title='bbox 138 702 140 709; x_wconf 47' lang='grc' dir='ltr'><strong>ι</strong></span> <span class='ocrx_word' id='word_1_69' title='bbox 189 672 275 733; x_wconf 88' lang='lat' dir='ltr'><strong>terra,</strong></span> <span class='ocrx_word' id='word_1_70' title='bbox 289 667 337 721; x_wconf 85' lang='lat' dir='ltr'><strong>lux</strong></span> <span class='ocrx_word' id='word_1_71' title='bbox 361 670 389 721; x_wconf 91' lang='grc' dir='ltr'><strong>ιι</strong></span> <span class='ocrx_word' id='word_1_72' title='bbox 401 665 528 721; x_wconf 75' lang='lat' dir='ltr'><strong>tenebrae</strong></span> <span class='ocrx_word' id='word_1_73' title='bbox 550 664 710 737; x_wconf 76' lang='lat' dir='ltr'>signantur.</span> <span class='ocrx_word' id='word_1_74' title='bbox 733 667 787 721; x_wconf 90' lang='lat' dir='ltr'><strong>Per</strong></span> <span class='ocrx_word' id='word_1_75' title='bbox 806 666 955 724; x_wconf 88' lang='lat' dir='ltr'><strong>scientiam</strong></span> <span class='ocrx_word' id='word_1_76' title='bbox 975 666 1036 723; x_wconf 88' lang='lat' dir='ltr'><strong>uli·</strong></span> <span class='ocrx_word' id='word_1_77' title='bbox 1089 667 1553 738; x_wconf 83' lang='lat' dir='ltr'><strong>bonumsiremalumoperetar,</strong></span> <span class='ocrx_word' id='word_1_78' title='bbox 1568 668 1659 722; x_wconf 77' lang='lat' dir='ltr'><strong>licum</strong></span> <span class='ocrx_word' id='word_1_79' title='bbox 1677 683 1784 723; x_wconf 92' lang='lat' dir='ltr'><strong>senon</strong></span> <span class='ocrx_word' id='word_1_80' title='bbox 1797 667 1924 735; x_wconf 85' lang='lat' dir='ltr'><strong>nominat,</strong></span> 
     </span>
     <span class='ocr_line' id='line_1_7' title="bbox 189 752 1922 827; baseline 0.001 -18"><span class='ocrx_word' id='word_1_81' title='bbox 189 771 245 827; x_wconf 92' lang='lat' dir='ltr'><strong>que</strong></span> <span class='ocrx_word' id='word_1_82' title='bbox 269 752 367 810; x_wconf 91' lang='lat' dir='ltr'><strong>omnia</strong></span> <span class='ocrx_word' id='word_1_83' title='bbox 391 769 480 825; x_wconf 87' lang='lat' dir='ltr'><strong>opere</strong></span> <span class='ocrx_word' id='word_1_84' title='bbox 503 752 627 808; x_wconf 89' lang='lat' dir='ltr'><strong>hominis</strong></span> <span class='ocrx_word' id='word_1_85' title='bbox 650 758 801 824; x_wconf 86' lang='lat' dir='ltr'><strong>reguntur,</strong></span> <span class='ocrx_word' id='word_1_86' title='bbox 826 758 857 809; x_wconf 90' lang='lat' dir='ltr'><strong>ut</strong></span> <span class='ocrx_word' id='word_1_87' title='bbox 878 755 965 811; x_wconf 89' lang='lat' dir='ltr'><strong>etiam</strong></span> <span class='ocrx_word' id='word_1_88' title='bbox 985 771 1037 827; x_wconf 87' lang='lat' dir='ltr'><strong>per</strong></span> <span class='ocrx_word' id='word_1_89' title='bbox 1089 757 1140 812; x_wconf 90' lang='lat' dir='ltr'><strong>sed</strong></span> <span class='ocrx_word' id='word_1_90' title='bbox 1161 773 1178 811; x_wconf 93' lang='grc' dir='ltr'><strong>ι</strong></span> <span class='ocrx_word' id='word_1_91' title='bbox 1199 758 1258 811; x_wconf 84' lang='grc' dir='ltr'>[ιιι</span> <span class='ocrx_word' id='word_1_92' title='bbox 1280 762 1441 811; x_wconf 84' lang='grc' dir='ltr'>ιιιιιιιιιι</span> <span class='ocrx_word' id='word_1_93' title='bbox 1462 772 1515 827; x_wconf 88' lang='lat' dir='ltr'><strong>per</strong></span> <span class='ocrx_word' id='word_1_94' title='bbox 1535 754 1763 812; x_wconf 74' lang='lat' dir='ltr'><strong>rationalitatem</strong></span> <span class='ocrx_word' id='word_1_95' title='bbox 1781 756 1922 827; x_wconf 74' lang='lat' dir='ltr'><strong>cognoscit</strong></span> 
     </span>
     <span class='ocr_line' id='line_1_8' title="bbox 189 842 1925 917; baseline 0.001 -18"><span class='ocrx_word' id='word_1_96' title='bbox 189 844 323 915; x_wconf 88' lang='lat' dir='ltr'><strong>spiritum</strong></span> <span class='ocrx_word' id='word_1_97' title='bbox 352 842 527 897; x_wconf 82' lang='lat' dir='ltr'><strong>fortitudinis</strong></span> <span class='ocrx_word' id='word_1_98' title='bbox 553 846 663 897; x_wconf 78' lang='lat' dir='ltr'><strong>caeteras</strong></span> <span class='ocrx_word' id='word_1_99' title='bbox 692 842 811 899; x_wconf 89' lang='lat' dir='ltr'><strong>virtutes</strong></span> <span class='ocrx_word' id='word_1_100' title='bbox 841 843 1034 914; x_wconf 87' lang='lat' dir='ltr'><strong>continentur,</strong></span> <span class='ocrx_word' id='word_1_101' title='bbox 1090 846 1155 917; x_wconf 89' lang='lat' dir='ltr'><strong>lpsa</strong></span> <span class='ocrx_word' id='word_1_102' title='bbox 1178 860 1295 917; x_wconf 91' lang='lat' dir='ltr'><strong>quoque</strong></span> <span class='ocrx_word' id='word_1_103' title='bbox 1309 849 1458 899; x_wconf 85' lang='lat' dir='ltr'><strong>terrenum</strong></span> <span class='ocrx_word' id='word_1_104' title='bbox 1481 860 1531 899; x_wconf 86' lang='lat' dir='ltr'><strong>vas</strong></span> <span class='ocrx_word' id='word_1_105' title='bbox 1545 858 1631 899; x_wconf 89' lang='lat' dir='ltr'><strong>suum</strong></span> <span class='ocrx_word' id='word_1_106' title='bbox 1645 843 1793 899; x_wconf 74' lang='lat' dir='ltr'><strong>multoties</strong></span> <span class='ocrx_word' id='word_1_107' title='bbox 1808 844 1888 899; x_wconf 91' lang='lat' dir='ltr'><strong>docet</strong></span> <span class='ocrx_word' id='word_1_108' title='bbox 1899 850 1925 900; x_wconf 92' lang='lat' dir='ltr'><strong>ut</strong></span> 
     </span>
     <span class='ocr_line' id='line_1_9' title="bbox 190 929 1924 1005; baseline 0 -18"><span class='ocrx_word' id='word_1_109' title='bbox 190 931 347 1003; x_wconf 89' lang='lat' dir='ltr'><strong>quiaidem</strong></span> <span class='ocrx_word' id='word_1_110' title='bbox 369 929 487 1002; x_wconf 90' lang='lat' dir='ltr'><strong>spiritus</strong></span> <span class='ocrx_word' id='word_1_111' title='bbox 503 933 530 984; x_wconf 91' lang='lat' dir='ltr'><strong>ct</strong></span> <span class='ocrx_word' id='word_1_112' title='bbox 549 930 578 985; x_wconf 86' lang='lat' dir='ltr'><strong>in</strong></span> <span class='ocrx_word' id='word_1_113' title='bbox 603 929 780 1001; x_wconf 83' lang='lat' dir='ltr'><strong>spiritalibus</strong></span> <span class='ocrx_word' id='word_1_114' title='bbox 798 935 826 985; x_wconf 91' lang='lat' dir='ltr'><strong>el</strong></span> <span class='ocrx_word' id='word_1_115' title='bbox 848 932 880 986; x_wconf 90' lang='lat' dir='ltr'><strong>in</strong></span> <span class='ocrx_word' id='word_1_116' title='bbox 896 932 1036 987; x_wconf 78' lang='lat' dir='ltr'><strong>saeculari·</strong></span> <span class='ocrx_word' id='word_1_117' title='bbox 1089 949 1178 1005; x_wconf 88' lang='lat' dir='ltr'><strong>opera</strong></span> <span class='ocrx_word' id='word_1_118' title='bbox 1198 949 1264 1005; x_wconf 78' lang='lat' dir='ltr'><strong>quae</strong></span> <span class='ocrx_word' id='word_1_119' title='bbox 1286 932 1413 989; x_wconf 76' lang='lat' dir='ltr'><strong>coelestia</strong></span> <span class='ocrx_word' id='word_1_120' title='bbox 1436 937 1504 987; x_wconf 91' lang='lat' dir='ltr'><strong>suut</strong></span> <span class='ocrx_word' id='word_1_121' title='bbox 1525 931 1621 999; x_wconf 77' lang='lat' dir='ltr'><strong>iaciat,</strong></span> <span class='ocrx_word' id='word_1_122' title='bbox 1650 932 1759 987; x_wconf 86' lang='lat' dir='ltr'><strong>iterum</strong></span> <span class='ocrx_word' id='word_1_123' title='bbox 1789 932 1924 1004; x_wconf 90' lang='lat' dir='ltr'><strong>concupis·</strong></span> 
     </span>
     <span class='ocr_line' id='line_1_10' title="bbox 189 1018 1923 1093; baseline -0.001 -18"><span class='ocrx_word' id='word_1_124' title='bbox 189 1020 243 1075; x_wconf 89' lang='lat' dir='ltr'><strong>bus</strong></span> <span class='ocrx_word' id='word_1_125' title='bbox 268 1019 361 1075; x_wconf 83' lang='lat' dir='ltr'><strong>carreis</strong></span> <span class='ocrx_word' id='word_1_126' title='bbox 383 1020 469 1091; x_wconf 89' lang='lat' dir='ltr'><strong>viget,</strong></span> <span class='ocrx_word' id='word_1_127' title='bbox 496 1018 702 1091; x_wconf 84' lang='lat' dir='ltr'><strong>hominemque</strong></span> <span class='ocrx_word' id='word_1_128' title='bbox 724 1019 759 1075; x_wconf 91' lang='lat' dir='ltr'><strong>ab</strong></span> <span class='ocrx_word' id='word_1_129' title='bbox 784 1018 896 1075; x_wconf 79' lang='lat' dir='ltr'><strong>insidiis</strong></span> <span class='ocrx_word' id='word_1_130' title='bbox 922 1020 1036 1093; x_wconf 82' lang='lat' dir='ltr'><strong>antiqui</strong></span> <span class='ocrx_word' id='word_1_131' title='bbox 1089 1021 1191 1077; x_wconf 85' lang='lat' dir='ltr'><strong>centiis</strong></span> <span class='ocrx_word' id='word_1_132' title='bbox 1205 1021 1300 1077; x_wconf 87' lang='lat' dir='ltr'><strong>caruis</strong></span> <span class='ocrx_word' id='word_1_133' title='bbox 1321 1021 1474 1088; x_wconf 87' lang='lat' dir='ltr'><strong>consentit,</strong></span> <span class='ocrx_word' id='word_1_134' title='bbox 1489 1021 1526 1076; x_wconf 87' lang='lat' dir='ltr'><strong>de</strong></span> <span class='ocrx_word' id='word_1_135' title='bbox 1545 1020 1650 1092; x_wconf 89' lang='lat' dir='ltr'><strong>quibus</strong></span> <span class='ocrx_word' id='word_1_136' title='bbox 1664 1036 1695 1076; x_wconf 89' lang='lat' dir='ltr'><strong>se</strong></span> <span class='ocrx_word' id='word_1_137' title='bbox 1715 1020 1824 1076; x_wconf 88' lang='lat' dir='ltr'><strong>iterum</strong></span> <span class='ocrx_word' id='word_1_138' title='bbox 1844 1026 1923 1075; x_wconf 83' lang='lat' dir='ltr'><strong>extor-</strong></span> 
     </span>
     <span class='ocr_line' id='line_1_11' title="bbox 188 1106 1924 1182; baseline 0 -19"><span class='ocrx_word' id='word_1_139' title='bbox 188 1108 331 1180; x_wconf 90' lang='lat' dir='ltr'><strong>serpentis</strong></span> <span class='ocrx_word' id='word_1_140' title='bbox 352 1106 490 1174; x_wconf 75' lang='lat' dir='ltr'><strong>defendit,</strong></span> <span class='ocrx_word' id='word_1_141' title='bbox 522 1107 573 1179; x_wconf 92' lang='lat' dir='ltr'><strong>qui</strong></span> <span class='ocrx_word' id='word_1_142' title='bbox 596 1124 701 1164; x_wconf 83' lang='lat' dir='ltr'><strong>vacuus</strong></span> <span class='ocrx_word' id='word_1_143' title='bbox 730 1108 765 1163; x_wconf 90' lang='lat' dir='ltr'><strong>ab</strong></span> <span class='ocrx_word' id='word_1_144' title='bbox 789 1108 867 1163; x_wconf 91' lang='lat' dir='ltr'><strong>omni</strong></span> <span class='ocrx_word' id='word_1_145' title='bbox 888 1110 1035 1177; x_wconf 80' lang='lat' dir='ltr'><strong>felicitate,</strong></span> <span class='ocrx_word' id='word_1_146' title='bbox 1089 1125 1192 1182; x_wconf 87' lang='lat' dir='ltr'><strong>quens,</strong></span> <span class='ocrx_word' id='word_1_147' title='bbox 1207 1126 1256 1165; x_wconf 89' lang='lat' dir='ltr'><strong>vas</strong></span> <span class='ocrx_word' id='word_1_148' title='bbox 1278 1124 1364 1164; x_wconf 90' lang='lat' dir='ltr'><strong>suum</strong></span> <span class='ocrx_word' id='word_1_149' title='bbox 1384 1107 1497 1179; x_wconf 75' lang='lat' dir='ltr'><strong>aflligit,</strong></span> <span class='ocrx_word' id='word_1_150' title='bbox 1514 1123 1580 1162; x_wconf 89' lang='lat' dir='ltr'><strong>cum</strong></span> <span class='ocrx_word' id='word_1_151' title='bbox 1602 1108 1639 1163; x_wconf 91' lang='lat' dir='ltr'><strong>ad</strong></span> <span class='ocrx_word' id='word_1_152' title='bbox 1653 1108 1750 1163; x_wconf 78' lang='lat' dir='ltr'><strong>cilicia</strong></span> <span class='ocrx_word' id='word_1_153' title='bbox 1772 1124 1826 1163; x_wconf 90' lang='lat' dir='ltr'><strong>sua</strong></span> <span class='ocrx_word' id='word_1_154' title='bbox 1841 1124 1924 1163; x_wconf 81' lang='lat' dir='ltr'><strong>ascen</strong></span> 
     </span>
     <span class='ocr_line' id='line_1_12' title="bbox 188 1194 1925 1271; baseline -0.001 -19"><span class='ocrx_word' id='word_1_155' title='bbox 188 1197 345 1252; x_wconf 88' lang='lat' dir='ltr'><strong>claritatem</strong></span> <span class='ocrx_word' id='word_1_156' title='bbox 365 1194 416 1252; x_wconf 82' lang='lat' dir='ltr'><strong>bei</strong></span> <span class='ocrx_word' id='word_1_157' title='bbox 441 1196 626 1261; x_wconf 88' lang='lat' dir='ltr'><strong>demonstrat,</strong></span> <span class='ocrx_word' id='word_1_158' title='bbox 646 1200 678 1251; x_wconf 90' lang='lat' dir='ltr'><strong>ut</strong></span> <span class='ocrx_word' id='word_1_159' title='bbox 701 1212 753 1269; x_wconf 88' lang='lat' dir='ltr'><strong>per</strong></span> <span class='ocrx_word' id='word_1_160' title='bbox 773 1198 883 1254; x_wconf 90' lang='lat' dir='ltr'><strong>malum</strong></span> <span class='ocrx_word' id='word_1_161' title='bbox 904 1199 934 1255; x_wconf 91' lang='lat' dir='ltr'><strong>id</strong></span> <span class='ocrx_word' id='word_1_162' title='bbox 957 1199 1036 1271; x_wconf 87' lang='lat' dir='ltr'><strong>quod</strong></span> <span class='ocrx_word' id='word_1_163' title='bbox 1089 1198 1142 1265; x_wconf 91' lang='lat' dir='ltr'><strong>dit,</strong></span> <span class='ocrx_word' id='word_1_164' title='bbox 1155 1198 1253 1254; x_wconf 89' lang='lat' dir='ltr'><strong>omnia</strong></span> <span class='ocrx_word' id='word_1_165' title='bbox 1269 1197 1346 1252; x_wconf 87' lang='lat' dir='ltr'><strong>mala</strong></span> <span class='ocrx_word' id='word_1_166' title='bbox 1363 1196 1394 1252; x_wconf 93' lang='lat' dir='ltr'><strong>in</strong></span> <span class='ocrx_word' id='word_1_167' title='bbox 1408 1197 1510 1253; x_wconf 89' lang='lat' dir='ltr'><strong>eodem</strong></span> <span class='ocrx_word' id='word_1_168' title='bbox 1521 1211 1587 1252; x_wconf 89' lang='lat' dir='ltr'><strong>vase</strong></span> <span class='ocrx_word' id='word_1_169' title='bbox 1605 1212 1657 1252; x_wconf 91' lang='lat' dir='ltr'><strong>suo</strong></span> <span class='ocrx_word' id='word_1_170' title='bbox 1671 1212 1724 1269; x_wconf 90' lang='lat' dir='ltr'><strong>per</strong></span> <span class='ocrx_word' id='word_1_171' title='bbox 1740 1197 1925 1269; x_wconf 76' lang='lat' dir='ltr'><strong>paenitentiam</strong></span> 
     </span>
     <span class='ocr_line' id='line_1_13' title="bbox 186 1282 1926 1357; baseline -0.003 -15"><span class='ocrx_word' id='word_1_172' title='bbox 186 1286 296 1342; x_wconf 89' lang='lat' dir='ltr'><strong>bonum</strong></span> <span class='ocrx_word' id='word_1_173' title='bbox 312 1289 356 1341; x_wconf 91' lang='lat' dir='ltr'><strong>ost</strong></span> <span class='ocrx_word' id='word_1_174' title='bbox 368 1290 569 1356; x_wconf 87' lang='lat' dir='ltr'><strong>cognoscatur,</strong></span> <span class='ocrx_word' id='word_1_175' title='bbox 586 1284 724 1357; x_wconf 88' lang='lat' dir='ltr'><strong>quoniam</strong></span> <span class='ocrx_word' id='word_1_176' title='bbox 736 1302 834 1341; x_wconf 90' lang='lat' dir='ltr'><strong>servus</strong></span> <span class='ocrx_word' id='word_1_177' title='bbox 849 1286 967 1344; x_wconf 90' lang='lat' dir='ltr'><strong>domiuo</strong></span> <span class='ocrx_word' id='word_1_178' title='bbox 983 1304 1036 1344; x_wconf 90' lang='lat' dir='ltr'><strong>sue</strong></span> <span class='ocrx_word' id='word_1_179' title='bbox 1089 1285 1265 1356; x_wconf 82' lang='lat' dir='ltr'><strong>excribrans,</strong></span> <span class='ocrx_word' id='word_1_180' title='bbox 1286 1284 1359 1340; x_wconf 91' lang='lat' dir='ltr'><strong>sicut</strong></span> <span class='ocrx_word' id='word_1_181' title='bbox 1385 1283 1527 1339; x_wconf 88' lang='lat' dir='ltr'><strong>hordeum</strong></span> <span class='ocrx_word' id='word_1_182' title='bbox 1555 1298 1574 1339; x_wconf 88' lang='lat' dir='ltr'><strong>a</strong></span> <span class='ocrx_word' id='word_1_183' title='bbox 1600 1283 1695 1339; x_wconf 88' lang='lat' dir='ltr'><strong>tritico</strong></span> <span class='ocrx_word' id='word_1_184' title='bbox 1721 1282 1845 1354; x_wconf 89' lang='lat' dir='ltr'><strong>ejicitur.</strong></span> <span class='ocrx_word' id='word_1_185' title='bbox 1873 1283 1926 1337; x_wconf 85' lang='lat' dir='ltr'><strong>llec</strong></span> 
     </span>
     <span class='ocr_line' id='line_1_14' title="bbox 187 1371 1926 1449; baseline -0.002 -21"><span class='ocrx_word' id='word_1_186' title='bbox 187 1373 331 1443; x_wconf 85' lang='lat' dir='ltr'><strong>subjectus</strong></span> <span class='ocrx_word' id='word_1_187' title='bbox 351 1388 412 1428; x_wconf 90' lang='lat' dir='ltr'><strong>esse</strong></span> <span class='ocrx_word' id='word_1_188' title='bbox 435 1373 530 1429; x_wconf 90' lang='lat' dir='ltr'><strong>debet.</strong></span> <span class='ocrx_word' id='word_1_189' title='bbox 552 1372 699 1429; x_wconf 85' lang='lat' dir='ltr'><strong>Fortitudo</strong></span> <span class='ocrx_word' id='word_1_190' title='bbox 721 1374 798 1431; x_wconf 88' lang='lat' dir='ltr'><strong>enim</strong></span> <span class='ocrx_word' id='word_1_191' title='bbox 819 1376 849 1431; x_wconf 91' lang='lat' dir='ltr'><strong>ln</strong></span> <span class='ocrx_word' id='word_1_192' title='bbox 862 1375 1036 1449; x_wconf 79' lang='lat' dir='ltr'><strong>incoeptione</strong></span> <span class='ocrx_word' id='word_1_193' title='bbox 1089 1375 1196 1430; x_wconf 78' lang='lat' dir='ltr'><strong>animae</strong></span> <span class='ocrx_word' id='word_1_194' title='bbox 1207 1378 1385 1445; x_wconf 88' lang='lat' dir='ltr'><strong>operasunt,</strong></span> <span class='ocrx_word' id='word_1_195' title='bbox 1401 1372 1666 1445; x_wconf 88' lang='lat' dir='ltr'><strong>quoniamquaudo</strong></span> <span class='ocrx_word' id='word_1_196' title='bbox 1680 1371 1733 1427; x_wconf 91' lang='lat' dir='ltr'><strong>illa</strong></span> <span class='ocrx_word' id='word_1_197' title='bbox 1745 1372 1855 1426; x_wconf 91' lang='lat' dir='ltr'><strong>bonum</strong></span> <span class='ocrx_word' id='word_1_198' title='bbox 1870 1387 1926 1441; x_wconf 86' lang='lat' dir='ltr'><strong>ope·</strong></span> 
     </span>
     <span class='ocr_line' id='line_1_15' title="bbox 188 1460 1924 1535; baseline -0.003 -17"><span class='ocrx_word' id='word_1_199' title='bbox 188 1468 217 1518; x_wconf 92' lang='grc' dir='ltr'><strong>ιι</strong></span> <span class='ocrx_word' id='word_1_200' title='bbox 239 1462 269 1519; x_wconf 88' lang='grc' dir='ltr'><strong>ιι</strong></span> <span class='ocrx_word' id='word_1_201' title='bbox 292 1461 403 1519; x_wconf 84' lang='grc' dir='ltr'>ιιιιοιι</span> <span class='ocrx_word' id='word_1_202' title='bbox 434 1462 576 1518; x_wconf 89' lang='lat' dir='ltr'><strong>bonorum</strong></span> <span class='ocrx_word' id='word_1_203' title='bbox 604 1477 725 1535; x_wconf 88' lang='lat' dir='ltr'><strong>operum</strong></span> <span class='ocrx_word' id='word_1_204' title='bbox 752 1464 871 1521; x_wconf 89' lang='lat' dir='ltr'><strong>robusta</strong></span> <span class='ocrx_word' id='word_1_205' title='bbox 901 1464 1034 1533; x_wconf 83' lang='lat' dir='ltr'><strong>existens,</strong></span> <span class='ocrx_word' id='word_1_206' title='bbox 1089 1468 1181 1531; x_wconf 90' lang='lat' dir='ltr'><strong>ratur,</strong></span> <span class='ocrx_word' id='word_1_207' title='bbox 1196 1466 1238 1519; x_wconf 88' lang='lat' dir='ltr'><strong>est</strong></span> <span class='ocrx_word' id='word_1_208' title='bbox 1254 1462 1337 1534; x_wconf 90' lang='lat' dir='ltr'><strong>quasi</strong></span> <span class='ocrx_word' id='word_1_209' title='bbox 1350 1462 1394 1517; x_wconf 90' lang='lat' dir='ltr'><strong>sol</strong></span> <span class='ocrx_word' id='word_1_210' title='bbox 1413 1477 1481 1517; x_wconf 90' lang='lat' dir='ltr'><strong>cum</strong></span> <span class='ocrx_word' id='word_1_211' title='bbox 1499 1461 1529 1517; x_wconf 91' lang='lat' dir='ltr'><strong>in</strong></span> <span class='ocrx_word' id='word_1_212' title='bbox 1544 1461 1666 1517; x_wconf 87' lang='lat' dir='ltr'><strong>meridie</strong></span> <span class='ocrx_word' id='word_1_213' title='bbox 1686 1460 1790 1527; x_wconf 88' lang='lat' dir='ltr'><strong>ardet;</strong></span> <span class='ocrx_word' id='word_1_214' title='bbox 1804 1475 1867 1515; x_wconf 90' lang='lat' dir='ltr'><strong>cum</strong></span> <span class='ocrx_word' id='word_1_215' title='bbox 1883 1476 1924 1513; x_wconf 89' lang='lat' dir='ltr'><strong>au·</strong></span> 
     </span>
     <span class='ocr_line' id='line_1_16' title="bbox 186 1548 1925 1624; baseline -0.002 -17"><span class='ocrx_word' id='word_1_216' title='bbox 186 1556 252 1624; x_wconf 89' lang='lat' dir='ltr'><strong>post</strong></span> <span class='ocrx_word' id='word_1_217' title='bbox 275 1550 498 1622; x_wconf 79' lang='lat' dir='ltr'><strong>completionem</strong></span> <span class='ocrx_word' id='word_1_218' title='bbox 520 1566 623 1607; x_wconf 90' lang='lat' dir='ltr'><strong>sorum</strong></span> <span class='ocrx_word' id='word_1_219' title='bbox 645 1551 677 1608; x_wconf 92' lang='lat' dir='ltr'><strong>in</strong></span> <span class='ocrx_word' id='word_1_220' title='bbox 695 1553 746 1607; x_wconf 93' lang='lat' dir='ltr'><strong>illo</strong></span> <span class='ocrx_word' id='word_1_221' title='bbox 770 1553 847 1608; x_wconf 90' lang='lat' dir='ltr'><strong>mala</strong></span> <span class='ocrx_word' id='word_1_222' title='bbox 870 1553 987 1615; x_wconf 85' lang='lat' dir='ltr'><strong>devitat.</strong></span> <span class='ocrx_word' id='word_1_223' title='bbox 1006 1557 1036 1609; x_wconf 90' lang='grc' dir='ltr'><strong>ιι</strong></span> <span class='ocrx_word' id='word_1_224' title='bbox 1090 1556 1149 1609; x_wconf 89' lang='lat' dir='ltr'><strong>tem</strong></span> <span class='ocrx_word' id='word_1_225' title='bbox 1164 1552 1320 1608; x_wconf 89' lang='lat' dir='ltr'><strong>edmelum</strong></span> <span class='ocrx_word' id='word_1_226' title='bbox 1333 1551 1460 1618; x_wconf 86' lang='lat' dir='ltr'><strong>anhelat,</strong></span> <span class='ocrx_word' id='word_1_227' title='bbox 1472 1554 1516 1605; x_wconf 92' lang='lat' dir='ltr'><strong>est</strong></span> <span class='ocrx_word' id='word_1_228' title='bbox 1529 1550 1609 1606; x_wconf 90' lang='lat' dir='ltr'><strong>velut</strong></span> <span class='ocrx_word' id='word_1_229' title='bbox 1620 1550 1663 1605; x_wconf 89' lang='lat' dir='ltr'><strong>sol</strong></span> <span class='ocrx_word' id='word_1_230' title='bbox 1676 1565 1745 1605; x_wconf 89' lang='lat' dir='ltr'><strong>cum</strong></span> <span class='ocrx_word' id='word_1_231' title='bbox 1762 1548 1798 1605; x_wconf 92' lang='lat' dir='ltr'><strong>ad</strong></span> <span class='ocrx_word' id='word_1_232' title='bbox 1810 1564 1925 1603; x_wconf 83' lang='grc' dir='ltr'>ιιιιιιιι</span> 
     </span>
     <span class='ocr_line' id='line_1_17' title="bbox 186 1618 1925 1716; baseline -0.003 -20"><span class='ocrx_word' id='word_1_233' title='bbox 186 1640 279 1696; x_wconf 86' lang='lat' dir='ltr'><strong>sicud</strong></span> <span class='ocrx_word' id='word_1_234' title='bbox 300 1640 416 1696; x_wconf 90' lang='lat' dir='ltr'><strong>initium</strong></span> <span class='ocrx_word' id='word_1_235' title='bbox 437 1656 522 1697; x_wconf 90' lang='lat' dir='ltr'><strong>suum</strong></span> <span class='ocrx_word' id='word_1_236' title='bbox 542 1641 674 1710; x_wconf 84' lang='lat' dir='ltr'><strong>recurrit,</strong></span> <span class='ocrx_word' id='word_1_237' title='bbox 701 1657 754 1697; x_wconf 90' lang='lat' dir='ltr'><strong>nec</strong></span> <span class='ocrx_word' id='word_1_238' title='bbox 780 1643 891 1699; x_wconf 89' lang='lat' dir='ltr'><strong>malum</strong></span> <span class='ocrx_word' id='word_1_239' title='bbox 914 1642 1034 1716; x_wconf 87' lang='lat' dir='ltr'><strong>appetit,</strong></span> <span class='ocrx_word' id='word_1_240' title='bbox 1056 1618 1230 1701; x_wconf 79' lang='grc' dir='ltr'><strong>Βιιιιιιιιι·Ι</strong></span> <span class='ocrx_word' id='word_1_241' title='bbox 1245 1641 1297 1695; x_wconf 92' lang='lat' dir='ltr'><strong>sed</strong></span> <span class='ocrx_word' id='word_1_242' title='bbox 1317 1655 1383 1695; x_wconf 90' lang='lat' dir='ltr'><strong>cum</strong></span> <span class='ocrx_word' id='word_1_243' title='bbox 1399 1638 1504 1695; x_wconf 91' lang='lat' dir='ltr'><strong>deinde</strong></span> <span class='ocrx_word' id='word_1_244' title='bbox 1518 1653 1570 1711; x_wconf 89' lang='lat' dir='ltr'><strong>per</strong></span> <span class='ocrx_word' id='word_1_245' title='bbox 1583 1637 1787 1711; x_wconf 80' lang='lat' dir='ltr'><strong>paenitentiam</strong></span> <span class='ocrx_word' id='word_1_246' title='bbox 1806 1635 1925 1707; x_wconf 77' lang='lat' dir='ltr'><strong>resurgit,</strong></span> 
     </span>
     <span class='ocr_line' id='line_1_18' title="bbox 188 1727 1924 1802; baseline -0.003 -17"><span class='ocrx_word' id='word_1_247' title='bbox 188 1729 256 1802; x_wconf 92' lang='lat' dir='ltr'><strong>quia</strong></span> <span class='ocrx_word' id='word_1_248' title='bbox 277 1734 336 1785; x_wconf 89' lang='lat' dir='ltr'><strong>tam</strong></span> <span class='ocrx_word' id='word_1_249' title='bbox 353 1729 383 1785; x_wconf 92' lang='lat' dir='ltr'><strong>iu</strong></span> <span class='ocrx_word' id='word_1_250' title='bbox 406 1729 490 1785; x_wconf 91' lang='lat' dir='ltr'><strong>initio</strong></span> <span class='ocrx_word' id='word_1_251' title='bbox 505 1744 593 1802; x_wconf 85' lang='lat' dir='ltr'><strong>quam</strong></span> <span class='ocrx_word' id='word_1_252' title='bbox 619 1729 649 1785; x_wconf 92' lang='lat' dir='ltr'><strong>iu</strong></span> <span class='ocrx_word' id='word_1_253' title='bbox 667 1730 725 1785; x_wconf 91' lang='lat' dir='ltr'><strong>line</strong></span> <span class='ocrx_word' id='word_1_254' title='bbox 740 1731 936 1802; x_wconf 82' lang='lat' dir='ltr'><strong>perversitatis</strong></span> <span class='ocrx_word' id='word_1_255' title='bbox 959 1733 1037 1787; x_wconf 90' lang='lat' dir='ltr'><strong>calor</strong></span> <span class='ocrx_word' id='word_1_256' title='bbox 1090 1733 1134 1785; x_wconf 87' lang='lat' dir='ltr'><strong>cst</strong></span> <span class='ocrx_word' id='word_1_257' title='bbox 1150 1735 1181 1785; x_wconf 89' lang='grc' dir='ltr'><strong>ιι</strong></span> <span class='ocrx_word' id='word_1_258' title='bbox 1201 1729 1244 1784; x_wconf 88' lang='grc' dir='ltr'><strong>ιιι</strong></span> <span class='ocrx_word' id='word_1_259' title='bbox 1267 1744 1334 1783; x_wconf 88' lang='lat' dir='ltr'><strong>cum</strong></span> <span class='ocrx_word' id='word_1_260' title='bbox 1358 1746 1376 1784; x_wconf 90' lang='grc' dir='ltr'><strong>ι</strong></span> <span class='ocrx_word' id='word_1_261' title='bbox 1398 1727 1617 1800; x_wconf 84' lang='lat' dir='ltr'><strong>tempestatibus</strong></span> <span class='ocrx_word' id='word_1_262' title='bbox 1646 1727 1833 1798; x_wconf 83' lang='lat' dir='ltr'><strong>splendorem</strong></span> <span class='ocrx_word' id='word_1_263' title='bbox 1853 1739 1924 1779; x_wconf 87' lang='lat' dir='ltr'><strong>suun</strong></span> 
     </span>
     <span class='ocr_line' id='line_1_19' title="bbox 187 1813 1923 1892; baseline -0.005 -18"><span class='ocrx_word' id='word_1_264' title='bbox 187 1817 309 1890; x_wconf 87' lang='lat' dir='ltr'><strong>Spiritus</strong></span> <span class='ocrx_word' id='word_1_265' title='bbox 323 1817 414 1873; x_wconf 88' lang='lat' dir='ltr'><strong>sancti</strong></span> <span class='ocrx_word' id='word_1_266' title='bbox 437 1833 498 1872; x_wconf 89' lang='lat' dir='ltr'><strong>uon</strong></span> <span class='ocrx_word' id='word_1_267' title='bbox 521 1816 612 1886; x_wconf 88' lang='lat' dir='ltr'><strong>adest,</strong></span> <span class='ocrx_word' id='word_1_268' title='bbox 633 1818 683 1873; x_wconf 90' lang='lat' dir='ltr'><strong>sed</strong></span> <span class='ocrx_word' id='word_1_269' title='bbox 699 1822 800 1890; x_wconf 88' lang='lat' dir='ltr'><strong>torpor</strong></span> <span class='ocrx_word' id='word_1_270' title='bbox 816 1825 846 1876; x_wconf 89' lang='lat' dir='ltr'><strong>et</strong></span> <span class='ocrx_word' id='word_1_271' title='bbox 859 1820 1037 1892; x_wconf 86' lang='lat' dir='ltr'><strong>negligentia</strong></span> <span class='ocrx_word' id='word_1_272' title='bbox 1090 1816 1201 1873; x_wconf 89' lang='lat' dir='ltr'><strong>avertit.</strong></span> <span class='ocrx_word' id='word_1_273' title='bbox 1226 1816 1281 1872; x_wconf 90' lang='lat' dir='ltr'><strong>Sed</strong></span> <span class='ocrx_word' id='word_1_274' title='bbox 1310 1825 1418 1873; x_wconf 86' lang='lat' dir='ltr'><strong>tamem</strong></span> <span class='ocrx_word' id='word_1_275' title='bbox 1441 1832 1509 1871; x_wconf 91' lang='lat' dir='ltr'><strong>cum</strong></span> <span class='ocrx_word' id='word_1_276' title='bbox 1540 1816 1628 1871; x_wconf 90' lang='lat' dir='ltr'><strong>bomo</strong></span> <span class='ocrx_word' id='word_1_277' title='bbox 1654 1831 1706 1887; x_wconf 89' lang='lat' dir='ltr'><strong>per</strong></span> <span class='ocrx_word' id='word_1_278' title='bbox 1734 1815 1811 1871; x_wconf 87' lang='lat' dir='ltr'><strong>vires</strong></span> <span class='ocrx_word' id='word_1_279' title='bbox 1836 1813 1923 1869; x_wconf 83' lang='lat' dir='ltr'><strong>enine</strong></span> 
     </span>
     <span class='ocr_line' id='line_1_20' title="bbox 186 1903 1921 1981; baseline -0.003 -18"><span class='ocrx_word' id='word_1_280' title='bbox 186 1906 333 1963; x_wconf 89' lang='lat' dir='ltr'><strong>hominem</strong></span> <span class='ocrx_word' id='word_1_281' title='bbox 360 1907 397 1963; x_wconf 88' lang='lat' dir='ltr'><strong>ad</strong></span> <span class='ocrx_word' id='word_1_282' title='bbox 416 1906 517 1962; x_wconf 91' lang='lat' dir='ltr'><strong>nociva</strong></span> <span class='ocrx_word' id='word_1_283' title='bbox 532 1907 711 1979; x_wconf 87' lang='lat' dir='ltr'><strong>pertrahens.</strong></span> <span class='ocrx_word' id='word_1_284' title='bbox 739 1909 793 1965; x_wconf 87' lang='lat' dir='ltr'><strong>Sed</strong></span> <span class='ocrx_word' id='word_1_285' title='bbox 821 1909 870 1964; x_wconf 90' lang='lat' dir='ltr'><strong>ille</strong></span> <span class='ocrx_word' id='word_1_286' title='bbox 899 1909 950 1981; x_wconf 89' lang='lat' dir='ltr'><strong>qui</strong></span> <span class='ocrx_word' id='word_1_287' title='bbox 974 1909 1036 1966; x_wconf 89' lang='lat' dir='ltr'><strong>siue</strong></span> <span class='ocrx_word' id='word_1_288' title='bbox 1090 1904 1200 1973; x_wconf 88' lang='lat' dir='ltr'><strong>crescit,</strong></span> <span class='ocrx_word' id='word_1_289' title='bbox 1220 1904 1300 1960; x_wconf 90' lang='lat' dir='ltr'><strong>venis</strong></span> <span class='ocrx_word' id='word_1_290' title='bbox 1318 1908 1347 1959; x_wconf 92' lang='lat' dir='ltr'><strong>et</strong></span> <span class='ocrx_word' id='word_1_291' title='bbox 1364 1904 1499 1961; x_wconf 88' lang='lat' dir='ltr'><strong>medullis</strong></span> <span class='ocrx_word' id='word_1_292' title='bbox 1521 1905 1581 1959; x_wconf 89' lang='lat' dir='ltr'><strong>suis</strong></span> <span class='ocrx_word' id='word_1_293' title='bbox 1604 1903 1733 1960; x_wconf 90' lang='lat' dir='ltr'><strong>nondum</strong></span> <span class='ocrx_word' id='word_1_294' title='bbox 1750 1903 1872 1975; x_wconf 87' lang='lat' dir='ltr'><strong>impletis</strong></span> <span class='ocrx_word' id='word_1_295' title='bbox 1889 1905 1921 1957; x_wconf 84' lang='lat' dir='ltr'><strong>val</strong></span> 
     </span>
     <span class='ocr_line' id='line_1_21' title="bbox 187 1991 1922 2068; baseline -0.003 -19"><span class='ocrx_word' id='word_1_296' title='bbox 187 1994 387 2066; x_wconf 83' lang='lat' dir='ltr'><strong>principioest</strong></span> <span class='ocrx_word' id='word_1_297' title='bbox 407 1994 506 2050; x_wconf 90' lang='lat' dir='ltr'><strong>lumen</strong></span> <span class='ocrx_word' id='word_1_298' title='bbox 519 1994 574 2050; x_wconf 91' lang='lat' dir='ltr'><strong>boc</strong></span> <span class='ocrx_word' id='word_1_299' title='bbox 594 1994 698 2065; x_wconf 82' lang='lat' dir='ltr'><strong>existit,</strong></span> <span class='ocrx_word' id='word_1_300' title='bbox 722 1996 799 2068; x_wconf 92' lang='lat' dir='ltr'><strong>quod</strong></span> <span class='ocrx_word' id='word_1_301' title='bbox 815 1998 913 2055; x_wconf 89' lang='lat' dir='ltr'><strong>omnia</strong></span> <span class='ocrx_word' id='word_1_302' title='bbox 935 1998 1037 2053; x_wconf 90' lang='lat' dir='ltr'><strong>lucen·</strong></span> <span class='ocrx_word' id='word_1_303' title='bbox 1089 1991 1243 2060; x_wconf 86' lang='lat' dir='ltr'><strong>roboratis,</strong></span> <span class='ocrx_word' id='word_1_304' title='bbox 1275 1996 1394 2064; x_wconf 86' lang='lat' dir='ltr'><strong>propter</strong></span> <span class='ocrx_word' id='word_1_305' title='bbox 1415 1991 1642 2048; x_wconf 87' lang='lat' dir='ltr'><strong>teneritudinem</strong></span> <span class='ocrx_word' id='word_1_306' title='bbox 1666 1992 1799 2065; x_wconf 84' lang='lat' dir='ltr'><strong>corporis</strong></span> <span class='ocrx_word' id='word_1_307' title='bbox 1818 2007 1850 2047; x_wconf 88' lang='lat' dir='ltr'><strong>aa</strong></span> <span class='ocrx_word' id='word_1_308' title='bbox 1869 2004 1922 2061; x_wconf 84' lang='lat' dir='ltr'><strong>que</strong></span> 
     </span>
     <span class='ocr_line' id='line_1_22' title="bbox 188 2078 1922 2153; baseline 0.004 -16"><span class='ocrx_word' id='word_1_309' title='bbox 188 2082 229 2137; x_wconf 87' lang='lat' dir='ltr'><strong>tie</strong></span> <span class='ocrx_word' id='word_1_310' title='bbox 253 2082 384 2138; x_wconf 87' lang='lat' dir='ltr'><strong>incendit</strong></span> <span class='ocrx_word' id='word_1_311' title='bbox 405 2086 434 2138; x_wconf 91' lang='lat' dir='ltr'><strong>et</strong></span> <span class='ocrx_word' id='word_1_312' title='bbox 449 2098 551 2138; x_wconf 89' lang='lat' dir='ltr'><strong>ornnes</strong></span> <span class='ocrx_word' id='word_1_313' title='bbox 574 2082 761 2139; x_wconf 81' lang='lat' dir='ltr'><strong>adversitates</strong></span> <span class='ocrx_word' id='word_1_314' title='bbox 780 2086 965 2142; x_wconf 87' lang='lat' dir='ltr'><strong>tenebrarum</strong></span> <span class='ocrx_word' id='word_1_315' title='bbox 984 2087 1037 2143; x_wconf 90' lang='lat' dir='ltr'><strong>de·</strong></span> <span class='ocrx_word' id='word_1_316' title='bbox 1089 2081 1298 2138; x_wconf 67' lang='lat' dir='ltr'><strong>coelestinum</strong></span> <span class='ocrx_word' id='word_1_317' title='bbox 1317 2081 1448 2138; x_wconf 80' lang='lat' dir='ltr'><strong>nondum</strong></span> <span class='ocrx_word' id='word_1_318' title='bbox 1462 2096 1634 2153; x_wconf 62' lang='lat' dir='ltr'><strong>cognoscum</strong></span> <span class='ocrx_word' id='word_1_319' title='bbox 1647 2085 1755 2153; x_wconf 69' lang='lat' dir='ltr'><strong>potest,</strong></span> <span class='ocrx_word' id='word_1_320' title='bbox 1776 2096 1828 2136; x_wconf 78' lang='lat'><strong>1100</strong></span> <span class='ocrx_word' id='word_1_321' title='bbox 1851 2078 1922 2133; x_wconf 66' lang='lat' dir='ltr'><strong>efitffl</strong></span> 
     </span>
     <span class='ocr_line' id='line_1_23' title="bbox 188 2169 1921 2243; baseline -0.003 -18"><span class='ocrx_word' id='word_1_322' title='bbox 188 2171 269 2241; x_wconf 88' lang='lat' dir='ltr'><strong>pellit</strong></span> <span class='ocrx_word' id='word_1_323' title='bbox 289 2170 428 2243; x_wconf 90' lang='lat' dir='ltr'><strong>quoniam</strong></span> <span class='ocrx_word' id='word_1_324' title='bbox 452 2170 488 2225; x_wconf 89' lang='lat' dir='ltr'><strong>ab</strong></span> <span class='ocrx_word' id='word_1_325' title='bbox 510 2170 579 2242; x_wconf 88' lang='lat' dir='ltr'><strong>ipsis</strong></span> <span class='ocrx_word' id='word_1_326' title='bbox 602 2172 789 2228; x_wconf 84' lang='lat' dir='ltr'><strong>exterminari</strong></span> <span class='ocrx_word' id='word_1_327' title='bbox 812 2188 872 2229; x_wconf 91' lang='lat' dir='ltr'><strong>nou</strong></span> <span class='ocrx_word' id='word_1_328' title='bbox 894 2174 977 2229; x_wconf 89' lang='lat' dir='ltr'><strong>valet.</strong></span> <span class='ocrx_word' id='word_1_329' title='bbox 1004 2175 1037 2229; x_wconf 82' lang='lat' dir='ltr'><strong>Et</strong></span> <span class='ocrx_word' id='word_1_330' title='bbox 1089 2186 1189 2243; x_wconf 85' lang='lat' dir='ltr'><strong>poenas</strong></span> <span class='ocrx_word' id='word_1_331' title='bbox 1204 2169 1359 2225; x_wconf 83' lang='lat' dir='ltr'><strong>internatas</strong></span> <span class='ocrx_word' id='word_1_332' title='bbox 1371 2170 1534 2227; x_wconf 88' lang='lat' dir='ltr'><strong>discernere</strong></span> <span class='ocrx_word' id='word_1_333' title='bbox 1550 2170 1635 2240; x_wconf 87' lang='lat' dir='ltr'><strong>valet,</strong></span> <span class='ocrx_word' id='word_1_334' title='bbox 1654 2170 1724 2242; x_wconf 90' lang='lat' dir='ltr'><strong>qnia</strong></span> <span class='ocrx_word' id='word_1_335' title='bbox 1739 2185 1841 2239; x_wconf 81' lang='lat' dir='ltr'><strong>corpus</strong></span> <span class='ocrx_word' id='word_1_336' title='bbox 1851 2180 1921 2221; x_wconf 85' lang='lat' dir='ltr'><strong>sunu</strong></span> 
     </span>
     <span class='ocr_line' id='line_1_24' title="bbox 188 2255 1921 2335; baseline -0.005 -20"><span class='ocrx_word' id='word_1_337' title='bbox 188 2264 221 2315; x_wconf 90' lang='lat' dir='ltr'><strong>ut</strong></span> <span class='ocrx_word' id='word_1_338' title='bbox 244 2258 337 2315; x_wconf 87' lang='lat' dir='ltr'><strong>tidelis</strong></span> <span class='ocrx_word' id='word_1_339' title='bbox 358 2260 445 2314; x_wconf 92' lang='lat' dir='ltr'><strong>bomo</strong></span> <span class='ocrx_word' id='word_1_340' title='bbox 466 2274 483 2313; x_wconf 88' lang='lat' dir='ltr'><strong>a</strong></span> <span class='ocrx_word' id='word_1_341' title='bbox 509 2258 568 2315; x_wconf 84' lang='lat' dir='ltr'><strong>Deo</strong></span> <span class='ocrx_word' id='word_1_342' title='bbox 596 2260 717 2331; x_wconf 87' lang='lat' dir='ltr'><strong>regitur,</strong></span> <span class='ocrx_word' id='word_1_343' title='bbox 742 2266 771 2317; x_wconf 91' lang='lat' dir='ltr'><strong>et</strong></span> <span class='ocrx_word' id='word_1_344' title='bbox 794 2262 867 2319; x_wconf 91' lang='lat' dir='ltr'><strong>sicut</strong></span> <span class='ocrx_word' id='word_1_345' title='bbox 886 2277 1037 2335; x_wconf 87' lang='lat' dir='ltr'><strong>perversus</strong></span> <span class='ocrx_word' id='word_1_346' title='bbox 1089 2259 1126 2316; x_wconf 88' lang='lat' dir='ltr'><strong>ad</strong></span> <span class='ocrx_word' id='word_1_347' title='bbox 1139 2259 1345 2332; x_wconf 86' lang='lat' dir='ltr'><strong>perlectionem</strong></span> <span class='ocrx_word' id='word_1_348' title='bbox 1359 2258 1490 2315; x_wconf 88' lang='lat' dir='ltr'><strong>noudum</strong></span> <span class='ocrx_word' id='word_1_349' title='bbox 1505 2263 1655 2315; x_wconf 82' lang='lat' dir='ltr'><strong>excoctum</strong></span> <span class='ocrx_word' id='word_1_350' title='bbox 1672 2262 1734 2329; x_wconf 87' lang='lat' dir='ltr'><strong>est;</strong></span> <span class='ocrx_word' id='word_1_351' title='bbox 1758 2258 1834 2314; x_wconf 90' lang='lat' dir='ltr'><strong>unde</strong></span> <span class='ocrx_word' id='word_1_352' title='bbox 1851 2255 1921 2311; x_wconf 88' lang='lat' dir='ltr'><strong>elien</strong></span> 
     </span>
     <span class='ocr_line' id='line_1_25' title="bbox 189 2343 1922 2422; baseline -0.004 -19"><span class='ocrx_word' id='word_1_353' title='bbox 189 2348 273 2404; x_wconf 91' lang='lat' dir='ltr'><strong>nbeo</strong></span> <span class='ocrx_word' id='word_1_354' title='bbox 296 2348 444 2412; x_wconf 82' lang='lat' dir='ltr'><strong>alienatur.</strong></span> <span class='ocrx_word' id='word_1_355' title='bbox 460 2346 542 2403; x_wconf 90' lang='lat' dir='ltr'><strong>itaet</strong></span> <span class='ocrx_word' id='word_1_356' title='bbox 560 2347 592 2404; x_wconf 91' lang='lat' dir='ltr'><strong>in</strong></span> <span class='ocrx_word' id='word_1_357' title='bbox 607 2348 722 2405; x_wconf 89' lang='lat' dir='ltr'><strong>homine</strong></span> <span class='ocrx_word' id='word_1_358' title='bbox 742 2350 879 2422; x_wconf 76' lang='lat' dir='ltr'><strong>quelibet</strong></span> <span class='ocrx_word' id='word_1_359' title='bbox 895 2352 1036 2407; x_wconf 86' lang='lat' dir='ltr'><strong>elementa</strong></span> <span class='ocrx_word' id='word_1_360' title='bbox 1089 2348 1187 2403; x_wconf 88' lang='lat' dir='ltr'><strong>anima</strong></span> <span class='ocrx_word' id='word_1_361' title='bbox 1209 2363 1276 2403; x_wconf 90' lang='lat' dir='ltr'><strong>cum</strong></span> <span class='ocrx_word' id='word_1_362' title='bbox 1307 2363 1373 2403; x_wconf 83' lang='lat' dir='ltr'><strong>vase</strong></span> <span class='ocrx_word' id='word_1_363' title='bbox 1396 2363 1449 2403; x_wconf 90' lang='lat' dir='ltr'><strong>suo</strong></span> <span class='ocrx_word' id='word_1_364' title='bbox 1484 2352 1554 2403; x_wconf 89' lang='lat' dir='ltr'><strong>tunc</strong></span> <span class='ocrx_word' id='word_1_365' title='bbox 1576 2351 1667 2415; x_wconf 86' lang='lat' dir='ltr'><strong>vacat,</strong></span> <span class='ocrx_word' id='word_1_366' title='bbox 1697 2346 1835 2420; x_wconf 88' lang='lat' dir='ltr'><strong>quoniam</strong></span> <span class='ocrx_word' id='word_1_367' title='bbox 1859 2343 1922 2398; x_wconf 86' lang='lat' dir='ltr'><strong>idem</strong></span> 
     </span>
     <span class='ocr_line' id='line_1_26' title="bbox 192 2433 1922 2512; baseline -0.006 -21"><span class='ocrx_word' id='word_1_368' title='bbox 192 2438 324 2493; x_wconf 85' lang='lat' dir='ltr'><strong>ordinata</strong></span> <span class='ocrx_word' id='word_1_369' title='bbox 349 2436 484 2493; x_wconf 88' lang='lat' dir='ltr'><strong>distincta</strong></span> <span class='ocrx_word' id='word_1_370' title='bbox 506 2442 581 2491; x_wconf 89' lang='lat' dir='ltr'><strong>sunt.</strong></span> <span class='ocrx_word' id='word_1_371' title='bbox 597 2438 702 2493; x_wconf 80' lang='lat' dir='ltr'><strong>Anima</strong></span> <span class='ocrx_word' id='word_1_372' title='bbox 723 2454 840 2511; x_wconf 88' lang='lat' dir='ltr'><strong>quoque</strong></span> <span class='ocrx_word' id='word_1_373' title='bbox 859 2440 940 2495; x_wconf 89' lang='lat' dir='ltr'><strong>velut</strong></span> <span class='ocrx_word' id='word_1_374' title='bbox 960 2438 1037 2512; x_wconf 89' lang='lat' dir='ltr'><strong>iguis</strong></span> <span class='ocrx_word' id='word_1_375' title='bbox 1090 2438 1178 2492; x_wconf 86' lang='lat' dir='ltr'><strong>lsomo</strong></span> <span class='ocrx_word' id='word_1_376' title='bbox 1194 2435 1331 2492; x_wconf 88' lang='lat' dir='ltr'><strong>timorem</strong></span> <span class='ocrx_word' id='word_1_377' title='bbox 1353 2440 1422 2491; x_wconf 92' lang='lat' dir='ltr'><strong>tunc</strong></span> <span class='ocrx_word' id='word_1_378' title='bbox 1443 2451 1503 2491; x_wconf 93' lang='lat' dir='ltr'><strong>non</strong></span> <span class='ocrx_word' id='word_1_379' title='bbox 1525 2435 1623 2505; x_wconf 90' lang='lat' dir='ltr'><strong>babet,</strong></span> <span class='ocrx_word' id='word_1_380' title='bbox 1644 2433 1883 2508; x_wconf 87' lang='lat' dir='ltr'><strong>quemadmodum</strong></span> <span class='ocrx_word' id='word_1_381' title='bbox 1900 2434 1922 2482; x_wconf 88' lang='lat' dir='ltr'><strong>et</strong></span> 
     </span>
     <span class='ocr_line' id='line_1_27' title="bbox 190 2521 1922 2600; baseline -0.005 -19"><span class='ocrx_word' id='word_1_382' title='bbox 190 2530 321 2599; x_wconf 88' lang='lat' dir='ltr'><strong>apparet,</strong></span> <span class='ocrx_word' id='word_1_383' title='bbox 347 2526 396 2582; x_wconf 90' lang='lat' dir='ltr'><strong>sed</strong></span> <span class='ocrx_word' id='word_1_384' title='bbox 420 2525 599 2583; x_wconf 88' lang='lat' dir='ltr'><strong>rationalitas</strong></span> <span class='ocrx_word' id='word_1_385' title='bbox 617 2526 648 2581; x_wconf 92' lang='lat' dir='ltr'><strong>iu</strong></span> <span class='ocrx_word' id='word_1_386' title='bbox 670 2526 733 2599; x_wconf 88' lang='lat' dir='ltr'><strong>ipsa</strong></span> <span class='ocrx_word' id='word_1_387' title='bbox 752 2527 836 2600; x_wconf 89' lang='lat' dir='ltr'><strong>quasi</strong></span> <span class='ocrx_word' id='word_1_388' title='bbox 858 2528 959 2583; x_wconf 88' lang='lat' dir='ltr'><strong>lumen</strong></span> <span class='ocrx_word' id='word_1_389' title='bbox 980 2531 1035 2595; x_wconf 87' lang='lat' dir='ltr'><strong>cst,</strong></span> <span class='ocrx_word' id='word_1_390' title='bbox 1089 2524 1222 2581; x_wconf 83' lang='lat' dir='ltr'><strong>homines</strong></span> <span class='ocrx_word' id='word_1_391' title='bbox 1245 2525 1277 2579; x_wconf 91' lang='lat' dir='ltr'><strong>in</strong></span> <span class='ocrx_word' id='word_1_392' title='bbox 1299 2524 1395 2595; x_wconf 89' lang='lat' dir='ltr'><strong>prims</strong></span> <span class='ocrx_word' id='word_1_393' title='bbox 1417 2530 1501 2581; x_wconf 75' lang='lat' dir='ltr'><strong>aetate</strong></span> <span class='ocrx_word' id='word_1_394' title='bbox 1524 2524 1626 2580; x_wconf 89' lang='lat' dir='ltr'><strong>mundi</strong></span> <span class='ocrx_word' id='word_1_395' title='bbox 1644 2527 1749 2581; x_wconf 91' lang='lat' dir='ltr'><strong>timore</strong></span> <span class='ocrx_word' id='word_1_396' title='bbox 1769 2521 1840 2594; x_wconf 91' lang='lat' dir='ltr'><strong>legis</strong></span> <span class='ocrx_word' id='word_1_397' title='bbox 1860 2532 1922 2574; x_wconf 82' lang='lat' dir='ltr'><strong>care</strong></span> 
     </span>
     <span class='ocr_line' id='line_1_28' title="bbox 187 2611 1922 2688; baseline -0.007 -17"><span class='ocrx_word' id='word_1_398' title='bbox 187 2621 217 2671; x_wconf 91' lang='lat' dir='ltr'><strong>et</strong></span> <span class='ocrx_word' id='word_1_399' title='bbox 241 2615 433 2671; x_wconf 87' lang='lat' dir='ltr'><strong>rationalitate</strong></span> <span class='ocrx_word' id='word_1_400' title='bbox 458 2631 523 2687; x_wconf 85' lang='lat' dir='ltr'><strong>quae</strong></span> <span class='ocrx_word' id='word_1_401' title='bbox 547 2614 641 2671; x_wconf 91' lang='lat' dir='ltr'><strong>lucida</strong></span> <span class='ocrx_word' id='word_1_402' title='bbox 659 2620 712 2684; x_wconf 89' lang='lat' dir='ltr'><strong>est,</strong></span> <span class='ocrx_word' id='word_1_403' title='bbox 733 2616 789 2672; x_wconf 92' lang='lat' dir='ltr'><strong>boc</strong></span> <span class='ocrx_word' id='word_1_404' title='bbox 812 2616 896 2673; x_wconf 89' lang='lat' dir='ltr'><strong>modo</strong></span> <span class='ocrx_word' id='word_1_405' title='bbox 918 2616 1036 2688; x_wconf 79' lang='lat' dir='ltr'><strong>pertun·</strong></span> <span class='ocrx_word' id='word_1_406' title='bbox 1091 2614 1170 2669; x_wconf 88' lang='lat' dir='ltr'><strong>bant.</strong></span> <span class='ocrx_word' id='word_1_407' title='bbox 1186 2614 1219 2669; x_wconf 93' lang='lat' dir='ltr'><strong>lu</strong></span> <span class='ocrx_word' id='word_1_408' title='bbox 1241 2613 1328 2685; x_wconf 88' lang='lat' dir='ltr'><strong>plena</strong></span> <span class='ocrx_word' id='word_1_409' title='bbox 1342 2627 1411 2668; x_wconf 90' lang='lat' dir='ltr'><strong>vero</strong></span> <span class='ocrx_word' id='word_1_410' title='bbox 1426 2615 1510 2667; x_wconf 76' lang='lat' dir='ltr'><strong>atate</strong></span> <span class='ocrx_word' id='word_1_411' title='bbox 1523 2611 1652 2667; x_wconf 85' lang='lat' dir='ltr'><strong>bominis</strong></span> <span class='ocrx_word' id='word_1_412' title='bbox 1670 2611 1773 2667; x_wconf 92' lang='lat' dir='ltr'><strong>anima</strong></span> <span class='ocrx_word' id='word_1_413' title='bbox 1790 2625 1853 2665; x_wconf 91' lang='lat' dir='ltr'><strong>cum</strong></span> <span class='ocrx_word' id='word_1_414' title='bbox 1868 2620 1922 2660; x_wconf 84' lang='lat' dir='ltr'><strong>cos·</strong></span> 
     </span>
     <span class='ocr_line' id='line_1_29' title="bbox 189 2692 1921 2777; baseline -0.002 -18"><span class='ocrx_word' id='word_1_415' title='bbox 189 2703 279 2772; x_wconf 89' lang='lat' dir='ltr'><strong>ditur,</strong></span> <span class='ocrx_word' id='word_1_416' title='bbox 313 2703 558 2777; x_wconf 88' lang='lat' dir='ltr'><strong>quemadmodum</strong></span> <span class='ocrx_word' id='word_1_417' title='bbox 593 2704 718 2761; x_wconf 89' lang='lat' dir='ltr'><strong>muudus</strong></span> <span class='ocrx_word' id='word_1_418' title='bbox 749 2705 807 2759; x_wconf 90' lang='lat' dir='ltr'><strong>sole</strong></span> <span class='ocrx_word' id='word_1_419' title='bbox 843 2704 1036 2776; x_wconf 87' lang='lat' dir='ltr'><strong>illuminatur,</strong></span> <span class='ocrx_word' id='word_1_420' title='bbox 1089 2701 1337 2774; x_wconf 86' lang='lat' dir='ltr'><strong>pareroberatur,</strong></span> <span class='ocrx_word' id='word_1_421' title='bbox 1357 2700 1489 2772; x_wconf 90' lang='lat' dir='ltr'><strong>illudque</strong></span> <span class='ocrx_word' id='word_1_422' title='bbox 1508 2700 1587 2756; x_wconf 90' lang='lat' dir='ltr'><strong>bona</strong></span> <span class='ocrx_word' id='word_1_423' title='bbox 1612 2716 1702 2772; x_wconf 87' lang='lat' dir='ltr'><strong>opera</strong></span> <span class='ocrx_word' id='word_1_424' title='bbox 1727 2701 1824 2756; x_wconf 80' lang='lat' dir='ltr'><strong>lacere</strong></span> <span class='ocrx_word' id='word_1_425' title='bbox 1844 2692 1921 2765; x_wconf 67' lang='lat' dir='ltr'><strong>sagitt</strong></span> 
     </span>
     <span class='ocr_line' id='line_1_30' title="bbox 189 2787 1921 2863; baseline -0.006 -16"><span class='ocrx_word' id='word_1_426' title='bbox 189 2791 258 2863; x_wconf 88' lang='lat' dir='ltr'><strong>quia</strong></span> <span class='ocrx_word' id='word_1_427' title='bbox 272 2806 324 2862; x_wconf 87' lang='lat' dir='ltr'><strong>per</strong></span> <span class='ocrx_word' id='word_1_428' title='bbox 339 2790 563 2847; x_wconf 83' lang='lat' dir='ltr'><strong>rationalitatem</strong></span> <span class='ocrx_word' id='word_1_429' title='bbox 582 2790 680 2847; x_wconf 89' lang='lat' dir='ltr'><strong>omnia</strong></span> <span class='ocrx_word' id='word_1_430' title='bbox 694 2806 781 2862; x_wconf 88' lang='lat' dir='ltr'><strong>opera</strong></span> <span class='ocrx_word' id='word_1_431' title='bbox 794 2806 859 2863; x_wconf 75' lang='grc' dir='ltr'><strong>ιιι</strong></span> <span class='ocrx_word' id='word_1_432' title='bbox 873 2791 905 2846; x_wconf 85' lang='grc' dir='ltr'><strong>ιι</strong></span> <span class='ocrx_word' id='word_1_433' title='bbox 919 2790 1037 2847; x_wconf 88' lang='lat' dir='ltr'><strong>bomine</strong></span> <span class='ocrx_word' id='word_1_434' title='bbox 1090 2791 1140 2847; x_wconf 88' lang='lat' dir='ltr'><strong>sed</strong></span> <span class='ocrx_word' id='word_1_435' title='bbox 1162 2806 1267 2863; x_wconf 90' lang='lat' dir='ltr'><strong>corpus</strong></span> <span class='ocrx_word' id='word_1_436' title='bbox 1294 2806 1311 2845; x_wconf 92' lang='lat' dir='ltr'><strong>a</strong></span> <span class='ocrx_word' id='word_1_437' title='bbox 1333 2790 1482 2845; x_wconf 87' lang='lat' dir='ltr'><strong>voluntate</strong></span> <span class='ocrx_word' id='word_1_438' title='bbox 1501 2788 1593 2861; x_wconf 90' lang='lat' dir='ltr'><strong>ipsius</strong></span> <span class='ocrx_word' id='word_1_439' title='bbox 1614 2789 1752 2859; x_wconf 89' lang='lat' dir='ltr'><strong>declinat,</strong></span> <span class='ocrx_word' id='word_1_440' title='bbox 1778 2787 1847 2842; x_wconf 90' lang='lat' dir='ltr'><strong>vires</strong></span> <span class='ocrx_word' id='word_1_441' title='bbox 1869 2795 1921 2837; x_wconf 75' lang='lat' dir='ltr'><strong>suas</strong></span> 
     </span>
     <span class='ocr_line' id='line_1_31' title="bbox 188 2872 1922 2957; baseline -0.003 -23"><span class='ocrx_word' id='word_1_442' title='bbox 188 2884 333 2951; x_wconf 90' lang='lat' dir='ltr'><strong>operatur,</strong></span> <span class='ocrx_word' id='word_1_443' title='bbox 358 2879 497 2952; x_wconf 72' lang='lat' dir='ltr'><strong>praevidet</strong></span> <span class='ocrx_word' id='word_1_444' title='bbox 516 2884 546 2933; x_wconf 92' lang='lat' dir='ltr'><strong>et</strong></span> <span class='ocrx_word' id='word_1_445' title='bbox 563 2878 717 2950; x_wconf 86' lang='lat' dir='ltr'><strong>cognoscit.</strong></span> <span class='ocrx_word' id='word_1_446' title='bbox 743 2881 835 2936; x_wconf 88' lang='lat' dir='ltr'><strong>llomo</strong></span> <span class='ocrx_word' id='word_1_447' title='bbox 855 2880 963 2951; x_wconf 89' lang='lat' dir='ltr'><strong>quippe</strong></span> <span class='ocrx_word' id='word_1_448' title='bbox 982 2896 1036 2951; x_wconf 90' lang='lat' dir='ltr'><strong>gu·</strong></span> <span class='ocrx_word' id='word_1_449' title='bbox 1054 2902 1076 2957; x_wconf 71' lang='lat' dir='ltr'><strong>c</strong></span> <span class='ocrx_word' id='word_1_450' title='bbox 1091 2880 1251 2937; x_wconf 88' lang='lat' dir='ltr'><strong>secundum</strong></span> <span class='ocrx_word' id='word_1_451' title='bbox 1278 2878 1526 2950; x_wconf 83' lang='lat' dir='ltr'><strong>concupiscentias</strong></span> <span class='ocrx_word' id='word_1_452' title='bbox 1549 2877 1644 2934; x_wconf 92' lang='lat' dir='ltr'><strong>caruis</strong></span> <span class='ocrx_word' id='word_1_453' title='bbox 1665 2894 1812 2945; x_wconf 83' lang='lat' dir='ltr'><strong>exerceas,</strong></span> <span class='ocrx_word' id='word_1_454' title='bbox 1834 2877 1860 2929; x_wconf 86' lang='lat' dir='ltr'><strong>et</strong></span> <span class='ocrx_word' id='word_1_455' title='bbox 1879 2872 1922 2927; x_wconf 75' lang='lat' dir='ltr'><strong>bae</strong></span> 
     </span>
     <span class='ocr_line' id='line_1_32' title="bbox 189 2959 1920 3042; baseline -0.005 -19"><span class='ocrx_word' id='word_1_456' title='bbox 189 2974 265 3024; x_wconf 87' lang='lat' dir='ltr'><strong>stum</strong></span> <span class='ocrx_word' id='word_1_457' title='bbox 288 2972 316 3023; x_wconf 92' lang='grc' dir='ltr'><strong>ιι</strong></span> <span class='ocrx_word' id='word_1_458' title='bbox 330 2967 504 3025; x_wconf 89' lang='lat' dir='ltr'><strong>desiderium</strong></span> <span class='ocrx_word' id='word_1_459' title='bbox 524 2967 555 3022; x_wconf 92' lang='lat' dir='ltr'><strong>iu</strong></span> <span class='ocrx_word' id='word_1_460' title='bbox 569 2983 599 3023; x_wconf 89' lang='lat' dir='ltr'><strong>se</strong></span> <span class='ocrx_word' id='word_1_461' title='bbox 613 2966 709 3034; x_wconf 86' lang='lat' dir='ltr'><strong>babet,</strong></span> <span class='ocrx_word' id='word_1_462' title='bbox 730 2971 817 3039; x_wconf 90' lang='lat' dir='ltr'><strong>atque</strong></span> <span class='ocrx_word' id='word_1_463' title='bbox 834 2983 887 3039; x_wconf 92' lang='lat' dir='ltr'><strong>per</strong></span> <span class='ocrx_word' id='word_1_464' title='bbox 900 2967 962 3023; x_wconf 84' lang='lat' dir='ltr'><strong>baec</strong></span> <span class='ocrx_word' id='word_1_465' title='bbox 975 2969 1034 3023; x_wconf 92' lang='lat' dir='ltr'><strong>duo</strong></span> <span class='ocrx_word' id='word_1_466' title='bbox 1089 2968 1219 3042; x_wconf 91' lang='lat' dir='ltr'><strong>quandiu</strong></span> <span class='ocrx_word' id='word_1_467' title='bbox 1242 2967 1312 3023; x_wconf 88' lang='lat' dir='ltr'><strong>vivit</strong></span> <span class='ocrx_word' id='word_1_468' title='bbox 1334 2966 1427 3023; x_wconf 86' lang='lat' dir='ltr'><strong>lacere</strong></span> <span class='ocrx_word' id='word_1_469' title='bbox 1452 2966 1567 3039; x_wconf 88' lang='lat' dir='ltr'><strong>satagit,</strong></span> <span class='ocrx_word' id='word_1_470' title='bbox 1594 2966 1651 3023; x_wconf 87' lang='lat' dir='ltr'><strong>nisi</strong></span> <span class='ocrx_word' id='word_1_471' title='bbox 1668 2982 1721 3038; x_wconf 87' lang='lat' dir='ltr'><strong>per</strong></span> <span class='ocrx_word' id='word_1_472' title='bbox 1741 2959 1920 3039; x_wconf 75' lang='grc' dir='ltr'>ιιιιιιιιιιιιι</span> 
     </span>
     <span class='ocr_line' id='line_1_33' title="bbox 189 3054 1499 3127; baseline 0.002 -18"><span class='ocrx_word' id='word_1_473' title='bbox 189 3055 305 3127; x_wconf 89' lang='lat' dir='ltr'><strong>sanguis</strong></span> <span class='ocrx_word' id='word_1_474' title='bbox 332 3054 362 3109; x_wconf 91' lang='grc' dir='ltr'><strong>ιι</strong></span> <span class='ocrx_word' id='word_1_475' title='bbox 393 3054 473 3109; x_wconf 88' lang='lat' dir='ltr'><strong>vanis</strong></span> <span class='ocrx_word' id='word_1_476' title='bbox 506 3054 597 3125; x_wconf 86' lang='lat' dir='ltr'><strong>ipsius</strong></span> <span class='ocrx_word' id='word_1_477' title='bbox 629 3070 694 3110; x_wconf 90' lang='lat' dir='ltr'><strong>cum</strong></span> <span class='ocrx_word' id='word_1_478' title='bbox 723 3055 817 3110; x_wconf 85' lang='lat' dir='ltr'><strong>calore</strong></span> <span class='ocrx_word' id='word_1_479' title='bbox 841 3055 1035 3111; x_wconf 88' lang='lat' dir='ltr'><strong>medullarum</strong></span> <span class='ocrx_word' id='word_1_480' title='bbox 1088 3057 1196 3113; x_wconf 86' lang='lat' dir='ltr'><strong>viribus</strong></span> <span class='ocrx_word' id='word_1_481' title='bbox 1208 3056 1312 3113; x_wconf 85' lang='lat' dir='ltr'><strong>animae</strong></span> <span class='ocrx_word' id='word_1_482' title='bbox 1328 3055 1499 3112; x_wconf 70' lang='lat' dir='ltr'><strong>refrenetur.</strong></span> 
     </span>
    </p>
   </div>
   <div class='ocr_carea' id='block_1_3' title="bbox 188 3141 1920 3305">
    <p class='ocr_par' dir='ltr' id='par_1_3' title="bbox 188 3141 1920 3305">
     <span class='ocr_line' id='line_1_34' title="bbox 188 3141 1920 3232; baseline 0.003 -34"><span class='ocrx_word' id='word_1_483' title='bbox 188 3147 334 3209; x_wconf 65' lang='lat' dir='ltr'><strong>moretum</strong></span> <span class='ocrx_word' id='word_1_484' title='bbox 358 3146 386 3197; x_wconf 90' lang='grc' dir='ltr'><strong>ιι</strong></span> <span class='ocrx_word' id='word_1_485' title='bbox 400 3141 441 3197; x_wconf 86' lang='grc' dir='ltr'><strong>ιιι</strong></span> <span class='ocrx_word' id='word_1_486' title='bbox 464 3141 541 3210; x_wconf 83' lang='lat' dir='ltr'><strong>idem</strong></span> <span class='ocrx_word' id='word_1_487' title='bbox 563 3141 650 3197; x_wconf 90' lang='lat' dir='ltr'><strong>bomo</strong></span> <span class='ocrx_word' id='word_1_488' title='bbox 675 3148 821 3214; x_wconf 87' lang='lat' dir='ltr'><strong>operatur,</strong></span> <span class='ocrx_word' id='word_1_489' title='bbox 845 3144 1035 3216; x_wconf 87' lang='lat' dir='ltr'><strong>quemadmo-</strong></span> <span class='ocrx_word' id='word_1_490' title='bbox 1089 3163 1163 3232; x_wconf 80' lang='lat' dir='ltr'><strong>Quia</strong></span> <span class='ocrx_word' id='word_1_491' title='bbox 1179 3163 1262 3227; x_wconf 62' lang='lat' dir='ltr'><em>from</em></span> <span class='ocrx_word' id='word_1_492' title='bbox 1276 3161 1353 3219; x_wconf 43' lang='grc' dir='ltr'><strong>,ΜΨ</strong></span> <span class='ocrx_word' id='word_1_493' title='bbox 1370 3161 1517 3217; x_wconf 64' lang='lat' dir='ltr'><strong>,mamm</strong></span> <span class='ocrx_word' id='word_1_494' title='bbox 1536 3164 1565 3217; x_wconf 57' lang='grc' dir='ltr'><strong>ιι</strong></span> <span class='ocrx_word' id='word_1_495' title='bbox 1584 3160 1683 3218; x_wconf 61' lang='lat' dir='ltr'><strong>oculo,</strong></span> <span class='ocrx_word' id='word_1_496' title='bbox 1702 3159 1865 3225; x_wconf 59' lang='lat' dir='ltr'><strong>comem,</strong></span> <span class='ocrx_word' id='word_1_497' title='bbox 1883 3154 1920 3211; x_wconf 73' lang='lat' dir='ltr'><strong>ita</strong></span> 
     </span>
     <span class='ocr_line' id='line_1_35' title="bbox 189 3229 1920 3305; baseline 0 -18"><span class='ocrx_word' id='word_1_498' title='bbox 189 3230 259 3287; x_wconf 88' lang='lat' dir='ltr'><strong>dum</strong></span> <span class='ocrx_word' id='word_1_499' title='bbox 274 3234 336 3285; x_wconf 92' lang='lat' dir='ltr'><strong>rote</strong></span> <span class='ocrx_word' id='word_1_500' title='bbox 350 3246 466 3288; x_wconf 90' lang='lat' dir='ltr'><strong>cursum</strong></span> <span class='ocrx_word' id='word_1_501' title='bbox 487 3246 572 3285; x_wconf 89' lang='lat' dir='ltr'><strong>suum</strong></span> <span class='ocrx_word' id='word_1_502' title='bbox 587 3231 708 3304; x_wconf 83' lang='lat' dir='ltr'><strong>peragit,</strong></span> <span class='ocrx_word' id='word_1_503' title='bbox 725 3247 791 3288; x_wconf 90' lang='lat' dir='ltr'><strong>cum</strong></span> <span class='ocrx_word' id='word_1_504' title='bbox 805 3232 842 3287; x_wconf 89' lang='lat' dir='ltr'><strong>ad</strong></span> <span class='ocrx_word' id='word_1_505' title='bbox 860 3234 1035 3291; x_wconf 90' lang='lat' dir='ltr'><strong>currendum</strong></span> <span class='ocrx_word' id='word_1_506' title='bbox 1124 3233 1309 3304; x_wconf 75' lang='lat' dir='ltr'><strong>infirmitates</strong></span> <span class='ocrx_word' id='word_1_507' title='bbox 1321 3233 1426 3305; x_wconf 76' lang='lat' dir='ltr'><strong>quade</strong></span> <span class='ocrx_word' id='word_1_508' title='bbox 1438 3232 1554 3289; x_wconf 81' lang='lat' dir='ltr'><strong>cerebro</strong></span> <span class='ocrx_word' id='word_1_509' title='bbox 1571 3236 1600 3288; x_wconf 86' lang='lat' dir='ltr'><strong>et</strong></span> <span class='ocrx_word' id='word_1_510' title='bbox 1613 3234 1761 3290; x_wconf 76' lang='lat' dir='ltr'><strong>stomacho</strong></span> <span class='ocrx_word' id='word_1_511' title='bbox 1782 3229 1920 3301; x_wconf 64' lang='grc' dir='ltr'>ιιιιιιιιΨ</span> 
     </span>
    </p>
   </div>
   <div class='ocr_carea' id='block_1_4' title="bbox 188 3296 1918 3500">
    <p class='ocr_par' dir='ltr' id='par_1_4' title="bbox 188 3296 1918 3500">
     <span class='ocr_line' id='line_1_36' title="bbox 188 3296 1918 3431; baseline 0.001 -58"><span class='ocrx_word' id='word_1_512' title='bbox 188 3318 359 3389; x_wconf 87' lang='lat' dir='ltr'><strong>impellitur,</strong></span> <span class='ocrx_word' id='word_1_513' title='bbox 380 3318 519 3390; x_wconf 86' lang='lat' dir='ltr'><strong>quoniam</strong></span> <span class='ocrx_word' id='word_1_514' title='bbox 544 3334 647 3390; x_wconf 90' lang='lat' dir='ltr'><strong>corpus</strong></span> <span class='ocrx_word' id='word_1_515' title='bbox 670 3323 787 3392; x_wconf 89' lang='lat' dir='ltr'><strong>gustem</strong></span> <span class='ocrx_word' id='word_1_516' title='bbox 812 3326 841 3377; x_wconf 91' lang='lat' dir='ltr'><strong>et</strong></span> <span class='ocrx_word' id='word_1_517' title='bbox 859 3321 1035 3377; x_wconf 88' lang='lat' dir='ltr'><strong>desiderium</strong></span> <span class='ocrx_word' id='word_1_518' title='bbox 1122 3306 1236 3431; x_wconf 41' lang='lat' dir='ltr'><strong>wax!</strong></span> <span class='ocrx_word' id='word_1_519' title='bbox 1261 3303 1504 3385; x_wconf 62' lang='lat' dir='ltr'><strong>quemadmllm</strong></span> <span class='ocrx_word' id='word_1_520' title='bbox 1516 3304 1587 3387; x_wconf 51' lang='lat' dir='ltr'><strong>lima,</strong></span> <span class='ocrx_word' id='word_1_521' title='bbox 1604 3320 1714 3375; x_wconf 58' lang='lat' dir='ltr'><strong>⁰⁰9³ae</strong></span> <span class='ocrx_word' id='word_1_522' title='bbox 1727 3305 1762 3359; x_wconf 51' lang='grc' dir='ltr'><strong>(ιθ</strong></span> <span class='ocrx_word' id='word_1_523' title='bbox 1782 3296 1918 3393; x_wconf 47' lang='lat' dir='ltr'><strong>muer&amp;</strong></span> 
     </span>
     <span class='ocr_line' id='line_1_37' title="bbox 1124 3366 1915 3500; baseline -0.005 -68"><span class='ocrx_word' id='word_1_524' title='bbox 1124 3377 1175 3432; x_wconf 82' lang='lat' dir='ltr'><strong>bus</strong></span> <span class='ocrx_word' id='word_1_525' title='bbox 1218 3376 1358 3431; x_wconf 80' lang='lat' dir='ltr'><strong>scendunt</strong></span> <span class='ocrx_word' id='word_1_526' title='bbox 1367 3377 1396 3430; x_wconf 85' lang='grc' dir='ltr'><strong>ιι</strong></span> <span class='ocrx_word' id='word_1_527' title='bbox 1409 3374 1639 3445; x_wconf 81' lang='lat' dir='ltr'><strong>desafcnortdus</strong></span> <span class='ocrx_word' id='word_1_528' title='bbox 1647 3375 1809 3500; x_wconf 47' lang='lat' dir='ltr'><strong>usqimam</strong></span> <span class='ocrx_word' id='word_1_529' title='bbox 1818 3366 1915 3440; x_wconf 62' lang='lat' dir='ltr'><strong>recepti.</strong></span> 
     </span>
    </p>
   </div>
   <div class='ocr_carea' id='block_1_5' title="bbox 189 3405 1918 3587">
    <p class='ocr_par' dir='ltr' id='par_1_5' title="bbox 189 3405 1918 3587">
     <span class='ocr_line' id='line_1_38' title="bbox 189 3405 1917 3519; baseline 0.006 -57"><span class='ocrx_word' id='word_1_530' title='bbox 189 3406 298 3463; x_wconf 88' lang='lat' dir='ltr'><strong>babens</strong></span> <span class='ocrx_word' id='word_1_531' title='bbox 313 3405 438 3507; x_wconf 83' lang='lat' dir='ltr'><strong>animam</strong></span> <span class='ocrx_word' id='word_1_532' title='bbox 460 3408 514 3462; x_wconf 89' lang='lat' dir='ltr'><strong>bac</strong></span> <span class='ocrx_word' id='word_1_533' title='bbox 538 3411 566 3461; x_wconf 91' lang='lat' dir='ltr'><strong>et</strong></span> <span class='ocrx_word' id='word_1_534' title='bbox 584 3408 648 3508; x_wconf 81' lang='lat' dir='ltr'><strong>illac</strong></span> <span class='ocrx_word' id='word_1_535' title='bbox 662 3407 797 3499; x_wconf 79' lang='lat' dir='ltr'><strong>impellit,</strong></span> <span class='ocrx_word' id='word_1_536' title='bbox 815 3410 856 3464; x_wconf 88' lang='lat' dir='ltr'><strong>ila</strong></span> <span class='ocrx_word' id='word_1_537' title='bbox 878 3414 912 3466; x_wconf 90' lang='lat' dir='ltr'><strong>ut</strong></span> <span class='ocrx_word' id='word_1_538' title='bbox 933 3426 1036 3509; x_wconf 82' lang='lat' dir='ltr'><strong>secun·</strong></span> <span class='ocrx_word' id='word_1_539' title='bbox 1123 3454 1153 3503; x_wconf 59' lang='lat' dir='ltr'><strong>e,</strong></span> <span class='ocrx_word' id='word_1_540' title='bbox 1166 3447 1241 3519; x_wconf 59' lang='lat' dir='ltr'><strong>quod</strong></span> <span class='ocrx_word' id='word_1_541' title='bbox 1253 3444 1392 3502; x_wconf 43' lang='lat' dir='ltr'><strong><em>ocull-alb</em></strong></span> <span class='ocrx_word' id='word_1_542' title='bbox 1435 3444 1441 3456; x_wconf 91' lang='lat'>·</span> <span class='ocrx_word' id='word_1_543' title='bbox 1486 3445 1684 3518; x_wconf 49' lang='lat' dir='ltr'><strong>emmam„</strong></span> <span class='ocrx_word' id='word_1_544' title='bbox 1711 3450 1917 3518; x_wconf 56' lang='lat' dir='ltr'><strong>mmm,</strong></span> 
     </span>
     <span class='ocr_line' id='line_1_39' title="bbox 189 3495 1918 3587; baseline 0.014 -37"><span class='ocrx_word' id='word_1_545' title='bbox 189 3496 259 3550; x_wconf 90' lang='lat' dir='ltr'><strong>dum</strong></span> <span class='ocrx_word' id='word_1_546' title='bbox 286 3495 399 3551; x_wconf 88' lang='lat' dir='ltr'><strong>eosdem</strong></span> <span class='ocrx_word' id='word_1_547' title='bbox 426 3496 570 3568; x_wconf 80' lang='lat' dir='ltr'><strong>impulsus</strong></span> <span class='ocrx_word' id='word_1_548' title='bbox 594 3496 644 3553; x_wconf 81' lang='lat' dir='ltr'><strong>illa</strong></span> <span class='ocrx_word' id='word_1_549' title='bbox 666 3514 779 3570; x_wconf 89' lang='lat' dir='ltr'><strong>gressus</strong></span> <span class='ocrx_word' id='word_1_550' title='bbox 799 3514 867 3555; x_wconf 89' lang='lat' dir='ltr'><strong>suos</strong></span> <span class='ocrx_word' id='word_1_551' title='bbox 887 3500 1036 3557; x_wconf 80' lang='lat' dir='ltr'><strong>multoties</strong></span> <span class='ocrx_word' id='word_1_552' title='bbox 1122 3534 1188 3574; x_wconf 66' lang='lat' dir='ltr'><strong>,pm</strong></span> <span class='ocrx_word' id='word_1_553' title='bbox 1200 3518 1342 3581; x_wconf 54' lang='lat' dir='ltr'><strong>euperem,</strong></span> <span class='ocrx_word' id='word_1_554' title='bbox 1357 3520 1401 3572; x_wconf 73' lang='lat' dir='ltr'><strong>ste</strong></span> <span class='ocrx_word' id='word_1_555' title='bbox 1480 3519 1508 3573; x_wconf 86' lang='lat' dir='ltr'><strong>et</strong></span> <span class='ocrx_word' id='word_1_556' title='bbox 1522 3532 1659 3587; x_wconf 81' lang='lat' dir='ltr'><strong>euperem</strong></span> <span class='ocrx_word' id='word_1_557' title='bbox 1676 3508 1918 3586; x_wconf 57' lang='lat' dir='ltr'><strong>daaubjuoenltw</strong></span> 
     </span>
    </p>
   </div>
   <div class='ocr_carea' id='block_1_6' title="bbox 189 3576 1917 3662">
    <p class='ocr_par' dir='ltr' id='par_1_6' title="bbox 189 3576 1917 3662">
     <span class='ocr_line' id='line_1_40' title="bbox 189 3576 1917 3662; baseline 0.002 -23"><span class='ocrx_word' id='word_1_558' title='bbox 189 3582 306 3655; x_wconf 87' lang='lat' dir='ltr'><strong>dirigat.</strong></span> <span class='ocrx_word' id='word_1_559' title='bbox 676 3652 681 3660; x_wconf 44' lang='grc'>,</span> <span class='ocrx_word' id='word_1_560' title='bbox 1123 3588 1208 3662; x_wconf 77' lang='lat' dir='ltr'><strong>aquis</strong></span> <span class='ocrx_word' id='word_1_561' title='bbox 1217 3587 1419 3646; x_wconf 81' lang='lat' dir='ltr'><strong>ascendentem</strong></span> <span class='ocrx_word' id='word_1_562' title='bbox 1428 3586 1622 3653; x_wconf 65' lang='lat' dir='ltr'><strong>tutamenta</strong></span> <span class='ocrx_word' id='word_1_563' title='bbox 1634 3576 1917 3661; x_wconf 69' lang='lat' dir='ltr'><strong>mulipleslomoie</strong></span> 
     </span>
    </p>
   </div>
   <div class='ocr_carea' id='block_1_7' title="bbox 188 3658 1915 3854">
    <p class='ocr_par' dir='ltr' id='par_1_7' title="bbox 188 3658 1915 3854">
     <span class='ocr_line' id='line_1_41' title="bbox 188 3658 1624 3788; baseline 0.009 -27"><span class='ocrx_word' id='word_1_564' title='bbox 188 3707 262 3774; x_wconf 86' lang='lat' dir='ltr'><strong>Quid</strong></span> <span class='ocrx_word' id='word_1_565' title='bbox 273 3705 414 3788; x_wconf 67' lang='lat' dir='ltr'><strong>significet</strong></span> <span class='ocrx_word' id='word_1_566' title='bbox 429 3706 461 3763; x_wconf 83' lang='lat' dir='ltr'><strong>in</strong></span> <span class='ocrx_word' id='word_1_567' title='bbox 476 3707 589 3765; x_wconf 83' lang='lat' dir='ltr'><strong>actibus</strong></span> <span class='ocrx_word' id='word_1_568' title='bbox 606 3708 731 3765; x_wconf 82' lang='lat' dir='ltr'><strong>hominis</strong></span> <span class='ocrx_word' id='word_1_569' title='bbox 754 3714 833 3767; x_wconf 77' lang='lat' dir='ltr'><strong>ortus</strong></span> <span class='ocrx_word' id='word_1_570' title='bbox 849 3711 895 3767; x_wconf 87' lang='lat' dir='ltr'><strong>cel</strong></span> <span class='ocrx_word' id='word_1_571' title='bbox 918 3726 1036 3768; x_wconf 80' lang='lat' dir='ltr'><strong>occusm</strong></span> <span class='ocrx_word' id='word_1_572' title='bbox 1123 3658 1624 3775; x_wconf 44' lang='lat' dir='ltr'><strong>quamaubmmm‘comiderwo&#39;</strong></span> 
     </span>
     <span class='ocr_line' id='line_1_42' title="bbox 223 3765 1915 3854; baseline 0.006 -22"><span class='ocrx_word' id='word_1_573' title='bbox 223 3778 303 3846; x_wconf 81' lang='lat' dir='ltr'><strong>solas,</strong></span> <span class='ocrx_word' id='word_1_574' title='bbox 318 3776 425 3850; x_wconf 85' lang='lat' dir='ltr'><strong>etquid</strong></span> <span class='ocrx_word' id='word_1_575' title='bbox 438 3795 514 3835; x_wconf 79' lang='lat' dir='ltr'><strong>nunc</strong></span> <span class='ocrx_word' id='word_1_576' title='bbox 527 3780 649 3836; x_wconf 70' lang='lat' dir='ltr'><strong>trudibus</strong></span> <span class='ocrx_word' id='word_1_577' title='bbox 667 3782 712 3837; x_wconf 86' lang='lat' dir='ltr'><strong>cel</strong></span> <span class='ocrx_word' id='word_1_578' title='bbox 723 3780 873 3839; x_wconf 77' lang='lat' dir='ltr'><strong>uiinielole</strong></span> <span class='ocrx_word' id='word_1_579' title='bbox 885 3786 1037 3854; x_wconf 80' lang='lat' dir='ltr'><strong>tcmpecla·</strong></span> <span class='ocrx_word' id='word_1_580' title='bbox 1124 3768 1210 3823; x_wconf 74' lang='lat' dir='ltr'><strong>ffll·</strong></span> <span class='ocrx_word' id='word_1_581' title='bbox 1235 3767 1271 3822; x_wconf 58' lang='lat' dir='ltr'><strong>Ut</strong></span> <span class='ocrx_word' id='word_1_582' title='bbox 1290 3770 1388 3821; x_wconf 57' lang='lat' dir='ltr'><strong>mm</strong></span> <span class='ocrx_word' id='word_1_583' title='bbox 1409 3765 1579 3837; x_wconf 60' lang='lat' dir='ltr'><strong>Pl&#39;aefflctum</strong></span> <span class='ocrx_word' id='word_1_584' title='bbox 1602 3769 1656 3833; x_wconf 55' lang='lat'><strong>⁰⁸³²</strong></span> <span class='ocrx_word' id='word_1_585' title='bbox 1679 3782 1698 3820; x_wconf 53' lang='grc' dir='ltr'><strong>ὅ</strong></span> <span class='ocrx_word' id='word_1_586' title='bbox 1725 3765 1818 3821; x_wconf 58' lang='lat'><strong>“⁰⁰¹⁰</strong></span> <span class='ocrx_word' id='word_1_587' title='bbox 1839 3768 1915 3827; x_wconf 61' lang='lat' dir='ltr'><em>W</em></span> 
     </span>
    </p>
   </div>
   <div class='ocr_carea' id='block_1_8' title="bbox 113 3846 1917 5529">
    <p class='ocr_par' dir='ltr' id='par_1_8' title="bbox 224 3846 1917 3933">
     <span class='ocr_line' id='line_1_43' title="bbox 224 3846 1917 3933; baseline 0.002 -29"><span class='ocrx_word' id='word_1_588' title='bbox 224 3852 284 3905; x_wconf 88' lang='lat' dir='ltr'><strong>lum</strong></span> <span class='ocrx_word' id='word_1_589' title='bbox 298 3848 459 3905; x_wconf 81' lang='lat' dir='ltr'><strong>occultatus</strong></span> <span class='ocrx_word' id='word_1_590' title='bbox 471 3866 529 3930; x_wconf 72' lang='lat' dir='ltr'><strong>aaa</strong></span> <span class='ocrx_word' id='word_1_591' title='bbox 540 3855 675 3933; x_wconf 72' lang='lat' dir='ltr'><strong>apparet,</strong></span> <span class='ocrx_word' id='word_1_592' title='bbox 690 3870 767 3908; x_wconf 83' lang='lat' dir='ltr'><strong>nuuc</strong></span> <span class='ocrx_word' id='word_1_593' title='bbox 781 3852 829 3909; x_wconf 85' lang='lat' dir='ltr'><strong>lu&#39;c</strong></span> <span class='ocrx_word' id='word_1_594' title='bbox 841 3853 980 3911; x_wconf 80' lang='lat' dir='ltr'><strong>abstersis</strong></span> <span class='ocrx_word' id='word_1_595' title='bbox 989 3853 1035 3909; x_wconf 88' lang='lat' dir='ltr'><strong>lu·</strong></span> <span class='ocrx_word' id='word_1_596' title='bbox 1088 3855 1126 3911; x_wconf 89' lang='lat' dir='ltr'><strong>ad</strong></span> <span class='ocrx_word' id='word_1_597' title='bbox 1137 3853 1346 3911; x_wconf 82' lang='lat' dir='ltr'><strong>extremitatem</strong></span> <span class='ocrx_word' id='word_1_598' title='bbox 1371 3854 1433 3909; x_wconf 91' lang='lat' dir='ltr'><strong>nasi</strong></span> <span class='ocrx_word' id='word_1_599' title='bbox 1458 3870 1532 3926; x_wconf 92' lang='lat' dir='ltr'><strong>puro</strong></span> <span class='ocrx_word' id='word_1_600' title='bbox 1552 3855 1658 3910; x_wconf 77' lang='lat' dir='ltr'><strong>uthere</strong></span> <span class='ocrx_word' id='word_1_601' title='bbox 1678 3853 1834 3927; x_wconf 86' lang='lat' dir='ltr'><strong>designato,</strong></span> <span class='ocrx_word' id='word_1_602' title='bbox 1853 3846 1917 3901; x_wconf 68' lang='grc' dir='ltr'><strong>ι111115</strong></span> 
     </span>
    </p>

    <p class='ocr_par' dir='ltr' id='par_1_9' title="bbox 223 3923 1916 4001">
     <span class='ocr_line' id='line_1_44' title="bbox 223 3923 1916 4001; baseline -0.008 -1"><span class='ocrx_word' id='word_1_603' title='bbox 223 3936 290 3974; x_wconf 64' lang='lat'><strong>&#39;&#39;²⁰&#39;‘</strong></span> <span class='ocrx_word' id='word_1_604' title='bbox 303 3936 387 3975; x_wconf 65' lang='lat' dir='ltr'><strong>“mm</strong></span> <span class='ocrx_word' id='word_1_605' title='bbox 406 3923 493 3975; x_wconf 63' lang='lat' dir='ltr'><strong>‘m</strong></span> <span class='ocrx_word' id='word_1_606' title='bbox 505 3926 640 3979; x_wconf 60' lang='lat' dir='ltr'><strong>mmm·</strong></span> <span class='ocrx_word' id='word_1_607' title='bbox 1087 3944 1164 4001; x_wconf 89' lang='lat' dir='ltr'><strong>inter</strong></span> <span class='ocrx_word' id='word_1_608' title='bbox 1188 3944 1337 3999; x_wconf 88' lang='lat' dir='ltr'><strong>cerebrum</strong></span> <span class='ocrx_word' id='word_1_609' title='bbox 1366 3949 1395 3999; x_wconf 89' lang='lat' dir='ltr'><strong>et</strong></span> <span class='ocrx_word' id='word_1_610' title='bbox 1420 3944 1519 3999; x_wconf 92' lang='lat' dir='ltr'><strong>oculos</strong></span> <span class='ocrx_word' id='word_1_611' title='bbox 1550 3943 1675 3999; x_wconf 81' lang='lat' dir='ltr'><strong>existens</strong></span> <span class='ocrx_word' id='word_1_612' title='bbox 1698 3937 1916 3998; x_wconf 82' lang='lat' dir='ltr'><strong>constitutionem</strong></span> 
     </span>
    </p>

    <p class='ocr_par' dir='ltr' id='par_1_10' title="bbox 113 4025 1917 5529">
     <span class='ocr_line' id='line_1_45' title="bbox 225 4025 1915 4103; baseline 0 -22"><span class='ocrx_word' id='word_1_613' title='bbox 225 4026 298 4081; x_wconf 88' lang='lat' dir='ltr'><strong>llllll.</strong></span> <span class='ocrx_word' id='word_1_614' title='bbox 325 4025 372 4081; x_wconf 90' lang='lat' dir='ltr'><strong>Sol</strong></span> <span class='ocrx_word' id='word_1_615' title='bbox 401 4026 487 4081; x_wconf 89' lang='lat' dir='ltr'><strong>etiam</strong></span> <span class='ocrx_word' id='word_1_616' title='bbox 522 4026 605 4099; x_wconf 87' lang='lat' dir='ltr'><strong>nigra</strong></span> <span class='ocrx_word' id='word_1_617' title='bbox 640 4029 715 4085; x_wconf 91' lang='lat' dir='ltr'><strong>nube</strong></span> <span class='ocrx_word' id='word_1_618' title='bbox 740 4029 917 4100; x_wconf 87' lang='lat' dir='ltr'><strong>obscuratus,</strong></span> <span class='ocrx_word' id='word_1_619' title='bbox 948 4036 1035 4103; x_wconf 88' lang='lat' dir='ltr'><strong>atque</strong></span> <span class='ocrx_word' id='word_1_620' title='bbox 1089 4032 1198 4090; x_wconf 88' lang='lat' dir='ltr'><strong>cerebri</strong></span> <span class='ocrx_word' id='word_1_621' title='bbox 1222 4036 1253 4088; x_wconf 95' lang='lat' dir='ltr'><strong>et</strong></span> <span class='ocrx_word' id='word_1_622' title='bbox 1270 4032 1421 4088; x_wconf 90' lang='lat' dir='ltr'><strong>oculorum</strong></span> <span class='ocrx_word' id='word_1_623' title='bbox 1438 4032 1571 4098; x_wconf 89' lang='lat' dir='ltr'><strong>sustinet,</strong></span> <span class='ocrx_word' id='word_1_624' title='bbox 1599 4035 1629 4086; x_wconf 88' lang='lat' dir='ltr'><strong>et</strong></span> <span class='ocrx_word' id='word_1_625' title='bbox 1649 4030 1843 4087; x_wconf 81' lang='lat' dir='ltr'><strong>infirmitatem</strong></span> <span class='ocrx_word' id='word_1_626' title='bbox 1862 4032 1915 4091; x_wconf 64' lang='lat' dir='ltr'>‹111oe</span> 
     </span>
     <span class='ocr_line' id='line_1_46' title="bbox 188 4105 1916 4189; baseline 0.006 -21"><span class='ocrx_word' id='word_1_627' title='bbox 188 4112 302 4183; x_wconf 78' lang='lat' dir='ltr'><strong>fulgure</strong></span> <span class='ocrx_word' id='word_1_628' title='bbox 317 4117 345 4167; x_wconf 90' lang='grc' dir='ltr'><strong>ιι</strong></span> <span class='ocrx_word' id='word_1_629' title='bbox 363 4113 483 4182; x_wconf 89' lang='lat' dir='ltr'><strong>tonitru,</strong></span> <span class='ocrx_word' id='word_1_630' title='bbox 509 4120 537 4171; x_wconf 88' lang='lat' dir='ltr'><strong>et</strong></span> <span class='ocrx_word' id='word_1_631' title='bbox 558 4116 706 4173; x_wconf 87' lang='lat' dir='ltr'><strong>nimietate</strong></span> <span class='ocrx_word' id='word_1_632' title='bbox 728 4117 891 4189; x_wconf 89' lang='lat' dir='ltr'><strong>pluviarum</strong></span> <span class='ocrx_word' id='word_1_633' title='bbox 915 4118 1035 4175; x_wconf 87' lang='lat' dir='ltr'><strong>obrutus</strong></span> <span class='ocrx_word' id='word_1_634' title='bbox 1088 4122 1124 4177; x_wconf 92' lang='lat' dir='ltr'><strong>de</strong></span> <span class='ocrx_word' id='word_1_635' title='bbox 1142 4120 1259 4177; x_wconf 89' lang='lat' dir='ltr'><strong>cerebro</strong></span> <span class='ocrx_word' id='word_1_636' title='bbox 1274 4125 1304 4176; x_wconf 93' lang='lat' dir='ltr'><strong>et</strong></span> <span class='ocrx_word' id='word_1_637' title='bbox 1325 4121 1473 4177; x_wconf 88' lang='lat' dir='ltr'><strong>stomacho</strong></span> <span class='ocrx_word' id='word_1_638' title='bbox 1488 4120 1617 4177; x_wconf 89' lang='lat' dir='ltr'><strong>nascitur</strong></span> <span class='ocrx_word' id='word_1_639' title='bbox 1637 4121 1669 4175; x_wconf 92' lang='lat' dir='ltr'><strong>in</strong></span> <span class='ocrx_word' id='word_1_640' title='bbox 1680 4136 1712 4175; x_wconf 91' lang='grc' dir='ltr'><strong>ιι</strong></span> <span class='ocrx_word' id='word_1_641' title='bbox 1725 4116 1858 4179; x_wconf 68' lang='lat' dir='ltr'><strong>continet,</strong></span> <span class='ocrx_word' id='word_1_642' title='bbox 1871 4105 1916 4162; x_wconf 69' lang='lat'><strong>¹⁰¹·</strong></span> 
     </span>
     <span class='ocr_line' id='line_1_47' title="bbox 189 4198 1917 4273; baseline 0.007 -18"><span class='ocrx_word' id='word_1_643' title='bbox 189 4216 249 4256; x_wconf 91' lang='lat' dir='ltr'><strong>non</strong></span> <span class='ocrx_word' id='word_1_644' title='bbox 271 4206 400 4273; x_wconf 87' lang='lat' dir='ltr'><strong>apparet,</strong></span> <span class='ocrx_word' id='word_1_645' title='bbox 424 4204 474 4259; x_wconf 90' lang='lat' dir='ltr'><strong>sed</strong></span> <span class='ocrx_word' id='word_1_646' title='bbox 493 4203 551 4259; x_wconf 90' lang='lat' dir='ltr'><strong>illis</strong></span> <span class='ocrx_word' id='word_1_647' title='bbox 573 4206 707 4263; x_wconf 89' lang='lat' dir='ltr'><strong>omnibus</strong></span> <span class='ocrx_word' id='word_1_648' title='bbox 730 4208 906 4264; x_wconf 89' lang='lat' dir='ltr'><strong>cessantibus</strong></span> <span class='ocrx_word' id='word_1_649' title='bbox 928 4208 1034 4265; x_wconf 89' lang='lat' dir='ltr'><strong>ilerum</strong></span> <span class='ocrx_word' id='word_1_650' title='bbox 1053 4198 1121 4264; x_wconf 80' lang='grc' dir='ltr'><strong>ὓιι</strong></span> <span class='ocrx_word' id='word_1_651' title='bbox 1142 4209 1229 4265; x_wconf 87' lang='lat' dir='ltr'><strong>ctiam</strong></span> <span class='ocrx_word' id='word_1_652' title='bbox 1249 4209 1320 4265; x_wconf 89' lang='lat' dir='ltr'><strong>luna</strong></span> <span class='ocrx_word' id='word_1_653' title='bbox 1343 4208 1476 4264; x_wconf 89' lang='lat' dir='ltr'><strong>subsuta</strong></span> <span class='ocrx_word' id='word_1_654' title='bbox 1498 4208 1588 4264; x_wconf 89' lang='lat' dir='ltr'><strong>stellis</strong></span> <span class='ocrx_word' id='word_1_655' title='bbox 1610 4208 1795 4273; x_wconf 87' lang='lat' dir='ltr'><strong>circumdate,</strong></span> <span class='ocrx_word' id='word_1_656' title='bbox 1813 4218 1845 4257; x_wconf 65' lang='grc' dir='ltr'><strong>οε</strong></span> <span class='ocrx_word' id='word_1_657' title='bbox 1864 4207 1917 4267; x_wconf 69' lang='lat' dir='ltr'><strong>t¹¹⁸</strong></span> 
     </span>
     <span class='ocr_line' id='line_1_48' title="bbox 189 4286 1917 4371; baseline -0.001 -28"><span class='ocrx_word' id='word_1_658' title='bbox 189 4291 287 4344; x_wconf 91' lang='lat' dir='ltr'><strong>lumen</strong></span> <span class='ocrx_word' id='word_1_659' title='bbox 304 4306 389 4345; x_wconf 89' lang='lat' dir='ltr'><strong>suum</strong></span> <span class='ocrx_word' id='word_1_660' title='bbox 418 4292 548 4362; x_wconf 83' lang='lat' dir='ltr'><strong>effvrndil,</strong></span> <span class='ocrx_word' id='word_1_661' title='bbox 572 4293 604 4349; x_wconf 89' lang='lat' dir='ltr'><strong>in</strong></span> <span class='ocrx_word' id='word_1_662' title='bbox 621 4294 675 4351; x_wconf 91' lang='lat' dir='ltr'><strong>boc</strong></span> <span class='ocrx_word' id='word_1_663' title='bbox 695 4295 822 4351; x_wconf 89' lang='lat' dir='ltr'><strong>animam</strong></span> <span class='ocrx_word' id='word_1_664' title='bbox 838 4295 963 4352; x_wconf 90' lang='lat' dir='ltr'><strong>hominis</strong></span> <span class='ocrx_word' id='word_1_665' title='bbox 984 4297 1035 4352; x_wconf 87' lang='lat' dir='ltr'><strong>de·</strong></span> <span class='ocrx_word' id='word_1_666' title='bbox 1088 4299 1124 4355; x_wconf 89' lang='lat' dir='ltr'><strong>de</strong></span> <span class='ocrx_word' id='word_1_667' title='bbox 1145 4298 1341 4371; x_wconf 86' lang='lat' dir='ltr'><strong>superioribus</strong></span> <span class='ocrx_word' id='word_1_668' title='bbox 1356 4297 1543 4367; x_wconf 89' lang='lat' dir='ltr'><strong>descendunt,</strong></span> <span class='ocrx_word' id='word_1_669' title='bbox 1567 4302 1596 4354; x_wconf 89' lang='lat' dir='ltr'><strong>et</strong></span> <span class='ocrx_word' id='word_1_670' title='bbox 1615 4314 1682 4370; x_wconf 79' lang='lat' dir='ltr'><strong>quan</strong></span> <span class='ocrx_word' id='word_1_671' title='bbox 1702 4286 1917 4354; x_wconf 71' lang='lat' dir='ltr'><strong>uetustioribus</strong></span> 
     </span>
     <span class='ocr_line' id='line_1_49' title="bbox 188 4374 1916 4458; baseline -0.001 -27"><span class='ocrx_word' id='word_1_672' title='bbox 188 4381 360 4446; x_wconf 89' lang='lat' dir='ltr'><strong>monstrans,</strong></span> <span class='ocrx_word' id='word_1_673' title='bbox 375 4378 443 4451; x_wconf 92' lang='lat' dir='ltr'><strong>quia</strong></span> <span class='ocrx_word' id='word_1_674' title='bbox 467 4396 532 4436; x_wconf 91' lang='lat' dir='ltr'><strong>cnm</strong></span> <span class='ocrx_word' id='word_1_675' title='bbox 555 4381 605 4437; x_wconf 88' lang='lat' dir='ltr'><strong>illa</strong></span> <span class='ocrx_word' id='word_1_676' title='bbox 622 4398 674 4454; x_wconf 89' lang='lat' dir='ltr'><strong>per</strong></span> <span class='ocrx_word' id='word_1_677' title='bbox 696 4400 800 4455; x_wconf 88' lang='lat' dir='ltr'><strong>corpus</strong></span> <span class='ocrx_word' id='word_1_678' title='bbox 821 4383 861 4439; x_wconf 92' lang='lat' dir='ltr'><strong>ila</strong></span> <span class='ocrx_word' id='word_1_679' title='bbox 878 4385 1033 4455; x_wconf 84' lang='lat' dir='ltr'><strong>premitur,</strong></span> <span class='ocrx_word' id='word_1_680' title='bbox 1087 4387 1256 4455; x_wconf 85' lang='lat' dir='ltr'><strong>ascendunt,</strong></span> <span class='ocrx_word' id='word_1_681' title='bbox 1271 4385 1419 4442; x_wconf 87' lang='lat' dir='ltr'><strong>multoties</strong></span> <span class='ocrx_word' id='word_1_682' title='bbox 1426 4384 1538 4457; x_wconf 87' lang='lat' dir='ltr'><strong>recipit.</strong></span> <span class='ocrx_word' id='word_1_683' title='bbox 1550 4385 1632 4443; x_wconf 88' lang='lat' dir='ltr'><strong>Oculi</strong></span> <span class='ocrx_word' id='word_1_684' title='bbox 1645 4386 1734 4454; x_wconf 89' lang='lat' dir='ltr'><strong>euim,</strong></span> <span class='ocrx_word' id='word_1_685' title='bbox 1750 4382 1798 4458; x_wconf 91' lang='lat' dir='ltr'><strong>qui</strong></span> <span class='ocrx_word' id='word_1_686' title='bbox 1809 4374 1916 4452; x_wconf 79' lang='lat' dir='ltr'><strong>plurim</strong></span> 
     </span>
     <span class='ocr_line' id='line_1_50' title="bbox 187 4461 1915 4547; baseline -0.008 -24"><span class='ocrx_word' id='word_1_687' title='bbox 187 4471 220 4523; x_wconf 90' lang='lat' dir='ltr'><strong>ut</strong></span> <span class='ocrx_word' id='word_1_688' title='bbox 244 4467 401 4524; x_wconf 87' lang='lat' dir='ltr'><strong>secundum</strong></span> <span class='ocrx_word' id='word_1_689' title='bbox 421 4470 683 4541; x_wconf 86' lang='lat' dir='ltr'><strong>concupiscentiam</strong></span> <span class='ocrx_word' id='word_1_690' title='bbox 707 4472 801 4527; x_wconf 87' lang='lat' dir='ltr'><strong>carnis</strong></span> <span class='ocrx_word' id='word_1_691' title='bbox 822 4478 966 4544; x_wconf 88' lang='lat' dir='ltr'><strong>operatur,</strong></span> <span class='ocrx_word' id='word_1_692' title='bbox 990 4490 1035 4529; x_wconf 87' lang='lat' dir='ltr'><strong>ra·</strong></span> <span class='ocrx_word' id='word_1_693' title='bbox 1088 4475 1277 4547; x_wconf 88' lang='lat' dir='ltr'><strong>conspiciunt,</strong></span> <span class='ocrx_word' id='word_1_694' title='bbox 1297 4476 1395 4530; x_wconf 88' lang='lat' dir='ltr'><strong>stellas</strong></span> <span class='ocrx_word' id='word_1_695' title='bbox 1427 4474 1614 4544; x_wconf 86' lang='lat' dir='ltr'><strong>llrmameuti,</strong></span> <span class='ocrx_word' id='word_1_696' title='bbox 1644 4488 1709 4545; x_wconf 77' lang='lat' dir='ltr'><strong>quae</strong></span> <span class='ocrx_word' id='word_1_697' title='bbox 1739 4471 1859 4541; x_wconf 88' lang='lat' dir='ltr'><strong>undique</strong></span> <span class='ocrx_word' id='word_1_698' title='bbox 1881 4461 1915 4513; x_wconf 90' lang='grc' dir='ltr'>Ιιι-</span> 
     </span>
     <span class='ocr_line' id='line_1_51' title="bbox 188 4552 1914 4635; baseline 0.001 -25"><span class='ocrx_word' id='word_1_699' title='bbox 188 4552 355 4610; x_wconf 86' lang='grc' dir='ltr'>ιιοιιιιιιιιι</span> <span class='ocrx_word' id='word_1_700' title='bbox 370 4556 469 4611; x_wconf 91' lang='lat' dir='ltr'><strong>lumen</strong></span> <span class='ocrx_word' id='word_1_701' title='bbox 488 4558 518 4612; x_wconf 92' lang='lat' dir='ltr'><strong>iu</strong></span> <span class='ocrx_word' id='word_1_702' title='bbox 541 4559 603 4631; x_wconf 89' lang='lat' dir='ltr'><strong>ipse</strong></span> <span class='ocrx_word' id='word_1_703' title='bbox 617 4560 812 4629; x_wconf 89' lang='lat' dir='ltr'><strong>obnubilatur,</strong></span> <span class='ocrx_word' id='word_1_704' title='bbox 838 4562 974 4633; x_wconf 89' lang='lat' dir='ltr'><strong>quoniam</strong></span> <span class='ocrx_word' id='word_1_705' title='bbox 990 4562 1035 4619; x_wconf 86' lang='lat' dir='ltr'><strong>ira</strong></span> <span class='ocrx_word' id='word_1_706' title='bbox 1087 4567 1163 4632; x_wconf 86' lang='lat' dir='ltr'><strong>cent,</strong></span> <span class='ocrx_word' id='word_1_707' title='bbox 1189 4563 1353 4619; x_wconf 88' lang='lat' dir='ltr'><strong>ostendunt.</strong></span> <span class='ocrx_word' id='word_1_708' title='bbox 1381 4564 1452 4619; x_wconf 88' lang='lat' dir='ltr'><strong>Nam</strong></span> <span class='ocrx_word' id='word_1_709' title='bbox 1475 4562 1582 4635; x_wconf 90' lang='lat' dir='ltr'><strong>albugo</strong></span> <span class='ocrx_word' id='word_1_710' title='bbox 1603 4578 1704 4618; x_wconf 90' lang='lat' dir='ltr'><strong>corum</strong></span> <span class='ocrx_word' id='word_1_711' title='bbox 1721 4561 1868 4635; x_wconf 84' lang='lat' dir='ltr'><strong>puritatem</strong></span> <span class='ocrx_word' id='word_1_712' title='bbox 1885 4561 1914 4600; x_wconf 72' lang='lat'><strong>³³·</strong></span> 
     </span>
     <span class='ocr_line' id='line_1_52' title="bbox 187 4636 1911 4723; baseline 0.002 -24"><span class='ocrx_word' id='word_1_713' title='bbox 187 4642 260 4699; x_wconf 87' lang='lat' dir='ltr'><strong>sicut</strong></span> <span class='ocrx_word' id='word_1_714' title='bbox 282 4643 387 4716; x_wconf 81' lang='lat' dir='ltr'><strong>fulgor,</strong></span> <span class='ocrx_word' id='word_1_715' title='bbox 411 4650 440 4700; x_wconf 91' lang='grc' dir='ltr'><strong>ιι</strong></span> <span class='ocrx_word' id='word_1_716' title='bbox 464 4646 584 4702; x_wconf 84' lang='grc' dir='ltr'>ιιιιιιιι</span> <span class='ocrx_word' id='word_1_717' title='bbox 617 4648 696 4704; x_wconf 88' lang='lat' dir='ltr'><strong>velut</strong></span> <span class='ocrx_word' id='word_1_718' title='bbox 726 4649 858 4717; x_wconf 88' lang='lat' dir='ltr'><strong>tonitrus,</strong></span> <span class='ocrx_word' id='word_1_719' title='bbox 879 4654 909 4705; x_wconf 88' lang='lat' dir='ltr'><strong>et</strong></span> <span class='ocrx_word' id='word_1_720' title='bbox 935 4650 1035 4707; x_wconf 89' lang='lat' dir='ltr'><strong>illicita</strong></span> <span class='ocrx_word' id='word_1_721' title='bbox 1089 4652 1187 4720; x_wconf 89' lang='lat' dir='ltr'><strong>theris,</strong></span> <span class='ocrx_word' id='word_1_722' title='bbox 1208 4651 1321 4707; x_wconf 85' lang='lat' dir='ltr'><strong>claritas</strong></span> <span class='ocrx_word' id='word_1_723' title='bbox 1344 4667 1459 4723; x_wconf 89' lang='lat' dir='ltr'><strong>quoque</strong></span> <span class='ocrx_word' id='word_1_724' title='bbox 1481 4651 1608 4723; x_wconf 86' lang='lat' dir='ltr'><strong>ipsorum</strong></span> <span class='ocrx_word' id='word_1_725' title='bbox 1636 4652 1818 4723; x_wconf 88' lang='lat' dir='ltr'><strong>splendorem</strong></span> <span class='ocrx_word' id='word_1_726' title='bbox 1839 4636 1911 4696; x_wconf 69' lang='lat' dir='ltr'><strong>illiflb</strong></span> 
     </span>
     <span class='ocr_line' id='line_1_53' title="bbox 187 4722 1912 4812; baseline 0.004 -25"><span class='ocrx_word' id='word_1_727' title='bbox 187 4730 279 4787; x_wconf 88' lang='lat' dir='ltr'><strong>carnis</strong></span> <span class='ocrx_word' id='word_1_728' title='bbox 299 4732 451 4801; x_wconf 87' lang='lat' dir='ltr'><strong>desideria,</strong></span> <span class='ocrx_word' id='word_1_729' title='bbox 476 4736 721 4808; x_wconf 86' lang='lat' dir='ltr'><strong>quemadmodum</strong></span> <span class='ocrx_word' id='word_1_730' title='bbox 740 4737 904 4795; x_wconf 89' lang='lat' dir='ltr'><strong>nimietates</strong></span> <span class='ocrx_word' id='word_1_731' title='bbox 921 4738 1031 4811; x_wconf 89' lang='lat' dir='ltr'><strong>pluvia·</strong></span> <span class='ocrx_word' id='word_1_732' title='bbox 1086 4740 1277 4812; x_wconf 87' lang='lat' dir='ltr'><strong>pupillavero</strong></span> <span class='ocrx_word' id='word_1_733' title='bbox 1298 4739 1405 4809; x_wconf 89' lang='lat' dir='ltr'><strong>stellas,</strong></span> <span class='ocrx_word' id='word_1_734' title='bbox 1420 4755 1486 4811; x_wconf 79' lang='lat' dir='ltr'><strong>quse</strong></span> <span class='ocrx_word' id='word_1_735' title='bbox 1505 4739 1537 4795; x_wconf 91' lang='lat' dir='ltr'><strong>in</strong></span> <span class='ocrx_word' id='word_1_736' title='bbox 1549 4740 1650 4796; x_wconf 89' lang='lat' dir='ltr'><strong>eodem</strong></span> <span class='ocrx_word' id='word_1_737' title='bbox 1664 4739 1772 4795; x_wconf 79' lang='lat' dir='ltr'><strong>retbere</strong></span> <span class='ocrx_word' id='word_1_738' title='bbox 1787 4732 1859 4794; x_wconf 61' lang='lat' dir='ltr'><strong>suni,</strong></span> <span class='ocrx_word' id='word_1_739' title='bbox 1874 4722 1912 4777; x_wconf 52' lang='lat' dir='ltr'><strong>d*</strong></span> 
     </span>
     <span class='ocr_line' id='line_1_54' title="bbox 186 4821 1909 4902; baseline -0.001 -27"><span class='ocrx_word' id='word_1_740' title='bbox 186 4836 252 4877; x_wconf 89' lang='lat' dir='ltr'><strong>rum</strong></span> <span class='ocrx_word' id='word_1_741' title='bbox 273 4826 348 4877; x_wconf 92' lang='lat' dir='ltr'><strong>sunt.</strong></span> <span class='ocrx_word' id='word_1_742' title='bbox 365 4822 420 4879; x_wconf 88' lang='lat' dir='ltr'><strong>Sed</strong></span> <span class='ocrx_word' id='word_1_743' title='bbox 438 4838 503 4880; x_wconf 88' lang='lat' dir='ltr'><strong>curn</strong></span> <span class='ocrx_word' id='word_1_744' title='bbox 522 4824 626 4881; x_wconf 90' lang='lat' dir='ltr'><strong>deiude</strong></span> <span class='ocrx_word' id='word_1_745' title='bbox 653 4842 704 4899; x_wconf 89' lang='lat' dir='ltr'><strong>per</strong></span> <span class='ocrx_word' id='word_1_746' title='bbox 725 4827 919 4900; x_wconf 69' lang='lat' dir='ltr'><strong>penitentiam</strong></span> <span class='ocrx_word' id='word_1_747' title='bbox 937 4830 973 4885; x_wconf 92' lang='lat' dir='ltr'><strong>ab</strong></span> <span class='ocrx_word' id='word_1_748' title='bbox 988 4829 1034 4885; x_wconf 92' lang='lat' dir='ltr'><strong>his</strong></span> <span class='ocrx_word' id='word_1_749' title='bbox 1087 4828 1200 4901; x_wconf 74' lang='lat' dir='ltr'><strong>signat,</strong></span> <span class='ocrx_word' id='word_1_750' title='bbox 1218 4828 1324 4884; x_wconf 88' lang='lat' dir='ltr'><strong>humor</strong></span> <span class='ocrx_word' id='word_1_751' title='bbox 1337 4844 1404 4883; x_wconf 88' lang='lat' dir='ltr'><strong>vero</strong></span> <span class='ocrx_word' id='word_1_752' title='bbox 1426 4844 1539 4897; x_wconf 87' lang='lat' dir='ltr'><strong>eorum,</strong></span> <span class='ocrx_word' id='word_1_753' title='bbox 1563 4828 1785 4902; x_wconf 89' lang='lat' dir='ltr'><strong>humoremque</strong></span> <span class='ocrx_word' id='word_1_754' title='bbox 1801 4821 1909 4877; x_wconf 64' lang='lat' dir='ltr'><strong>idone</strong></span> 
     </span>
     <span class='ocr_line' id='line_1_55' title="bbox 113 4912 1912 4990; baseline 0.005 -26"><span class='ocrx_word' id='word_1_755' title='bbox 113 4933 119 4954; x_wconf 65' lang='grc' dir='ltr'><strong>ι</strong></span> <span class='ocrx_word' id='word_1_756' title='bbox 187 4925 217 4965; x_wconf 89' lang='grc' dir='ltr'><strong>ιι</strong></span> <span class='ocrx_word' id='word_1_757' title='bbox 235 4912 412 4983; x_wconf 78' lang='lat' dir='ltr'><strong>purgaverit,</strong></span> <span class='ocrx_word' id='word_1_758' title='bbox 437 4913 543 4969; x_wconf 87' lang='lat' dir='ltr'><strong>iterum</strong></span> <span class='ocrx_word' id='word_1_759' title='bbox 564 4914 595 4970; x_wconf 90' lang='lat' dir='ltr'><strong>in</strong></span> <span class='ocrx_word' id='word_1_760' title='bbox 616 4914 744 4972; x_wconf 88' lang='lat' dir='ltr'><strong>claritate</strong></span> <span class='ocrx_word' id='word_1_761' title='bbox 775 4917 834 4972; x_wconf 90' lang='lat' dir='ltr'><strong>veri</strong></span> <span class='ocrx_word' id='word_1_762' title='bbox 860 4916 979 4971; x_wconf 89' lang='lat' dir='ltr'><strong>luminis</strong></span> <span class='ocrx_word' id='word_1_763' title='bbox 996 4916 1033 4972; x_wconf 92' lang='lat' dir='ltr'><strong>il·</strong></span> <span class='ocrx_word' id='word_1_764' title='bbox 1087 4918 1184 4973; x_wconf 89' lang='lat' dir='ltr'><strong>lbera</strong></span> <span class='ocrx_word' id='word_1_765' title='bbox 1198 4916 1406 4973; x_wconf 85' lang='lat' dir='ltr'><strong>subterioribus</strong></span> <span class='ocrx_word' id='word_1_766' title='bbox 1424 4918 1507 4990; x_wconf 91' lang='lat' dir='ltr'><strong>aquis</strong></span> <span class='ocrx_word' id='word_1_767' title='bbox 1527 4918 1721 4985; x_wconf 87' lang='lat' dir='ltr'><strong>humectatur,</strong></span> <span class='ocrx_word' id='word_1_768' title='bbox 1745 4932 1781 4974; x_wconf 90' lang='lat' dir='ltr'><strong>ne</strong></span> <span class='ocrx_word' id='word_1_769' title='bbox 1805 4927 1821 4965; x_wconf 89' lang='lat' dir='ltr'><strong>a</strong></span> <span class='ocrx_word' id='word_1_770' title='bbox 1841 4913 1912 4972; x_wconf 69' lang='lat' dir='ltr'><strong>,uper</strong></span> 
     </span>
     <span class='ocr_line' id='line_1_56' title="bbox 186 4989 1911 5084; baseline 0.004 -31"><span class='ocrx_word' id='word_1_771' title='bbox 186 4998 335 5069; x_wconf 86' lang='lat' dir='ltr'><strong>lustratur,</strong></span> <span class='ocrx_word' id='word_1_772' title='bbox 359 5001 501 5072; x_wconf 85' lang='lat' dir='ltr'><strong>sperando</strong></span> <span class='ocrx_word' id='word_1_773' title='bbox 524 5004 601 5075; x_wconf 93' lang='lat' dir='ltr'><strong>quod</strong></span> <span class='ocrx_word' id='word_1_774' title='bbox 625 5004 742 5059; x_wconf 88' lang='lat' dir='ltr'><strong>liberari</strong></span> <span class='ocrx_word' id='word_1_775' title='bbox 762 5010 792 5061; x_wconf 90' lang='lat' dir='ltr'><strong>el</strong></span> <span class='ocrx_word' id='word_1_776' title='bbox 810 5005 913 5061; x_wconf 80' lang='lat' dir='ltr'><strong>salvari</strong></span> <span class='ocrx_word' id='word_1_777' title='bbox 931 5004 1031 5076; x_wconf 89' lang='lat' dir='ltr'><strong>possit.</strong></span> <span class='ocrx_word' id='word_1_778' title='bbox 1086 5005 1157 5061; x_wconf 90' lang='lat' dir='ltr'><strong>riori</strong></span> <span class='ocrx_word' id='word_1_779' title='bbox 1188 5005 1256 5077; x_wconf 89' lang='lat' dir='ltr'><strong>igne</strong></span> <span class='ocrx_word' id='word_1_780' title='bbox 1287 5006 1419 5072; x_wconf 79' lang='lat' dir='ltr'><strong>laedatur,</strong></span> <span class='ocrx_word' id='word_1_781' title='bbox 1447 5007 1631 5064; x_wconf 84' lang='lat' dir='ltr'><strong>demonstrat.</strong></span> <span class='ocrx_word' id='word_1_782' title='bbox 1660 5009 1720 5063; x_wconf 89' lang='lat' dir='ltr'><strong>lloc</strong></span> <span class='ocrx_word' id='word_1_783' title='bbox 1756 5007 1846 5073; x_wconf 74' lang='lat' dir='ltr'><strong>itaque</strong></span> <span class='ocrx_word' id='word_1_784' title='bbox 1867 4989 1911 5084; x_wconf 46' lang='lat'><strong>03¹⁹</strong></span> 
     </span>
     <span class='ocr_line' id='line_1_57' title="bbox 187 5086 1912 5168; baseline -0.002 -25"><span class='ocrx_word' id='word_1_785' title='bbox 187 5086 419 5145; x_wconf 87' lang='lat' dir='ltr'><strong>llationalitatem</strong></span> <span class='ocrx_word' id='word_1_786' title='bbox 445 5090 543 5163; x_wconf 86' lang='lat' dir='ltr'><strong>itaque</strong></span> <span class='ocrx_word' id='word_1_787' title='bbox 572 5092 668 5148; x_wconf 87' lang='lat' dir='ltr'><strong>anima</strong></span> <span class='ocrx_word' id='word_1_788' title='bbox 697 5092 832 5165; x_wconf 82' lang='lat' dir='ltr'><strong>exspiret,</strong></span> <span class='ocrx_word' id='word_1_789' title='bbox 858 5093 937 5151; x_wconf 92' lang='lat' dir='ltr'><strong>velut</strong></span> <span class='ocrx_word' id='word_1_790' title='bbox 958 5094 1034 5166; x_wconf 91' lang='lat' dir='ltr'><strong>iguis</strong></span> <span class='ocrx_word' id='word_1_791' title='bbox 1087 5094 1166 5167; x_wconf 89' lang='lat' dir='ltr'><strong>quod</strong></span> <span class='ocrx_word' id='word_1_792' title='bbox 1184 5093 1259 5149; x_wconf 92' lang='lat' dir='ltr'><strong>inter</strong></span> <span class='ocrx_word' id='word_1_793' title='bbox 1280 5094 1430 5151; x_wconf 89' lang='lat' dir='ltr'><strong>scientiam</strong></span> <span class='ocrx_word' id='word_1_794' title='bbox 1451 5100 1481 5151; x_wconf 91' lang='lat' dir='ltr'><strong>et</strong></span> <span class='ocrx_word' id='word_1_795' title='bbox 1495 5096 1778 5168; x_wconf 82' lang='lat' dir='ltr'><strong>circumspectionem</strong></span> <span class='ocrx_word' id='word_1_796' title='bbox 1791 5086 1912 5167; x_wconf 48' lang='lat' dir='ltr'><strong>animati</strong></span> 
     </span>
     <span class='ocr_line' id='line_1_58' title="bbox 186 5166 1913 5257; baseline 0.003 -28"><span class='ocrx_word' id='word_1_797' title='bbox 186 5175 322 5232; x_wconf 83' lang='lat' dir='ltr'><strong>scintillas</strong></span> <span class='ocrx_word' id='word_1_798' title='bbox 342 5177 457 5248; x_wconf 89' lang='lat' dir='ltr'><strong>emittit,</strong></span> <span class='ocrx_word' id='word_1_799' title='bbox 478 5184 506 5235; x_wconf 91' lang='lat' dir='ltr'><strong>et</strong></span> <span class='ocrx_word' id='word_1_800' title='bbox 525 5194 578 5252; x_wconf 88' lang='lat' dir='ltr'><strong>per</strong></span> <span class='ocrx_word' id='word_1_801' title='bbox 601 5196 665 5237; x_wconf 85' lang='lat' dir='ltr'><strong>eam</strong></span> <span class='ocrx_word' id='word_1_802' title='bbox 689 5180 815 5237; x_wconf 78' lang='lat' dir='ltr'><strong>caelestia</strong></span> <span class='ocrx_word' id='word_1_803' title='bbox 837 5185 866 5236; x_wconf 89' lang='lat' dir='ltr'><strong>et</strong></span> <span class='ocrx_word' id='word_1_804' title='bbox 886 5183 1033 5238; x_wconf 86' lang='lat' dir='ltr'><strong>terrestria</strong></span> <span class='ocrx_word' id='word_1_805' title='bbox 1088 5198 1155 5239; x_wconf 88' lang='lat' dir='ltr'><strong>vera</strong></span> <span class='ocrx_word' id='word_1_806' title='bbox 1177 5182 1349 5255; x_wconf 80' lang='lat' dir='ltr'><strong>punitentia</strong></span> <span class='ocrx_word' id='word_1_807' title='bbox 1370 5183 1473 5251; x_wconf 90' lang='lat' dir='ltr'><strong>locata,</strong></span> <span class='ocrx_word' id='word_1_808' title='bbox 1488 5200 1537 5239; x_wconf 87' lang='grc' dir='ltr'><strong>ιιι</strong></span> <span class='ocrx_word' id='word_1_809' title='bbox 1555 5200 1640 5241; x_wconf 86' lang='lat' dir='ltr'><strong>suum</strong></span> <span class='ocrx_word' id='word_1_810' title='bbox 1659 5201 1712 5256; x_wconf 88' lang='lat' dir='ltr'><strong>per</strong></span> <span class='ocrx_word' id='word_1_811' title='bbox 1733 5179 1848 5257; x_wconf 76' lang='lat' dir='ltr'><strong>gratiam</strong></span> <span class='ocrx_word' id='word_1_812' title='bbox 1871 5166 1913 5219; x_wconf 63' lang='grc' dir='ltr'><strong>Μ</strong></span> 
     </span>
     <span class='ocr_line' id='line_1_59' title="bbox 187 5256 1913 5344; baseline 0.004 -27"><span class='ocrx_word' id='word_1_813' title='bbox 187 5262 330 5321; x_wconf 90' lang='lat' dir='ltr'><strong>disceruit.</strong></span> <span class='ocrx_word' id='word_1_814' title='bbox 353 5267 531 5338; x_wconf 80' lang='lat' dir='ltr'><strong>Quapropter</strong></span> <span class='ocrx_word' id='word_1_815' title='bbox 552 5269 639 5326; x_wconf 88' lang='lat' dir='ltr'><strong>etiam</strong></span> <span class='ocrx_word' id='word_1_816' title='bbox 660 5268 683 5324; x_wconf 92' lang='lat' dir='ltr'><strong>si</strong></span> <span class='ocrx_word' id='word_1_817' title='bbox 708 5284 810 5341; x_wconf 89' lang='lat' dir='ltr'><strong>carpus</strong></span> <span class='ocrx_word' id='word_1_818' title='bbox 838 5286 887 5343; x_wconf 92' lang='lat' dir='ltr'><strong>per</strong></span> <span class='ocrx_word' id='word_1_819' title='bbox 909 5287 972 5327; x_wconf 89' lang='lat' dir='ltr'><strong>earn</strong></span> <span class='ocrx_word' id='word_1_820' title='bbox 993 5271 1034 5327; x_wconf 90' lang='lat' dir='ltr'><strong>ila</strong></span> <span class='ocrx_word' id='word_1_821' title='bbox 1086 5271 1122 5328; x_wconf 93' lang='lat' dir='ltr'><strong>ad</strong></span> <span class='ocrx_word' id='word_1_822' title='bbox 1135 5272 1337 5343; x_wconf 73' lang='lat' dir='ltr'><strong>paenitentiam</strong></span> <span class='ocrx_word' id='word_1_823' title='bbox 1357 5270 1491 5344; x_wconf 92' lang='lat' dir='ltr'><strong>impellit.</strong></span> <span class='ocrx_word' id='word_1_824' title='bbox 1519 5272 1695 5329; x_wconf 80' lang='lat' dir='ltr'><strong>verecundis</strong></span> <span class='ocrx_word' id='word_1_825' title='bbox 1726 5278 1835 5344; x_wconf 71' lang='lat' dir='ltr'><strong>quoque</strong></span> <span class='ocrx_word' id='word_1_826' title='bbox 1851 5256 1913 5311; x_wconf 55' lang='grc' dir='ltr'><strong>ΜΨ</strong></span> 
     </span>
     <span class='ocr_line' id='line_1_60' title="bbox 187 5349 1913 5433; baseline 0.001 -28"><span class='ocrx_word' id='word_1_827' title='bbox 187 5358 349 5423; x_wconf 84' lang='lat' dir='ltr'><strong>suparatur,</strong></span> <span class='ocrx_word' id='word_1_828' title='bbox 368 5360 401 5411; x_wconf 90' lang='lat' dir='ltr'><strong>ut</strong></span> <span class='ocrx_word' id='word_1_829' title='bbox 411 5356 489 5428; x_wconf 85' lang='lat' dir='ltr'><strong>justa</strong></span> <span class='ocrx_word' id='word_1_830' title='bbox 511 5361 539 5412; x_wconf 93' lang='lat' dir='ltr'><strong>ct</strong></span> <span class='ocrx_word' id='word_1_831' title='bbox 568 5357 643 5413; x_wconf 88' lang='lat' dir='ltr'><strong>bona</strong></span> <span class='ocrx_word' id='word_1_832' title='bbox 666 5374 752 5429; x_wconf 85' lang='lat' dir='ltr'><strong>opera</strong></span> <span class='ocrx_word' id='word_1_833' title='bbox 777 5362 923 5429; x_wconf 86' lang='lat' dir='ltr'><strong>operetur,</strong></span> <span class='ocrx_word' id='word_1_834' title='bbox 945 5360 980 5415; x_wconf 89' lang='lat' dir='ltr'><strong>de</strong></span> <span class='ocrx_word' id='word_1_835' title='bbox 997 5378 1034 5416; x_wconf 85' lang='grc' dir='ltr'><strong>ιι-</strong></span> <span class='ocrx_word' id='word_1_836' title='bbox 1088 5359 1240 5415; x_wconf 88' lang='lat' dir='ltr'><strong>scientiam</strong></span> <span class='ocrx_word' id='word_1_837' title='bbox 1258 5364 1288 5416; x_wconf 89' lang='lat' dir='ltr'><strong>ct</strong></span> <span class='ocrx_word' id='word_1_838' title='bbox 1303 5360 1585 5433; x_wconf 89' lang='lat' dir='ltr'><strong>circumspectionem</strong></span> <span class='ocrx_word' id='word_1_839' title='bbox 1601 5362 1716 5432; x_wconf 77' lang='lat' dir='ltr'><strong>degens,</strong></span> <span class='ocrx_word' id='word_1_840' title='bbox 1730 5361 1800 5415; x_wconf 79' lang='lat' dir='ltr'><strong>viam</strong></span> <span class='ocrx_word' id='word_1_841' title='bbox 1814 5349 1913 5404; x_wconf 70' lang='lat' dir='ltr'><strong>illarum</strong></span> 
     </span>
     <span class='ocr_line' id='line_1_61' title="bbox 187 5429 1913 5529; baseline 0.008 -36"><span class='ocrx_word' id='word_1_842' title='bbox 187 5442 269 5495; x_wconf 86' lang='lat' dir='ltr'><strong>lerna</strong></span> <span class='ocrx_word' id='word_1_843' title='bbox 287 5442 344 5496; x_wconf 81' lang='lat' dir='ltr'><strong>rita</strong></span> <span class='ocrx_word' id='word_1_844' title='bbox 369 5444 521 5513; x_wconf 80' lang='lat' dir='ltr'><strong>gaudabit;</strong></span> <span class='ocrx_word' id='word_1_845' title='bbox 546 5446 589 5499; x_wconf 84' lang='lat' dir='ltr'><strong>val</strong></span> <span class='ocrx_word' id='word_1_846' title='bbox 612 5446 635 5499; x_wconf 90' lang='lat' dir='ltr'><strong>si</strong></span> <span class='ocrx_word' id='word_1_847' title='bbox 658 5446 713 5501; x_wconf 91' lang='lat' dir='ltr'><strong>hoc</strong></span> <span class='ocrx_word' id='word_1_848' title='bbox 746 5447 830 5503; x_wconf 91' lang='lat' dir='ltr'><strong>modo</strong></span> <span class='ocrx_word' id='word_1_849' title='bbox 854 5463 1034 5520; x_wconf 89' lang='lat' dir='ltr'><strong>percorpus</strong></span> <span class='ocrx_word' id='word_1_850' title='bbox 1087 5452 1177 5529; x_wconf 76' lang='lat' dir='ltr'><strong>notat,</strong></span> <span class='ocrx_word' id='word_1_851' title='bbox 1200 5448 1268 5521; x_wconf 90' lang='lat' dir='ltr'><strong>quia</strong></span> <span class='ocrx_word' id='word_1_852' title='bbox 1290 5454 1365 5505; x_wconf 87' lang='lat' dir='ltr'><strong>recte</strong></span> <span class='ocrx_word' id='word_1_853' title='bbox 1387 5450 1503 5519; x_wconf 85' lang='lat' dir='ltr'><strong>incedit,</strong></span> <span class='ocrx_word' id='word_1_854' title='bbox 1524 5466 1589 5505; x_wconf 89' lang='lat' dir='ltr'><strong>cum</strong></span> <span class='ocrx_word' id='word_1_855' title='bbox 1607 5450 1771 5521; x_wconf 87' lang='lat' dir='ltr'><strong>pudicitiam</strong></span> <span class='ocrx_word' id='word_1_856' title='bbox 1789 5429 1913 5498; x_wconf 69' lang='lat' dir='ltr'><strong>⁸ffl³¹=⁸¹’</strong></span> 
     </span>
    </p>
   </div>
   <div class='ocr_carea' id='block_1_9' title="bbox 0 0 1996 6034">
    <p class='ocr_par' dir='ltr' id='par_1_11' title="bbox 0 0 1996 6034">
     <span class='ocr_line' id='line_1_62' title="bbox 0 0 1996 6034; baseline 0 1"><span class='ocrx_word' id='word_1_857' title='bbox 0 0 1996 6034; x_wconf 95' lang='lat' dir='ltr'><strong> </strong></span> 
     </span>
    </p>
   </div>
  </div>
 </body>
</html>
