3984 6034
113 158 162 212 nr
838 155 865 212 s.
886 151 1131 211 arsnaaaaurs.
1733 120 1737 126 '
1805 152 1859 207 ma

109 284 161 354 vit,
179 289 210 341 ut
223 285 308 342 sciret
320 283 459 358 quoniam
478 283 536 340 Deo
552 285 648 342 nullus
669 287 824 359 praevalere
845 293 957 360 pusset;
978 284 1118 344 briscera
1133 301 1199 341 mea
1212 285 1290 340 velut
1305 283 1395 340 odore
1416 282 1536 339 balsami
1549 283 1610 355 ejus
1625 284 1776 356 adspectus
1789 299 1858 356 per-

111 375 152 430 sic
166 379 195 430 et
208 374 269 430 buc
291 374 396 430 mulier
416 391 480 430 cum
505 375 633 447 maligno
657 375 772 449 spiritui
793 378 830 432 ad
851 391 956 431 vexan-
1010 374 1095 431 ludit.
1104 375 1184 430 Tunc
1193 373 1299 445 gaudio
1307 388 1413 444 magno
1424 377 1453 428 et
1461 371 1656 428 inestimabili
1667 371 1858 438 exsultabam,

111 463 181 520 dum
196 462 373 532 tradebatur,
388 465 461 520 Deus
473 480 532 520 non
547 464 679 536 permisit
692 465 769 536 quud
784 464 880 520 anima
895 466 956 538 ejus
1010 479 1182 536 semperque
1205 479 1270 519 eum
1304 463 1466 535 prospicere
1495 462 1704 517 desiderabam.
1731 462 1767 517 Et
1796 462 1860 532 ipse

110 549 142 606 iu
154 550 231 606 bona
244 551 301 606 lide
316 551 465 622 deiiceret;
484 552 559 608 unde
573 558 603 607 et
622 552 758 609 iuimicus
778 553 809 608 in
831 569 864 609 ea
886 569 955 610 eon·
1010 552 1066 619 his,
1079 553 1186 625 qnime
1203 551 1377 614 afflixerunt,
1399 550 1545 622 precepit,
1569 555 1602 604 ut
1626 567 1644 605 a
1664 565 1711 604 me
1731 548 1861 604 discede·

110 639 191 696 lusus
205 644 258 707 est,
275 640 374 712 quiea
385 640 497 712 justitia
512 640 562 697 [iai
577 656 640 697 eam
665 646 795 697 avertere
820 658 879 697 non
903 658 955 714 pu·
1009 646 1085 709 rent,
1098 641 1217 698 dicens:
1237 664 1247 693 ι
1264 640 1424 707 abscedite,
1446 639 1513 712 quia
1528 640 1595 694 nolu
1605 645 1637 694 ut
1651 637 1777 708 amplius
1792 653 1859 692 eam

109 728 175 783 tuit.
202 729 279 784 »llis
302 733 330 784 et
352 729 518 800 hujusmodi
536 730 640 798 serbis,
670 730 751 802 virgo
778 730 829 786 Dei
851 730 955 786 divina
1011 730 1422 803 »uictorqueatissoaicnm
1435 727 1857 800 magnonlulaturecedeutes,

109 817 315 875 misericordiae
343 835 440 891 opera,
460 824 578 890 propter
598 834 628 874 se
643 823 671 874 et
685 835 737 891 per
757 834 786 874 ae
801 819 953 888 celebrata,
1009 819 1173 875 clamabant
1190 835 1197 874 :
1215 840 1229 869 a
1244 818 1301 875 tbi
1323 818 1400 890 quod
1422 818 1479 873 huc
1500 816 1630 871 venimus
1649 813 1719 887 qnia
1740 813 1855 869 confusi

110 905 181 960 nibil
196 906 251 962 sibi
265 906 433 971 attribuens,
456 907 569 976 leniter,
595 907 728 973 suaviter,
746 908 907 963 verecunde
927 914 956 963 et
1009 908 1179 964 recedimus.
1197 928 1212 957 a
1232 908 1295 963 ltux
1309 907 1462 978 aegritudo,
1484 921 1549 977 quie
1568 920 1614 959 me
1635 903 1856 976 inquietaverat,

110 994 257 1049 humiliter
270 995 420 1060 referebat,
437 994 507 1068 qaia
522 995 661 1051 virtutum
681 996 851 1069 jactantiam
877 997 956 1069 lnge-
1009 998 1088 1053 velut
1110 1012 1204 1069 aqua,
1219 1012 1285 1068 quus
1306 1012 1357 1067 per
1378 996 1521 1066 procellos
1544 998 1644 1048 ventas
1664 991 1856 1047 inundatione

111 1099 151 1152 re,
167 1083 279 1138 uirtutis
291 1085 354 1139 loco
367 1084 498 1140 ducebat.
669 1103 671 1106 ·
1009 1090 1235 1152 commoventur,
1254 1084 1291 1141 ad
1311 1084 1396 1138 verba
1410 1083 1463 1137 viri
1485 1099 1530 1137 me
1551 1081 1716 1152 dereliquit,
1733 1085 1761 1135 et
1781 1080 1857 1134 vires

440 1191 553 1247 cqpflp
573 1192 619 1247 111,
1009 1174 1122 1246 recepi,
1153 1172 1397 1245 quemadmodum
1428 1171 1616 1243 peregrinus,
1642 1185 1709 1225 cum
1739 1169 1767 1224 iu
1802 1184 1854 1239 pa·

110 1279 339 1336 Gravinum,
349 1281 469 1346 Sama,
486 1279 590 1352 quain
600 1277 859 1345 „mmmmm
875 1280 954 1335 pene.
1008 1263 1093 1318 triam
1123 1263 1284 1330 revertitur,
1316 1261 1513 1333 possessiones
1537 1275 1604 1314 suas
1627 1258 1785 1329 recolligit,
1812 1263 1853 1311 at-

139 1351 212 1420 ficta
225 1349 481 1423 ouriisprastitn:
501 1366 579 1407 murs
592 1351 784 1423 elecpulturu
805 1350 955 1409 miraculis
1009 1368 1157 1425 quereum
1176 1367 1241 1406 cum
1264 1352 1426 1422 sanguine„
1441 1365 1505 1404 ossa
1527 1363 1592 1403 cum
1609 1347 1743 1402 medullis
1756 1348 1786 1400 iu
1809 1362 1856 1399 ine

146 1423 308 1478 Μηθδῖαῑα·
1008 1446 1139 1512 reparata
1169 1446 1245 1508 sunt,
1271 1440 1352 1512 quusi
1381 1439 1417 1494 de
1446 1443 1537 1494 marte
1568 1436 1702 1491 suscitata
1725 1435 1854 1490 fuissem.

145 1531 190 1584 bt.
208 1527 286 1584 Unde
307 1532 335 1583 et
355 1531 419 1600 post
437 1528 523 1600 hujus
546 1528 658 1584 rirtntis
682 1534 741 1585 tam
763 1528 904 1584 humilem
926 1534 955 1584 et
1008 1533 1045 1585 At
1064 1544 1119 1601 ego
1143 1528 1219 1584 tacui
1245 1528 1275 1582 in
1299 1527 1448 1599 patientie,
1472 1526 1540 1581 silui
1561 1527 1593 1580 in
1619 1524 1853 1589 mansuetudine,

109 1618 275 1674 omninode
290 1617 536 1690 sepraesumentis
556 1618 764 1687 recitationem,
781 1619 862 1690 qnasi
886 1629 953 1674 cnm
973 1585 1038 1674 Bct
1066 1619 1139 1672 sicut
1162 1618 1276 1690 pariens
1304 1621 1368 1688 post
1394 1616 1533 1682 laborem,
1564 1614 1605 1669 ita
1625 1613 1764 1686 loquebar
1788 1616 1856 1684 post

109 1707 247 1778 Apostolo
267 1705 397 1762 diceret:
421 1706 468 1761 Ne
491 1705 660 1779 magnitudo
681 1706 888 1764 revelationum
908 1723 955 1764 esc·
1007 1707 1148 1763 dolorem.

109 1795 194 1851 lollol
205 1811 260 1859 me,
274 1793 361 1850 dotus
374 1796 417 1849 est
435 1792 508 1850 mibi
525 1795 661 1849 stimulus
683 1794 782 1850 carreis
806 1812 884 1862 mea,
900 1813 953 1852 aa·
1044 1798 1077 1852 54
1105 1795 1278 1851 «Posthac
1299 1794 1335 1849 ab
1351 1792 1455 1849 abbate
1469 1808 1535 1847 meo
1549 1795 1579 1846 et
1596 1791 1732 1846 fratribus
1751 1788 1856 1844 bumil-

106 1884 189 1955 pelua
210 1884 334 1946 Sutunae,
366 1881 417 1956 qui
437 1899 483 1938 mc
501 1882 665 1956 colaphizet
685 1883 751 1956 (53),
773 1884 868 1940 statim
891 1886 955 1942 sub'-
1007 1884 1078 1940 lima
1102 1884 1238 1938 instantia
1266 1888 1295 1938 et
1321 1882 1473 1937 devotione
1494 1886 1592 1936 coacta
1612 1895 1686 1948 sum,
1713 1883 1744 1934 ut
1765 1878 1854 1933 vitam

108 1972 197 2028 nectit
225 1988 299 2039 eam,
329 1989 395 2045 qua
425 1972 576 2028 subsecuta
610 1989 674 2028 eam
695 1972 760 2041 luit,
782 1973 863 2045 quasi
889 1990 954 2029 vere
1008 1973 1098 2027 sancti
1114 1972 1239 2028 Disibodi
1255 1972 1384 2043 (55),cui
1400 1970 1481 2042 prius
1501 1970 1702 2034 oblataeram,
1725 1972 1757 2022 ut
1780 1968 1855 2022 beris

107 2059 242 2117 stimulus
256 2065 355 2116 contra
370 2061 575 2128 extollentiam,
598 2061 686 2116 totius
710 2061 804 2118 carnis
818 2079 877 2118 suas
903 2063 955 2118 de·
1007 2062 1112 2128 vellet,
1135 2062 1310 2130 scriberem,
1329 2058 1397 2132 quia
1419 2058 1491 2114 nibil
1513 2059 1585 2113 certi
1602 2057 1670 2112 iude
1692 2057 1853 2112 baberent.

107 2149 309 2207 bilitationem.
328 2171 339 2202 ι
356 2152 423 2206 Post
437 2151 508 2218 baec,
521 2150 626 2223 inquit,
647 2150 785 2206 nimirum
800 2150 872 2221 {post
892 2166 955 2205 mu·
1008 2152 1042 2205 Et
1072 2151 1201 2205 oratione
1231 2166 1297 2204 cum
1321 2147 1501 2203 invocatione
1528 2146 1651 2217 Spiritus
1672 2144 1762 2200 sandi
1782 2159 1855 2215 prse-

107 2237 186 2294 lieris
208 2239 285 2294 illius
308 2239 519 2308 liberationem,
543 2255 648 2311 magna
676 2239 815 2310 agritudo
836 2239 953 2306 iterum,
1009 2241 1105 2308 missa,
1119 2239 1156 2294 ad
1170 2255 1264 2293 veram
1280 2238 1469 2309 Sapientiam,
1484 2236 1515 2291 in
1530 2251 1597 2290 vera
1608 2235 1717 2290 visione
1729 2249 1855 2288 commo·

109 2326 214 2382 invasit
227 2343 283 2396 me,
301 2328 339 2382 ita
354 2327 430 2399 quud
448 2343 527 2382 venie
544 2343 615 2382 meas
631 2343 697 2382 cum
721 2327 870 2398 sanguine,
891 2344 956 2382 ossa
1009 2330 1080 2397 nita,
1096 2328 1229 2401 prospexi
1246 2344 1253 2383 ι
1269 2344 1302 2382 ac
1321 2325 1489 2392 secuudum,
1505 2325 1583 2397 quod
1600 2324 1663 2395 ipsa
1678 2339 1723 2378 me
1745 2323 1853 2388 docuit,

109 2431 174 2471 cum
191 2416 326 2472 medullis
340 2422 554 2482 emarcuerunt,
570 2421 598 2470 et
619 2417 725 2471 viscera
741 2431 803 2471 mea
818 2417 893 2471 intra
909 2433 955 2472 me
1008 2419 1096 2473 vitam
1127 2422 1157 2472 et
1184 2416 1287 2472 nierita
1317 2415 1407 2487 ipsius
1439 2414 1527 2468 sancti
1559 2411 1727 2484 conscripsi.
1744 2411 1853 2467 Deinde

110 2505 243 2561 distracta
259 2509 335 2571 sunt,
351 2509 503 2576 totumque
525 2521 627 2576 corpus
645 2520 742 2558 meum
761 2505 801 2560 ita
815 2506 953 2577 elanguit,
1008 2506 1115 2561 librum
1134 2505 1303 2562 Divinarum
1325 2520 1443 2576 operum
1465 2502 1522 2573 (56)
1545 2501 1655 2574 scripsi,
1679 2501 1709 2555 iu
1732 2516 1800 2573 qno,
1823 2504 1856 2553 ut

109 2593 183 2649 sicut
196 2592 293 2650 barbae
308 2593 481 2648 viriditatem
500 2610 581 2648 suam
600 2593 630 2648 in
651 2593 746 2648 bieme
771 2594 905 2665 perdunt.
922 2595 956 2650 lit
1009 2594 1194 2665 omnipotens
1210 2593 1284 2650 [iens
1297 2593 1368 2649 mibi
1384 2592 1501 2657 infudit,
1522 2590 1717 2656 altitudinem,
1734 2590 1853 2660 protun-

108 2681 176 2750 ridi,
193 2683 269 2753 qnod
295 2682 553 2754 nequemspiritus
575 2683 642 2738 iude
659 2683 826 2750 irridebant,
843 2683 956 2738 cachiu-
1008 2683 1127 2739 ditatem
1150 2687 1179 2737 et
1214 2682 1393 2738 latitudinem
1423 2678 1599 2736 firmamenti
1628 2678 1699 2745 vidi,
1728 2683 1757 2733 et
1780 2693 1853 2749 quo·

109 2771 206 2826 nendo
226 2763 353 2826 dicentes
370 2788 376 2825 :
396 2793 410 2821 ι
424 2769 500 2826 Vabl
517 2771 571 2825 ista
584 2771 733 2836 moriatur,
752 2778 781 2827 et
794 2771 878 2826 aurici
893 2772 955 2843 ejus
1011 2772 1096 2827 modo
1111 2772 1152 2827 sol
1167 2776 1195 2827 et
1208 2773 1288 2838 luna,
1304 2771 1392 2826 stellae
1408 2776 1437 2826 et
1450 2774 1554 2825 cratera
1574 2770 1604 2823 in
1625 2768 1676 2824 illu
1696 2767 1854 2822 constituta

109 2859 263 2926 nitebunt,
279 2875 343 2914 cum
368 2859 473 2932 quibus
497 2876 549 2916 nus
570 2861 708 2915 contudit.
735 2879 750 2910 s
777 2861 834 2931 Ego
857 2867 953 2916 autem
973 2867 1087 2943 Csnut.
1111 2862 1226 2916 »linita
1248 2866 1276 2916 et
1298 2861 1354 2916 alia
1373 2859 1581 2940 scripturarum
1604 2859 1803 2923 monumenta,
1826 2859 1855 2910 ct

109 2946 218 3001 exitum
243 2947 347 3002 animer
366 2964 438 3004 meu
463 2948 561 3004 adesse
581 2965 638 3005 non
664 2949 732 3004 vidi.
753 2949 954 3006 infirmitatem
1009 2950 1134 3022 insignia
1165 2949 1326 3023 prophetia
1360 2947 1520 3020 gratiasque
1553 2945 1725 3000 documenta
1757 2947 1854 2996 sancta

111 3039 207 3091 autem
227 3035 310 3091 istam
333 3036 484 3108 plusquam
508 3037 699 3107 quadraginta
723 3037 783 3093 dies
807 3041 836 3094 et
858 3044 955 3093 noctes
1007 3040 1088 3112 virgo
1116 3039 1247 3108 coniecit,
1272 3038 1346 3092 sicut
1373 3036 1505 3108 superius
1536 3034 1670 3101 diximus,
1695 3031 1726 3086 in
1751 3029 1856 3103 quibus

110 3123 250 3196 patiebar.
266 3125 418 3180 lnterboec
437 3123 468 3180 in
491 3140 559 3180 vera
580 3124 688 3180 visione
711 3126 780 3180 mibi
806 3132 955 3182 ostensum
1009 3128 1130 3184 eruditae
1157 3144 1175 3181 a
1205 3126 1312 3198 Spiritu
1341 3131 1440 3181 sancto
1471 3124 1536 3196 ejus
1568 3123 1673 3178 anime
1695 3136 1728 3175 ae
1750 3117 1856 3174 divinis

110 3211 183 3280 fuit,
215 3213 291 3285 quod
320 3212 460 3285 quasdem
490 3216 729 3286 congregationes
759 3214 953 3285 spiritualium
1008 3205 1856 3285 deditaeindiciacolligimus.Plurimrsmenimamolumeuti

110 3299 273 3370 bominum,
290 3301 418 3357 virorum
431 3317 463 3356 ac
487 3303 654 3370 mulierum,
669 3303 835 3369 inviserem,
856 3304 955 3376 eisque
1009 3304 1039 3361 iu
1061 3307 1102 3361 eis
1124 3304 1255 3360 invenire
1277 3309 1410 3376 possunt,
1434 3303 1485 3375 qui
1509 3317 1638 3356 amorem
1666 3297 1806 3355 doctrinas
1827 3299 1857 3351 ct

110 3389 206 3458 verbu,
228 3406 293 3462 quse
325 3391 397 3446 Deus
426 3391 498 3446 mibi
526 3392 701 3460 ostenderet,
728 3393 953 3450 manifestarem.
1008 3393 1135 3449 scientim
1149 3398 1264 3464 gerunt,
1281 3397 1381 3463 utpote
1396 3407 1490 3464 quaa
1505 3391 1562 3446 lieo
1585 3389 1728 3454 ordinata,
1748 3391 1854 3456 otper-

110 3477 192 3544 and
221 3478 291 3535 dum
320 3479 438 3536 taudem
475 3480 566 3536 iacere
605 3485 757 3546 tentarem,
791 3497 842 3536 nec
881 3482 955 3537 vires
1010 3485 1101 3555 ipsam
1128 3482 1294 3538 bominibus
1317 3487 1385 3536 suut
1407 3480 1568 3552 propalata,
1594 3478 1623 3532 in
1649 3493 1706 3549 qua
1730 3475 1781 3531 Dei
1804 3475 1854 3531 Sa·
1936 3495 1941 3503 ·

109 3567 238 3638 corporis
272 3567 430 3636 haberem,
456 3568 611 3624 infirmitas
645 3585 710 3624 mea
741 3570 954 3642 aliquantulam
1009 3572 1129 3645 pientia,
1146 3571 1228 3643 quasi
1247 3571 1276 3625 in
1296 3570 1367 3625 solio
1388 3568 1523 3642 potentias
1541 3567 1658 3622 sublimi
1684 3565 1854 3619 auctoritate

111 3655 277 3712 lenitaest:
299 3662 328 3712 et
350 3663 527 3729 preceptum
553 3657 603 3713 Dei
624 3673 785 3730 exsequens
815 3661 881 3730 (54),
902 3660 956 3716 dis·
1010 3661 1136 3729 sedebat,
1152 3665 1181 3715 et
1199 3676 1251 3730 per
1272 3675 1336 3714 eam
1352 3657 1497 3714 mirabilia
1516 3656 1634 3724 iaciens,
1658 3668 1757 3708 rerum
1775 3650 1854 3722 judi-
1895 3706 1904 3720 ,

110 3745 268 3810 sensioues,
295 3761 366 3818 quas
380 3745 498 3818 quidam
524 3747 599 3802 iuter
620 3763 650 3802 se
672 3747 825 3814 habebant,
848 3748 954 3803 sedavi.
1009 3750 1053 3806 cia
1065 3749 1245 3804 decernebat.

111 3833 167 3888 llas
181 3833 251 3901 vias,
268 3850 339 3906 quas
356 3835 429 3890 Deus
450 3835 519 3891 mibi
535 3836 678 3907 praecepit,
699 3851 764 3890 cum
778 3837 955 3908 negligerem
1046 3840 1090 3892 55.
1113 3835 1170 3905 llis,
1195 3840 1282 3908 prout
1300 3834 1474 3907 possibilitas
1501 3832 1640 3905 ingenioli
1671 3829 1852 3904 suppetebat,

110 3927 230 3994 propter
243 3924 343 3995 populi
357 3924 504 3994 timorem,
520 3925 631 3980 dolores
653 3925 725 3980 mibi
745 3925 873 3996 corporis
888 3930 955 3981 sunt
1010 3926 1120 3981 anobis
1135 3925 1263 3997 digestis,
1278 3926 1421 3980 calamum
1442 3923 1478 3979 ad
1499 3923 1584 3979 verba
1602 3925 1767 3976 sanctarum
1782 3918 1853 3973 lilia-

110 4012 298 4080 augmentati.
314 4027 366 4068 nec
380 4013 538 4081 cessabant,
555 4028 704 4084 quousque
728 4013 841 4068 obediri
856 4030 862 4068 ι
884 4013 957 4068 sieut
1010 4031 1076 4071 rum
1090 4015 1152 4087 ejus
1165 4020 1319 4083 vertemus,
1335 4018 1364 4069 et
1379 4030 1444 4086 quea
1459 4013 1495 4068 de
1510 4012 1573 4084 ipsa
1587 4015 1750 4065 memoratu
1768 4006 1854 4077 digna

23 4089 27 4097 ’
111 4103 140 4153 et
150 4099 229 4154 luna
242 4100 372 4172 contigit,
390 4101 439 4171 qni
453 4101 536 4157 valde
553 4099 675 4156 afflictus
689 4101 744 4157 fuit
757 4117 907 4174 quousque
920 4102 954 4157 ed
1010 4104 1194 4175 seripserunt,
1222 4103 1346 4158 maxime
1377 4119 1442 4174 quse
1474 4103 1509 4157 de
1536 4100 1620 4155 beato
1643 4097 1765 4153 transitu
1793 4096 1854 4166 eius

111 4185 303 4244 obedientiam
319 4205 348 4244 se
364 4189 520 4245 reclinavit.
536 4211 550 4240 u
973 4179 1239 4261 1>sunt,viderunt
1261 4197 1290 4247 et
1309 4192 1473 4254 audierant,
1497 4195 1526 4245 st
1555 4188 1689 4244 manibus
1714 4187 1774 4240 suis
1796 4190 1853 4240 tra-

144 4277 192 4331 5³.
216 4275 375 4348 supernam
397 4282 463 4348 post
489 4276 551 4333 baec
581 4292 684 4348 sponsa
718 4276 822 4332 Christi
850 4276 956 4334 meruit
1009 4287 1166 4347 cieverunt,
1189 4281 1342 4352 adjuvante
1366 4281 1499 4346 Domino,
1519 4277 1645 4334 tideliter
1665 4281 1695 4331 et
1717 4274 1853 4330 veraciter

111 4362 317 4433 visitationem,
341 4380 398 4437 qua
427 4369 536 4421 tantm
563 4365 690 4437 percepit
716 4365 954 4434 consolationem,
1009 4371 1078 4427 huie
1091 4370 1172 4443 aperi
1185 4374 1382 4425 annectamus.

23 4515 28 4522 .
111 4456 143 4506 ut
165 4467 198 4506 ex
222 4451 283 4524 ejus
304 4453 493 4509 delectatione
519 4454 635 4524 diceret,
657 4472 687 4509 se
706 4455 844 4526 repletam
867 4455 955 4510 fuisse
1044 4459 1201 4527 liulierem,
1228 4458 1375 4529 inquiunt,
1405 4456 1560 4528 quamdam
1584 4452 1688 4509 acriter
1708 4469 1727 4506 a
1750 4451 1854 4507 namo

109 4538 320 4596 inaestimabilis
350 4540 450 4614 gaudii
473 4543 705 4599 exsultatione«
730 4543 953 4611 Pulcherrimus,
1008 4546 1057 4603 uio
1071 4552 1151 4602 muto
1173 4550 1313 4607 vexatam,
1336 4559 1529 4616 superquam
1553 4549 1583 4598 et
1602 4542 1705 4597 iratres
1726 4539 1761 4595 de
1780 4539 1853 4594 baca

110 4627 216 4701 inquit,
231 4630 486 4686 etamantissimus
502 4631 544 4686 vir
562 4631 592 4686 in
610 4631 719 4687 visione
741 4633 867 4688 veritatis
883 4633 954 4690 mibi
1009 4637 1076 4708 (57),
1105 4635 1263 4707 plurimum
1290 4635 1501 4700 laboraverant,
1532 4647 1598 4688 cum
1629 4631 1665 4688 ad
1687 4645 1718 4685 se
1746 4642 1852 4699 magno

109 4717 232 4789 apernit,
255 4719 306 4792 qui
326 4725 414 4775 tauta
440 4720 646 4776 consolationis
666 4719 730 4790 fait,
752 4722 830 4794 quod
857 4722 955 4778 omnia
1007 4724 1108 4781 labore
1134 4724 1263 4778 suornm
1283 4721 1316 4778 in
1338 4723 1412 4777 lectu
1439 4722 1589 4793 deportata
1608 4723 1695 4782 asset,
1721 4717 1770 4790 pia
1793 4731 1853 4771 ma·

146 4866 200 4938 (53)
222 4866 362 4923 Stimulae
381 4867 475 4922 carnis
499 4871 526 4921 et
549 4870 668 4939 angelus
688 4867 811 4936 Satanae,
836 4867 872 4924 de
895 4884 953 4940 quo
1045 4869 1091 4935 55)
1115 4867 1154 4924 De
1182 4865 1288 4938 scripta
1318 4865 1380 4920 ilita
1404 4866 1434 4921 S.
1465 4864 1592 4921 Disibodi
1625 4870 1721 4920 actum
1756 4866 1799 4917 est
1823 4861 1853 4916 iu

110 4937 238 5009 loquitur
262 4939 414 5009 Apostolus
435 4939 485 5006 (ll
509 4939 580 4994 Gor.
610 4955 661 5006 ιιι,
689 4943 731 5006 71,
754 4939 840 4994 variis
861 4940 954 4996 modis
1009 4938 1234 5005 Commentario,
1256 4953 1337 4992 num.
1362 4939 1429 5003 l88,
1454 4940 1483 4991 et
1503 4952 1584 4991 urim.
1611 4937 1671 5004 tlt,
1696 4934 1746 4990 nbi
1767 4933 1852 4988 etiam

105 5008 273 5080 'samnitum
306 5010 356 5065 llic
385 5015 485 5063 auctor
509 5025 575 5064 cum
606 5010 669 5064 aliis
695 5009 791 5065 mattis
819 5010 955 5082 iutelligit
1008 5009 1125 5066 recitavi
1140 5013 1251 5080 partem
1266 5009 1393 5080 epistola
1408 5007 1518 5062 abbatis
1532 5006 1562 5062 id
1576 5007 1711 5078 petentis.

109 5080 238 5150 eorporis
264 5079 475 5145 infirmitatem,
498 5096 555 5152 qua
579 5085 695 5136 vexatus
717 5081 805 5137 luerit
828 5080 856 5136 S.
881 5082 953 5136 Pau·
1043 5081 1101 5152 (ὅθ)
1116 5081 1155 5135 De
1176 5080 1281 5151 scripto
1299 5080 1373 5135 libro
1388 5078 1552 5135 Divinarum
1566 5094 1684 5151 operiens
1701 5082 1795 5132 aetum
1811 5079 1854 5130 est

109 5149 165 5218 ius,
188 5165 224 5204 ne
244 5151 451 5206 revelationum
475 5167 591 5206 suarum
612 5150 780 5206 excellentia
801 5151 830 5207 in
853 5166 953 5223 super·
1009 5168 1090 5206 num.
1111 5154 1170 5206 lau.

110 5219 187 5275 biam
201 5220 370 5292 erigeretur.
392 5223 449 5277 llnc
469 5237 555 5278 sensu
576 5221 662 5278 verba
682 5226 758 5278 recte
781 5223 954 5294 adaptantur
1043 5223 1100 5294 (57)
1127 5221 1296 5277 ticenobium
1324 5222 1457 5288 Lacenae,
1486 5222 1546 5275 sive
1572 5219 1608 5275 de
1630 5222 1717 5287 Meu,
1745 5214 1853 5273 ordinis

109 5291 137 5346 S.
158 5290 328 5362 Hildrgflrdi.
1008 5293 1036 5351 S.
1053 5292 1207 5360 Benedicti,
1223 5314 1233 5341 ι
1251 5293 1280 5347 in
1296 5292 1402 5348 linibus
1422 5292 1616 5358 Trevirorum,
1632 5306 1690 5345 nun
1712 5291 1796 5359 louge
1818 5287 1852 5341 ab

127 5361 198 5505 litis]
212 5362 306 5490 ¹{aria
327 5361 435 5420 Sauetae
453 5363 558 5418 itinera
577 5363 696 5436 exposui
714 5364 744 5419 iu
770 5364 954 5420 Commenta·
1008 5364 1179 5420 ladernaco
1202 5384 1217 5415 ι
1245 5366 1328 5435 ponit
1355 5364 1509 5419 bucelinus
1526 5364 1557 5419 in
1579 5360 1738 5417 Genuuuiu
1756 5373 1853 5423 sacru,

111 5437 193 5502 rru,'
248 5475 253 5490 .
1006 5441 1082 5509 part.
1101 5452 1132 5503 n,
1147 5450 1214 5507 pag.
1229 5438 1273 5490 tl.
