3984 6034
159 144 224 197 toas
879 133 908 189 S.
929 130 1167 193 utturcnttttts
1842 130 1913 186 tuat

155 279 278 333 titionem
302 278 330 331 ct
351 288 463 329 monam
487 276 568 344 paeri
589 271 864 341 inuoluuntiapolto
890 270 1002 334 maris,
1021 268 1179 339 Avenarit,
1206 273 1235 325 at
1252 268 1277 327 si
1306 268 1414 325 ibidem
1448 268 1656 325 monasteriam
1679 268 1911 325 conversationis

155 366 204 421 ubi
217 363 440 435 intelligendum
457 360 598 433 estquod
612 358 714 432 petitio
735 363 890 431 parentum
916 358 1001 429 pueri
1060 374 1118 415 sure
1142 359 1253 427 viderit,
1280 358 1310 415 in
1334 374 1391 431 qao
1414 356 1583 431 paenitentia
1599 360 1712 427 ductus,
1737 373 1859 415 manere
1877 356 1911 412 in

155 470 207 526 pro
220 452 386 509 testimonia
400 451 431 507 in
455 450 675 506 confirmatione
699 448 802 504 litteris
821 447 1004 505 commenda·
1058 446 1210 503 stabilitate
1229 446 1362 516 volucrit,
1388 452 1460 503 etse
1489 446 1595 517 suscipi
1622 462 1674 519 per
1709 446 1910 503 contirmalia-

155 544 252 611 batur,
270 558 335 597 cum
348 541 431 596 illam
447 541 505 595 lieo
520 538 690 605 offerebant,
716 536 960 608 quemadmodum
975 541 1005 592 ct
1057 551 1123 593 uem
1150 536 1304 606 rogaverit,
1321 542 1390 592 tunc
1411 536 1434 590 si
1457 535 1562 607 dignus
1583 540 1637 603 est,
1663 535 1748 592 etiam
1772 536 1910 608 quemvis

153 630 307 703 illiustqai
330 628 517 690 stabilitatem
533 632 562 681 et
588 626 803 683 conversionem
819 632 849 681 et
871 625 1005 681 obedien·
1057 641 1118 698 prae
1138 624 1318 697 longitudine
1350 624 1591 697 peregrinationis
1623 624 1734 681 litteras
1758 640 1910 681 commen·

155 721 226 776 tiam
240 734 321 775 suam
338 732 434 774 coram
457 718 515 772 Deo
531 720 560 771 et
582 713 688 769 sanctis
714 714 776 785 cius
804 714 834 768 in
854 729 1002 769 consecra·
1058 714 1172 771 datities
1187 730 1246 769 nan
1264 714 1378 783 habeat,
1391 730 1445 770 nec
1465 714 1572 772 habere
1596 715 1697 786 possit,
1723 714 1827 771 melias
1851 713 1909 770 erit

154 810 235 865 tione
251 824 303 863 sua
316 805 450 879 promisit
461 809 493 859 ut
511 818 599 875 supra
615 801 786 858 ostenditur.
813 802 848 857 rt
874 800 1003 857 deinde:
1058 803 1282 876 utsuscipiatur,
1298 819 1386 875 qnam
1400 802 1534 859 introitus
1552 804 1580 859 ei
1594 804 1771 875 denegetur;
1797 803 1909 875 quiesi

154 897 186 954 Si
198 899 261 967 quis
277 896 310 951 de
324 894 419 950 arctim
431 892 602 948 sacerdotum
627 893 658 947 in
670 892 835 946 monasterio
848 904 878 945 se
899 890 1005 960 suscipi
1057 908 1117 948 neu
1142 892 1344 965 susciperetur,
1364 892 1485 948 forsitan
1507 896 1558 948 aut
1571 892 1729 962 debilitate,
1745 896 1796 947 aut
1821 891 1907 946 intir-

155 987 379 1053 rogaverimus
400 981 509 1051 quidem
538 982 621 1036 sitim
653 980 679 1035 ei
711 981 922 1035 'musmtiotur:
953 978 1003 1049 qui
1058 980 1167 1049 mitate,
1194 986 1245 1037 aut
1269 986 1424 1051 senectute,
1446 998 1496 1037 sau
1516 981 1572 1037 alio
1599 996 1714 1054 quoquc
1736 980 1907 1053 gravamine

155 1073 285 1130 sacerdos
299 1070 504 1141 intelligendus
517 1075 559 1124 est
577 1068 636 1135 ille,
652 1069 701 1140 qui
726 1072 777 1122 aut
791 1067 1002 1139 praepositura,
1058 1086 1221 1143 oppressos,
1235 1086 1285 1127 seu
1305 1069 1486 1142 longitndine
1501 1069 1612 1126 itineris
1627 1075 1657 1125 ct
1675 1068 1852 1126 reversionis
1873 1069 1907 1124 ad

154 1166 205 1218 aut
218 1158 519 1233 archipresbyteratui,
542 1163 594 1212 aut
619 1155 765 1228 parochiae
795 1159 927 1227 praeerat,
952 1155 1003 1227 qui
1058 1160 1276 1227 monasterium,
1301 1159 1377 1215 unde
1412 1160 1531 1229 exierat,
1555 1160 1586 1215 in
1605 1158 1837 1232 desperationem
1854 1158 1906 1214 da·

155 1249 374 1321 etiampropter
388 1246 520 1303 eamdem
535 1244 748 1317 prelationem,
769 1243 896 1299 animam
922 1258 1004 1299 suam
1057 1252 1130 1314 ctus,
1145 1248 1180 1305 ad
1200 1247 1336 1304 saeculum
1360 1247 1476 1316 rediret,
1503 1253 1531 1304 et
1545 1247 1576 1303 in
1591 1248 1905 1320 saeculopcrmaueret,

154 1338 199 1393 vix
222 1338 257 1393 ad
280 1335 489 1406 subjectionem
510 1349 640 1388 coercere
670 1331 787 1403 poterit.
820 1333 882 1388 Non
906 1336 1003 1387 autem
1058 1341 1136 1392 eteo
1151 1336 1237 1393 modo
1252 1335 1283 1392 in
1298 1336 1570 1409 auimaetcorpore
1585 1336 1704 1407 periret.

154 1424 317 1496 episcopus,
341 1423 409 1495 quia
432 1422 569 1477 indecens
593 1424 667 1475 osset
686 1418 772 1491 quod.
791 1419 925 1490 princeps
946 1416 1005 1471 ani.
1093 1424 1146 1480 sed
1167 1429 1264 1480 tamen
1285 1424 1377 1480 multo
1403 1424 1502 1479 utilius
1524 1424 1566 1481 itti
1582 1430 1634 1493 esi,
1651 1428 1683 1481 ut
1701 1424 1738 1480 ad
1759 1428 1905 1481 monaste-

153 1510 390 1583 marumpopuli,
414 1510 504 1581 quiet
518 1508 656 1580 magister
680 1506 791 1563 abbatis
813 1507 932 1574 exstitit,
957 1506 1006 1561 ab·
1058 1512 1242 1579 riumsuum,
1267 1513 1302 1570 de
1328 1528 1386 1586 qao
1409 1513 1517 1585 absque
1550 1512 1740 1584 permissione
1767 1511 1904 1585 spiritalis

152 1600 216 1657 bati
229 1600 428 1670 subjiceretur.
444 1599 499 1655 Sea
521 1598 578 1666 hio,
604 1597 628 1652 si
653 1596 780 1652 converti
801 1595 934 1662 voluerit,
959 1611 1004 1648 ⁵⁰·
1023 1578 1149 1656 BPatris
1162 1600 1207 1656 sui
1222 1600 1318 1667 exivit,
1334 1598 1359 1654 si
1374 1600 1434 1656 ulla
1451 1599 1536 1655 modo
1556 1599 1691 1671 potuerit,
1717 1600 1828 1665 redeat,
1857 1603 1904 1653 aut

154 1690 198 1745 lus
214 1690 246 1744 in
264 1688 434 1761 paenitentia
453 1688 490 1742 sit
508 1688 616 1759 absque
632 1686 808 1756 subjectione
832 1683 1002 1756 magisterii.
1057 1688 1256 1743 remissionem
1281 1692 1371 1761 petat,
1398 1703 1484 1759 quarn
1499 1686 1529 1742 iu
1551 1686 1607 1741 alio
1630 1685 1819 1758 pertinaciter
1845 1701 1902 1740 rna·

154 1778 264 1835 Deinde
280 1777 480 1834 subinfertur:
499 1778 539 1832 rt
559 1778 585 1831 si
597 1778 670 1843 sorta
683 1775 866 1831 ordinationis
889 1777 939 1829 aut
951 1774 1004 1829 aii·
1058 1781 1135 1842 neat,
1150 1776 1265 1833 itasanc
1280 1776 1304 1831 si
1321 1775 1360 1832 ibi
1383 1775 1565 1847 disciplinam
1595 1774 1760 1830 monasticae
1786 1773 1902 1843 religio·

153 1868 388 1937 cariusreicousa
413 1867 542 1933 fueritin
566 1865 739 1930 monasterio,
765 1863 792 1917 id
807 1866 849 1917 est
864 1863 887 1917 si
903 1867 953 1917 aut
972 1861 1004 1917 in
1059 1864 1104 1919 nis
1125 1880 1187 1921 esse
1215 1864 1305 1920 novit.
1331 1864 1412 1930 Quod
1436 1864 1511 1921 idem
1542 1866 1625 1920 Pater
1660 1862 1903 1935 insequentibus

155 1954 328 2010 obedientiis
341 1958 369 2009 et
391 1952 421 2008 iu
442 1952 545 2008 ciliciis
560 1952 801 2023 magisteriorum,
824 1966 876 2005 seu
903 1951 933 2006 in
956 1966 1005 2005 ne·
1058 1952 1183 2009 affirmat
1196 1971 1203 2009 :
1216 1954 1316 2011 Caveat
1337 1958 1427 2009 autem
1453 1953 1548 2023 obbas,
1569 1969 1603 2008 nc
1628 1953 1778 2023 aliquando
1792 1953 1827 2007 de
1851 1953 1904 2006 otio

147 2043 241 2120 ‘gotiis
256 2042 443 2108 exteriorum,
470 2040 567 2112 eliqua
587 2040 626 2095 ihi
650 2056 702 2112 per
722 2039 841 2095 consilia
855 2037 1004 2094 tractanda
1057 2047 1119 2098 noto
1136 2045 1299 2098 mottastcrio
1324 2042 1484 2098 manualium
1498 2042 1536 2097 aa
1556 2041 1736 2097 habitandum
1758 2042 1903 2111 suscipiat,

154 2137 233 2201 sont,
247 2132 327 2187 iilum
343 2132 431 2187 mcum
454 2129 590 2196 attendat,
614 2129 725 2200 quondo
742 2131 883 2197 inpressas
911 2133 951 2183 cat
974 2130 1004 2183 iu
1058 2134 1257 2186 siaeaonaensu
1274 2130 1452 2199 abbatisejus
1468 2136 1517 2185 out
1539 2131 1638 2185 litteris
1667 2130 1902 2195 commendatitiis,

153 2221 362 2287 monasterium,
381 2218 514 2274 videlicet
548 2218 653 2287 locum,
683 2217 712 2273 id
741 2221 795 2285 est,
820 2216 1003 2290 propositum
1058 2218 1109 2275 ubi
1131 2235 1190 2275 uon
1204 2219 1275 2289 volt,
1302 2219 1379 2291 qnod
1402 2217 1537 2274 monachi
1562 2218 1727 2290 supradicta
1749 2216 1903 2273 stabilitate

154 2308 382 2364 conversationis
399 2307 572 2363 humilitatis
587 2311 617 2363 et
640 2305 836 2378 subjectionis,
862 2322 928 2378 quae
953 2303 1005 2360 bo·
1058 2313 1088 2364 et
1109 2308 1249 2381 petitione
1274 2307 1405 2379 obligati,
1422 2307 1458 2363 de
1487 2308 1550 2363 loco
1570 2307 1607 2363 ad
1629 2306 1724 2363 lacurn
1745 2307 1901 2362 secundum

155 2398 365 2454 numataltum
382 2397 505 2469 gradum
521 2396 575 2452 sibi
591 2394 725 2468 acquirit,
744 2394 775 2450 in
793 2410 880 2467 quem
906 2394 1003 2450 locum
1057 2398 1181 2455 liberem
1198 2412 1282 2453 suum
1304 2396 1365 2452 sine
1380 2396 1569 2468 permissione
1596 2400 1777 2463 moveantur,
1796 2395 1846 2450 sed
1872 2399 1904 2449 ut

154 2486 215 2558 ipso
254 2486 320 2542 ideo
341 2490 479 2543 venturos
506 2490 558 2555 cst,
580 2500 641 2556 prae
669 2482 760 2540 oculis
780 2482 808 2537 in
836 2482 921 2538 corde
949 2498 1003 2537 suo
1059 2490 1156 2542 votam
1178 2501 1262 2541 suum
1286 2485 1370 2540 flrma
1398 2486 1551 2541 tenacitate
1580 2490 1759 2540 conservent.
1797 2484 1902 2538 Deinde

154 2580 262 2645 teneat,
281 2591 346 2631 curu
374 2576 404 2631 in
438 2573 612 2631 monasterio
647 2572 846 2629 monachalem
872 2571 1002 2628 habitum
1058 2575 1265 2648 prosequitur:
1294 2576 1346 2632 Nea
1370 2579 1506 2630 mensione
1543 2574 1699 2639 sacerdotii,
1724 2574 1904 2629 obliuiscetur

108 2667 111 2674 “
154 2664 288 2736 suscepit,
313 2664 365 2735 qui
392 2666 589 2735 contemptum
619 2660 721 2719 mundi
743 2661 930 2729 demonstrat,
950 2675 1004 2715 non
1058 2666 1166 2731 Repete
1189 2663 1402 2720 obedieutiamct
1420 2662 1607 2733 disciplinam,
1622 2662 1670 2717 sed
1684 2665 1774 2731 magis
1794 2678 1825 2716 ac
1849 2680 1904 2717 ma-

153 2753 291 2822 illumque·
313 2753 339 2807 ci
359 2766 411 2821 pro
424 2752 576 2807 reuerentia
602 2750 749 2806 sacerdotii
778 2764 916 2805 concessus
945 2754 1001 2804 cst:
1057 2756 1100 2821 pis
1115 2754 1145 2807 in
1159 2754 1244 2809 Deum
1270 2754 1416 2823 pronciat:
1442 2753 1528 2807 lomim
1550 2767 1613 2807 uara
1635 2752 1714 2807 ittam
1734 2766 1840 2821 semper
1861 2756 1903 2805 at-

155 2841 263 2897 scilicet
294 2856 353 2896 nou
380 2840 518 2905 attendat,
546 2838 623 2911 qood
640 2824 725 2910 prius
752 2838 849 2895 locum
877 2838 1002 2893 doctoris
1022 2842 1161 2916 Ctmdat,
1182 2857 1235 2912 quo
1255 2844 1394 2909 inpressae
1420 2844 1460 2897 eat
1485 2842 1690 2909 monasterium,
1719 2845 1820 2911 prater
1845 2842 1904 2909 oln-

154 2929 266 2996 hibuit,
280 2928 423 2997 videlicet,
447 2928 522 3001 quod
539 2928 619 3000 peius
643 2927 741 2983 doctor
761 2931 790 2982 et
817 2925 954 2997 magister
973 2925 1003 2980 iu
1057 2932 1128 2985 cium
1147 2931 1255 2986 attaris.
1280 2930 1360 2996 Quod
1386 2928 1515 2984 dicitur:
1539 2928 1691 2984 Monachus
1715 2928 1849 2983 sacerdos
1874 2930 1903 2983 iu

154 3019 263 3091 vopulo
278 3034 328 3073 ³0¹1
343 3018 374 3073 in
389 3018 465 3072 ⁰l⁰t⁰
486 3015 552 3083 fuit·
572 3030 626 3071 ¹¹⁰⁰
639 3015 748 3087 0⁰ssii⁰i
769 3030 823 3070 ¹¹0⁰
836 3014 959 3069 &timei
973 3029 1004 3069 ³8
1058 3019 1232 3075 monasterio
1246 3034 1297 3074 suo
1309 3018 1471 3084 ordinatus,
1484 3019 1519 3075 de
1537 3017 1696 3074 sacerdotio
1718 3032 1771 3074 suo
1787 3034 1846 3073 non
1860 3034 1905 3071 su·

154 3106 372 3179 prudentiorem
388 3109 417 3160 θῑ
430 3105 597 3170 ἆθῦῑὶῡῐθῑῦ,
620 3120 671 3159 ⁸01¹
691 3103 722 3158 in
735 3102 880 3175 loquendo
903 3118 1003 3173 prom·
1058 3108 1181 3179 perbiat,
1197 3108 1246 3164 sed
1274 3108 1322 3180 pia
1343 3108 1492 3163 devotione
1512 3108 1607 3163 locum
1630 3106 1713 3163 illurn
1734 3107 1903 3162 humilitatis

154 3196 280 3268 pliorem
294 3199 344 3249 aut
371 3193 544 3261 cautiorem,
573 3191 639 3247 aliis
659 3191 795 3248 iratribus
810 3190 868 3247 suis
882 3190 913 3245 in
928 3190 1005 3246 clutt-
1059 3202 1089 3253 et
1103 3196 1287 3269 subjectionis
1301 3212 1361 3269 prae
1389 3196 1479 3252 oculis
1495 3196 1525 3251 in
1540 3195 1626 3251 corde
1648 3212 1699 3250 suo
1714 3199 1820 3263 teneat,
1848 3212 1903 3267 quo

155 3289 213 3338 stro
228 3283 345 3338 nutritis
372 3298 444 3343 esse,
473 3297 538 3337 cum
563 3280 668 3352 ipseiu
691 3281 794 3335 saeculo
819 3286 1005 3335 conversatus
1058 3288 1222 3357 exemptum
1245 3285 1351 3342 Christi
1388 3302 1520 3358 sequens,
1554 3284 1753 3340 monachalem
1775 3284 1903 3340 habitam

155 3370 339 3427 sacularibus
358 3370 489 3437 adhaesit,
518 3375 547 3424 et
560 3386 723 3425 eosomnes
746 3368 932 3441 pertransivit
954 3369 1004 3424 aad
1059 3375 1194 3447 suscepit,
1220 3380 1250 3431 ct
1266 3380 1463 3447 contemptum
1487 3374 1589 3429 mundi
1605 3374 1738 3445 arripuit,
1767 3374 1902 3445 quoniam

156 3461 249 3533 magis
261 3476 315 3534 pro
338 3458 501 3515 voluntaria
524 3458 722 3526 conversione,
746 3458 814 3530 quia
831 3474 861 3513 se
880 3457 1006 3529 discipli·
1059 3479 1093 3519 ea
1106 3464 1177 3518 hora
1193 3480 1223 3518 aa
1243 3466 1272 3519 at
1289 3464 1348 3519 Deo
1363 3468 1391 3519 at
1419 3462 1530 3518 homini
1557 3462 1594 3518 sd
1618 3462 1799 3518 serviendum
1815 3462 1906 3533 subic-

155 3565 200 3605 ttae
214 3548 331 3621 Regulae
346 3554 449 3621 sponte
463 3547 594 3619 subjecit,
618 3552 646 3603 et
661 3563 714 3618 pro
728 3545 888 3602 reverantia
911 3562 1004 3601 serer-
1058 3551 1106 3621 cit,
1122 3552 1283 3623 etinsuper
1304 3551 1333 3606 in
1356 3552 1462 3607 humili
1491 3557 1587 3607 mente
1613 3552 1729 3622 cogitet,
1768 3551 1843 3623 quod
1877 3568 1905 3605 se

155 3637 227 3693 dolii
252 3638 297 3694 sai
319 3653 386 3693 cnm
416 3637 480 3693 aliis
508 3638 619 3692 bonum
650 3636 815 3707 exemplum
845 3636 1005 3690 sanctitatis
1062 3653 1176 3695 servam
1197 3644 1225 3694 et
1248 3639 1415 3695 ministrum
1447 3640 1497 3695 uei
1533 3639 1610 3710 iecit,
1635 3654 1702 3694 cum
1724 3654 1754 3694 sc
1777 3638 1906 3695 servituti

154 3727 244 3795 dabit,
268 3726 464 3783 obeditionem
499 3731 528 3781 et
568 3724 775 3797 subjectionem
806 3723 837 3779 in
868 3724 1004 3781 omnibus
1058 3726 1156 3782 altaris
1175 3726 1348 3799 subjugavit.
1377 3727 1457 3782 Unde
1481 3727 1661 3783 inomuibus
1677 3726 1861 3782 humiliorem
1877 3744 1906 3781 se

154 3815 248 3872 causis
266 3831 298 3872 se
322 3814 429 3871 habere
452 3814 594 3871 ostendat.
620 3814 653 3869 tu
681 3814 757 3869 idem
786 3814 871 3868 Pater
899 3812 1004 3868 deinde
1058 3821 1087 3870 et
1100 3815 1303 3886 subjectiorem
1317 3816 1537 3871 demonstrabit.
1559 3816 1631 3871 Nam
1660 3832 1719 3872 non
1745 3816 1838 3871 solum
1861 3822 1907 3871 at-

156 3906 244 3961 diait:
271 3906 303 3961 Si
325 3921 388 3961 uero
400 3910 497 3974 pastea
510 3905 627 3959 voluerit
650 3902 831 3958 stabilitatem
853 3916 933 3957 saum
949 3902 1004 3971 fir·
1058 3903 1166 3970 tandm,
1191 3903 1268 3976 quod
1289 3902 1437 3965 bamiliter
1459 3907 1487 3958 ct
1502 3903 1603 3959 devota
1619 3903 1750 3960 habitum
1773 3904 1907 3959 monachi

154 4008 306 4061 maranae
320 3997 455 4048 renuatur
477 3993 542 4048 totis
565 3992 701 4046 uoluntas.
730 3990 765 4045 rt
791 3989 919 4047 deinde:
946 3992 1004 4049 Non
1059 3990 1192 4063 suscepit,
1205 3995 1378 4063 quapropter
1394 4006 1423 4045 se
1436 3990 1520 4045 vilem
1544 3994 1573 4046 et
1594 3991 1775 4047 obedientem
1794 3992 1826 4047 in
1848 4008 1909 4047 om·

153 4082 250 4144 solam,
279 4084 305 4136 si
327 4082 438 4151 petierit
460 4082 642 4151 suscipiatur,
667 4081 872 4149 congregationi
895 4082 1003 4135 sacion-
1057 4079 1144 4137 nibus
1157 4078 1219 4134 siue
1234 4079 1418 4135 simulatione
1441 4079 1610 4147 estimabit;
1627 4080 1676 4135 sed
1702 4080 1789 4135 etiam
1818 4084 1907 4135 atten-

152 4169 215 4236 das,
229 4185 322 4225 umam
346 4172 430 4225 etiam
456 4168 607 4224 suadeatur
621 4168 857 4237 utercumque
881 4168 1003 4239 coempto
1022 4154 1044 4209 D
1060 4169 1118 4236 dat,
1135 4167 1212 4240 qood
1228 4172 1348 4240 propter
1361 4168 1426 4232 baa,
1450 4168 1529 4239 quod
1556 4184 1586 4224 se
1600 4170 1658 4224 Deo
1673 4168 1704 4224 iu
1728 4168 1824 4224 alticio
1839 4168 1907 4223 alta·

153 4260 204 4313 atii
229 4256 409 4324 mediantem
429 4262 457 4313 et
479 4259 545 4326 quia
572 4259 604 4312 in
631 4257 706 4311 omni
731 4257 787 4311 loca
815 4258 866 4310 uni
892 4258 1004 4312 bonum
1058 4259 1098 4314 ris
1108 4256 1239 4329 subjecit,
1268 4256 1409 4313 humilem
1437 4261 1466 4313 et
1491 4255 1591 4312 mitem
1611 4261 1698 4329 atque
1718 4256 1854 4311 ultimum
1877 4272 1906 4311 se

153 4350 282 4415 seruitus,
298 4349 347 4401 ani
360 4348 585 4417 Regimititatnr.
602 4346 701 4416 ltaque
718 4344 797 4415 quod
810 4344 892 4415 prius
920 4345 1005 4400 Pater
1059 4345 1195 4415 deinceps
1217 4343 1248 4398 in
1270 4342 1461 4399 estimatione
1488 4360 1539 4399 sna
1561 4343 1748 4415 computabit.
1769 4344 1803 4399 Et
1840 4344 1907 4398 sub-

153 4436 206 4491 iate
229 4436 363 4508 superius
387 4434 509 4505 scripsit,
533 4432 733 4503 suscipiendus
749 4432 875 4487 novitius
898 4432 928 4488 in
943 4447 1006 4487 ora·
1058 4432 1167 4489 infert:
1190 4432 1347 4503 Ubicunque
1358 4437 1448 4488 autem
1466 4432 1521 4488 sibi
1541 4432 1787 4502 obstantissima,
1810 4433 1908 4501 janitor

154 4524 239 4592 tario,
253 4540 352 4580 coram
371 4523 509 4579 omnibus
531 4522 682 4594 promittat
704 4522 740 4577 dc
763 4521 918 4577 stabilitate
941 4536 1003 4587 sua,
1058 4522 1184 4591 apriore
1211 4520 1421 4576 benedictionem
1439 4524 1526 4591 petat,
1556 4520 1663 4576 scilicet
1681 4520 1760 4577 velut
1780 4521 1809 4576 io
1833 4521 1907 4576 salar·

155 4613 345 4685 etqaodmox
363 4612 485 4668 intulit:
515 4615 551 4667 lic
574 4627 629 4682 qua
641 4613 821 4681 promissione
843 4625 894 4665 aaa
916 4610 1005 4677 sociat
1059 4608 1177 4676 tatione,
1193 4607 1377 4679 quisseniori
1391 4624 1443 4663 suo
1466 4625 1496 4664 se
1520 4608 1679 4681 subjectum
1695 4626 1756 4665 esse
1777 4610 1805 4665 in
1826 4609 1906 4664 omni

154 4702 313 4769 petitionem
335 4701 373 4757 ad
406 4714 504 4755 nomen
533 4704 701 4767 sanctorum,
741 4714 858 4767 quorum
880 4698 1006 4767 reliquia
1059 4696 1222 4752 humilitate
1234 4695 1455 4753 demonstrabit.

154 4789 196 4844 tbi
209 4794 294 4857 sunt;
309 4794 338 4844 et
352 4788 427 4861 qaod
454 4788 501 4843 bic
522 4786 614 4842 dicit:
642 4789 702 4844 Non
730 4792 864 4842 renuatur
877 4787 942 4842 tatis
960 4800 1006 4840 uo-
1095 4784 1203 4841 Deinde
1213 4782 1300 4841 ctiam
1323 4784 1411 4842 dicit:
1433 4788 1469 4843 tit
1492 4800 1598 4858 semper
1615 4786 1653 4843 ad
1667 4790 1814 4843 orationem
1843 4788 1906 4841 ulti·

155 4876 268 4943 lantas3
281 4879 441 4946 etpostea:
460 4873 813 4931 Verumetiamsaodeotar
841 4878 950 4938 utatet3
976 4876 1007 4926 et
1059 4888 1132 4929 mam
1159 4876 1249 4944 operis
1285 4875 1346 4942 Dei,
1375 4879 1589 4933 commemoratio
1613 4879 1734 4933 amariam
1754 4876 1906 4933 absentium

156 4964 288 5020 iterum:
316 4964 389 5029 Quia
409 4964 439 5017 in
463 4963 538 5018 omni
570 4961 626 5017 loco
657 4964 707 5016 uni
737 4964 849 5017 minino
869 4963 1003 5027 smuitar3
1054 4961 1119 5033 fiat,
1135 4977 1200 5033 quae
1221 4962 1313 5017 oratio
1328 4960 1420 5017 ultimi
1449 4960 1544 5034 operis
1560 4964 1621 5033 liei,
1644 4964 1738 5019 oratio
1760 4963 1906 5019 Dominira

156 5052 197 5107 sie
223 5049 346 5123 intelligi
368 5050 483 5106 voluit:
513 5050 584 5105 Nam
615 5048 640 5103 si
674 5048 817 5121 quispiam
846 5050 1007 5105 monachus
1060 5049 1242 5122 intelligitur,
1268 5051 1405 5122 quoniam
1439 5050 1571 5123 superius
1595 5052 1673 5120 dicit,
1697 5068 1751 5124 per
1776 5050 1905 5107 eamdem

157 5140 365 5197 monasterium
388 5155 483 5206 soum,
510 5138 540 5195 in
555 5154 614 5211 quo
641 5138 824 5194 stabilitatem
844 5141 873 5193 ct
895 5138 1008 5209 petitio·
1061 5138 1220 5194 orationem
1239 5138 1368 5194 divinum
1392 5155 1465 5210 opus
1492 5139 1580 5209 liniri,
1598 5140 1843 5213 quemadmodum
1868 5138 1907 5193 ibi
1970 5160 1971 5179 i

156 5243 225 5283 nem
241 5233 480 5299 suam,atsnpra
501 5228 707 5297 scriptumest,
728 5226 910 5298 promiserat,
931 5243 1006 5298 qua·
1061 5227 1197 5293 ostenuit,
1218 5226 1351 5282 videlicet
1374 5227 1477 5283 litania
1504 5242 1532 5283 et
1568 5229 1661 5287 oratio
1696 5229 1852 5295 flaminica,
1880 5232 1907 5281 et
1970 5278 1971 5289 ,

158 5315 229 5371 libet
251 5316 400 5372 occasione
422 5315 617 5372 instabilitatis
643 5330 704 5370 suae
723 5315 848 5371 latenter
874 5315 919 5369 vel
941 5330 1007 5387 pro·
1061 5315 1155 5369 missae
1179 5314 1267 5382 llaut;
1289 5314 1358 5386 quia
1382 5315 1516 5388 discipuli
1543 5318 1630 5388 bajus
1654 5318 1754 5385 Petris,
1788 5332 1854 5371 curn
1878 5316 1906 5369 in

158 5408 237 5461 terve
261 5404 374 5471 exierit,
393 5409 423 5459 et
449 5404 489 5459 ita
509 5404 545 5460 ad
567 5403 739 5477 longinquas
762 5402 924 5475 provincias
939 5418 1007 5475 per·
1061 5402 1161 5459 cadem
1174 5402 1464 5460 oratiouodicerent:
1482 5404 1535 5460 Sed
1551 5405 1638 5460 libera
1659 5420 1708 5477 nqs
1728 5406 1843 5461 amab:
1873 5404 1906 5459 dc
