3984 6034
138 227 174 286 99
872 229 901 290 S.
922 226 1160 290 otousoanols
1833 238 1884 297 loo

140 362 236 418 cilicio
251 377 326 427 sum,
349 366 378 415 et
402 361 430 415 in
456 359 552 416 anima
569 359 720 416 invisibilis
741 363 806 434 [nas.
824 363 984 435 invisibili]‚
1005 369 1088 424 Ator
1107 366 1221 430 (Erech.
1247 369 1286 436 vl:
1311 365 1378 439 quia
1401 367 1437 421 ab
1457 366 1548 422 activa
1573 368 1640 428 vita.
1670 385 1757 441 quam
1785 388 1885 443 appre-

140 451 277 523 quooiam
301 450 333 504 in
353 449 399 504 his
425 449 537 505 duobus
564 449 675 505 homiui
703 451 830 507 deiectus
857 458 908 508 est.
942 454 985 508 nb
1038 453 1238 522 heuderat,ad
1264 455 1401 527 quaelibet
1423 456 1524 511 intima
1546 475 1604 512 non
1630 461 1838 528 revertebatur3
1856 467 1885 515 et

139 540 260 596 infantia
275 546 370 594 autem
387 555 459 606 mea,
476 538 596 604 ossibus,
612 545 641 594 et
656 541 758 609 nervis,
773 557 806 596 sc
820 543 899 596 venis
913 543 984 597 mais
1038 544 1299 616 acontcmplatirs,
1316 561 1413 616 quam,
1434 561 1519 601 carne
1539 547 1640 614 obsita,
1657 548 1767 620 jugiter
1785 556 1883 604 tenere

139 629 269 684 nondum
294 628 469 695 confortatis,
493 627 632 682 visionem
657 630 730 684 banc
749 631 778 684 in
800 630 897 685 anima
922 648 982 686 mea
1038 646 1098 685 non
1119 638 1242 704 poterat,
1262 633 1293 686 in
1317 633 1437 688 activam
1461 634 1549 689 vitam
1573 637 1779 692 revertebatur.
1799 637 1884 702 Quasi

137 717 280 789 usquead
304 733 429 788 praesens
453 723 566 788 tompus
589 733 703 787 semper
727 717 819 786 video,
837 735 902 774 cum
922 720 981 791 jam
1037 720 1116 774 euim
1130 721 1156 775 ei
1179 720 1213 775 de
1235 720 1334 775 active
1356 722 1420 776 vitae
1444 723 1531 776 modo
1550 722 1658 778 diceret
1671 725 1764 779 Dens:
1780 727 1842 781 Non
1857 729 1885 780 te

137 807 290 878 plusquam
315 806 524 877 septuagesima
551 822 693 861 annorum
724 808 793 873 sim;
829 809 983 880 animaque
1036 806 1167 863 deseram
1190 825 1282 881 neque
1303 807 1502 880 derelinquam
1528 809 1633 880 (Hebr.
1662 812 1735 883 xm),
1763 828 1781 867 a
1807 813 1883 867 bono

136 909 213 964 mea,
237 899 323 966 prout
346 895 419 948 Deus
441 895 512 958 vult,
538 894 567 948 in
593 895 646 950 hac
671 896 779 951 visione
809 913 923 951 sursum
950 898 981 952 in
1037 897 1186 969 proposito
1214 913 1273 953 uon
1301 898 1434 969 permisit
1460 914 1524 952 eam
1557 899 1666 967 redirc;
1701 905 1730 954 et
1760 901 1882 969 iterum,

138 983 320 1040 altitudinem
340 981 525 1049 firmamenti,
542 989 571 1038 et
585 983 616 1038 in
631 984 855 1040 vicissitudinem
879 986 983 1042 diversi
1037 986 1120 1057 quasi
1142 986 1178 1041 dc
1196 986 1427 1058 contemplative
1447 986 1514 1041 vitae
1535 987 1619 1043 modo
1642 989 1670 1043 ci
1693 989 1817 1045 diceret:
1845 1004 1885 1045 a·

137 1071 211 1126 aeris
232 1071 370 1140 ascendit,
386 1071 563 1143 atqueinter
585 1072 711 1128 diversos
738 1075 859 1145 populos
883 1092 912 1131 se
937 1076 981 1131 di·
1035 1078 1113 1138 uerte
1135 1075 1233 1131 oculor
1266 1077 1342 1143 tuos,
1367 1074 1437 1146 quic
1454 1074 1513 1147 ipsi
1535 1092 1581 1130 mc
1608 1077 1725 1132 avctore
1746 1079 1884 1148 fecerunt

136 1161 217 1228 latat,
241 1159 372 1232 quamvis
395 1159 425 1214 in
451 1159 616 1232 longinquis
638 1161 805 1233 regionibus
830 1169 859 1218 et
881 1163 983 1219 locisa
1036 1163 1134 1236 (Cant.
1158 1163 1208 1234 vr),
1234 1164 1269 1220 de
1285 1163 1480 1235 speculatione
1504 1181 1564 1220 sure
1584 1165 1884 1238 incomprehensibilis

137 1265 183 1305 ma
199 1249 300 1304 remoti
323 1249 389 1302 sint.
406 1249 441 1303 Et
455 1250 592 1321 quoniam
613 1249 676 1306 hac
694 1251 744 1305 tali
769 1252 853 1308 modo
875 1253 982 1308 inani·
1036 1254 1194 1323 majestatis
1223 1253 1260 1308 ad
1283 1253 1403 1309 actualis
1426 1254 1492 1309 vitae
1513 1254 1640 1310 laborem
1664 1271 1729 1312 eam
1751 1259 1883 1328 permisit

136 1352 184 1391 ma
207 1352 269 1391 meo
293 1336 386 1402 video,
413 1336 519 1390 idcirco
544 1336 631 1391 etiam
655 1338 812 1393 secundom
838 1339 982 1394 vicissitu-
1035 1341 1139 1396 redire.
1161 1344 1274 1408 averte,
1299 1342 1405 1413 inquit,
1422 1344 1519 1398 oculos
1542 1348 1608 1398 tuos
1632 1360 1649 1399 a
1673 1361 1739 1399 mea
1759 1351 1883 1400 contem

136 1423 233 1480 dinem
257 1421 378 1477 nubium
403 1429 431 1478 et
452 1422 573 1478 aliarum
594 1429 794 1478 creaturarum
816 1441 849 1479 ea
868 1425 981 1498 conspi·
1035 1428 1174 1498 piatione,
1189 1428 1258 1501 quia
1276 1428 1332 1500 ipsi
1352 1445 1399 1484 ma
1422 1430 1537 1484 avolare
1555 1430 1674 1503 iaciunt,
1702 1432 1771 1487 dum
1793 1433 1882 1487 meio

135 1511 189 1566 cio.
213 1514 271 1569 ista
293 1518 388 1566 antem
414 1527 466 1566 nec
490 1512 679 1567 exterioribus
703 1513 793 1569 oculis
816 1514 907 1580 rideo,
929 1530 982 1570 uec
1035 1514 1090 1571 hac
1115 1517 1172 1570 vita
1200 1517 1236 1572 sd
1259 1517 1417 1587 perlectum
1447 1519 1690 1590 comprehendere
1719 1536 1777 1576 non
1807 1522 1885 1576 sulii·

136 1601 325 1656 exterioribus
347 1601 465 1655 auribus
488 1601 584 1667 audio,
601 1617 653 1656 nec
673 1601 894 1672 cogitationibus
915 1619 980 1658 cor·
1035 1604 1123 1659 ciunt.
1156 1607 1234 1662 Unde
1259 1611 1288 1660 et
1318 1606 1466 1661 psalmista
1491 1608 1558 1663 ait:
1588 1608 1709 1664 Accedit
1733 1611 1817 1665 bomo
1846 1611 1885 1664 od

135 1689 179 1745 dis
197 1690 263 1756 mei,
279 1705 332 1744 aec
349 1690 405 1743 ulla
428 1689 581 1744 collatione
598 1690 727 1762 quinque
747 1706 883 1747 sensuum
900 1707 979 1747 meo·
1001 1667 1087 1748 Bcor
1106 1693 1203 1750 ultum
1223 1697 1252 1748 et
1278 1693 1454 1750 exultabitur
1470 1697 1546 1750 Deus
1569 1698 1661 1764 (Prot.
1687 1698 1786 1769 a1111):
1817 1700 1884 1770 quia

135 1793 199 1832 rum
224 1777 360 1849 percipio,
383 1776 432 1831 sed
456 1783 568 1833 tantam
591 1777 621 1832 in
649 1779 747 1833 anima
773 1795 847 1846 mea,
874 1781 980 1852 apertis
1039 1798 1096 1854 quo
1112 1782 1196 1836 altius
1213 1799 1286 1855 poro
1301 1784 1384 1839 corde
1405 1785 1602 1856 quaeritur,eo
1617 1786 1780 1854 sublimius,
1796 1803 1884 1858 quarn

135 1866 323 1922 exterioribus
333 1867 432 1932 oculis,
447 1866 570 1938 itaquod
584 1883 731 1939 nunquam
747 1867 778 1922 in
788 1870 829 1923 cis
839 1868 979 1924 deiectum
1038 1871 1075 1925 sit
1098 1871 1407 1943 incomprehensibilis,
1431 1875 1695 1946 comprehenditur.
1730 1877 1767 1930 llo
1801 1876 1884 1930 modo

135 1955 253 2010 exstasis
267 1971 348 2026 passa
364 1971 438 2022 sum,
454 1956 502 2010 sed
519 1955 641 2026 vigilans
652 1956 697 2010 die
712 1957 979 2013 acnocteeavideo.
1039 1958 1123 2015 beata
1137 1959 1218 2030 virgo
1244 1960 1275 2014 in
1299 1976 1385 2015 carne
1409 1961 1502 2016 adbuc
1523 1963 1626 2032 posits,
1643 1968 1672 2018 et
1692 1979 1744 2035 per
1765 1965 1884 2019 activam

172 2046 214 2098 la.
236 2044 334 2113 ltaque
362 2043 437 2098 sicut
467 2059 501 2098 ex
525 2043 619 2098 verbis
645 2045 874 2115 praecedentibus
902 2047 982 2100 colli·
1037 2047 1196 2114 laborabat,
1220 2052 1249 2102 et
1271 2064 1325 2118 per
1347 2051 1599 2122 contemplativam
1623 2052 1652 2106 iu
1673 2053 1765 2123 ipsam
1780 2052 1883 2107 diviui-

135 2129 241 2202 gimus,
259 2145 324 2185 vere
348 2131 438 2185 miros
467 2135 495 2184 et
518 2146 652 2203 perrarus
672 2130 737 2201 [ma.
762 2132 890 2204 perdius]
913 2133 982 2188 hnic
1036 2135 1103 2190 tatis
1122 2135 1216 2190 lucem
1233 2137 1300 2192 totis
1323 2136 1472 2192 desideriis
1495 2139 1634 2195 inhiabat.
1651 2140 1706 2196 Sed
1730 2140 1884 2213 hicprimo

134 2223 240 2273 sauctae
262 2218 367 2288 virgini
391 2219 595 2289 speculationis
617 2219 710 2274 adluit
734 2222 847 2276 modus.
872 2222 981 2294 Nempe
1036 2223 1110 2278 libro
1132 2231 1274 2296 ponentes
1299 2225 1468 2294 terminum,
1493 2228 1695 2283 benedicamus
1718 2230 1882 2298 llomiuum,

134 2307 170 2362 ad
187 2306 406 2361 similitudinem
430 2313 593 2362 sanctorum
617 2308 797 2378 animalium,
821 2326 887 2381 quae
910 2311 983 2366 vidit
1038 2312 1089 2385 qoi
1102 2313 1234 2368 ancillam
1259 2329 1340 2368 suam
1364 2312 1479 2386 abipso
1500 2322 1581 2371 ortus
1601 2316 1646 2371 sui
1668 2317 1811 2388 principio
1829 2319 1884 2372 ela·

133 2393 265 2450 Ezechiel
286 2394 358 2465 (18),
385 2395 446 2465 ipsa
469 2399 577 2450 certum
606 2401 765 2466 pennatum
793 2397 899 2452 animal
913 2397 982 2466 ibat,
1038 2407 1113 2457 ctam
1129 2403 1266 2474 respexit,
1282 2409 1310 2458 et
1326 2417 1388 2456 eam
1409 2402 1542 2460 dilectam
1563 2405 1705 2477 usquead
1722 2405 1883 2461 claritatem

134 2488 164 2539 et
184 2499 243 2539 non
267 2483 481 2538 revertebatur:
499 2490 528 2539 et
550 2485 656 2540 ilemm
680 2485 750 2553 ibat,
776 2491 805 2540 at
823 2487 983 2543 reverteba·
1039 2490 1156 2546 visionis
1166 2508 1226 2547 snae
1235 2492 1373 2563 provexit.

133 2644 341 2770 atliblhocgstsc
351 2640 388 2699 'in
410 2660 462 2699 ms.
489 2644 529 2700 sic
556 2645 746 2716 exprimitur:
765 2667 780 2697 a
794 2647 863 2712 Quae
887 2647 1043 2705 Ezechielis
1072 2650 1226 2723 prophetia
1250 2651 1352 2725 tangit,
1376 2651 1440 2725 ipsa
1461 2657 1538 2709 certe
1559 2656 1697 2726 tanquam
1722 2659 1880 2726 pennatam

151 2731 251 2783 arma,
268 2735 282 2765 u
344 2757 351 2770 .

698 3053 894 3130 LIBER
949 3056 1303 3134 SECUNDUS.

789 3261 838 3318 ull
855 3262 1052 3321 vlsloltloos
1070 3263 1224 3322 SANCTAE.

464 3529 657 3588 PROLOGUS.
1001 3533 1167 3603 edisceret,
1183 3538 1233 3590 aot
1247 3536 1393 3592 auditores
1407 3555 1475 3594 suos
1493 3538 1604 3612 aliquid
1620 3539 1745 3596 doceret.
1761 3543 1806 3594 An
1820 3557 1880 3596 nou

172 3622 212 3674 ti.
233 3619 375 3675 Grandem
389 3617 507 3689 quidem
521 3619 671 3674 materiam
687 3619 804 3692 ingenia
818 3636 906 3691 parra
921 3637 978 3676 uon
1037 3622 1202 3679 morabatur
1220 3624 1251 3679 in
1272 3624 1380 3680 caelesti
1402 3626 1598 3694 tabernaculo,
1621 3631 1650 3683 et
1668 3629 1883 3685 transcenderat

133 3707 292 3763 salierunt:
319 3707 368 3762 sed
393 3707 517 3762 charitas
545 3712 574 3762 at
600 3708 772 3777 obedientia,
803 3709 907 3781 quibus
935 3725 981 3764 me
1036 3710 1171 3766 nebulam
1186 3712 1273 3768 totim
1293 3714 1478 3784 carnalitatis,
1500 3731 1565 3770 com
1589 3715 1725 3771 dictatum
1748 3723 1777 3771 et
1796 3718 1882 3773 verbs

133 3799 226 3852 totum
249 3812 364 3868 semper
387 3796 468 3852 vobis
490 3796 593 3852 dehere
621 3797 769 3870 profiteor,
794 3796 933 3852 Ludovice
953 3800 982 3852 et
1037 3797 1183 3870 Evangelii
1205 3801 1333 3871 ioannis,
1355 3803 1392 3856 ln
1412 3800 1557 3874 principio
1579 3806 1644 3858 erat
1675 3803 1800 3860 Verbum
1825 3812 1879 3861 ete.

133 3885 285 3944 Gadeiride
304 3884 421 3940 abbates
443 3885 557 3956 optimi,
583 3883 709 3941 mentem
730 3902 823 3942 meam
843 3887 930 3941 etiam
945 3888 980 3942 de
1037 3887 1136 3954 (Joon.
1153 3887 1184 3959 ι),
1205 3905 1268 3944 eam
1288 3891 1386 3946 docuit
1409 3891 1531 3962 Spiritus
1552 3891 1700 3948 veritatis?
1718 3894 1782 3964 lpse
1805 3893 1883 3950 euim

132 3973 361 4046 impossibilibus
390 3975 426 4030 ad
456 3974 621 4046 possibilem
653 3975 816 4031 facultatem
847 3975 981 4032 efferunt.
1036 3974 1159 4046 Spiritus
1174 3983 1297 4044 sanctus,
1314 3979 1364 4049 qui
1382 3978 1413 4033 in
1429 3980 1609 4035 corioauois
1628 3979 1775 4051 profluxit,
1790 3999 1882 4054 quan·

134 4063 216 4119 Unde
231 4062 362 4136 quamvis
381 4063 460 4118 nullo
478 4063 567 4119 fretos
581 4063 708 4135 ingenio,
723 4065 981 4137 tameupraeceptis
1035 4063 1072 4119 do
1093 4065 1168 4120 hauc
1189 4065 1440 4138 profundissimam
1470 4069 1673 4124 revelationem
1707 4071 1742 4126 de
1770 4077 1883 4143 pectore

132 4152 233 4207 vestris
247 4153 275 4207 io
299 4151 436 4206 charitate
460 4151 565 4208 Christi
584 4152 790 4225 obtemperavi,
809 4159 837 4208 et
851 4153 980 4210 libellam
1033 4152 1102 4209 lesu
1129 4155 1216 4224 suxit,
1241 4171 1294 4226 per
1316 4155 1443 4213 divinam
1468 4172 1528 4212 snae
1555 4155 1730 4228 dignationis
1757 4155 1880 4226 gratiam

132 4240 290 4296 secundom
312 4241 347 4295 dc
374 4240 437 4296 Vita
462 4240 553 4296 beatae
577 4241 758 4312 llildegardis
783 4241 912 4312 virginis,
939 4258 982 4298 se-
1035 4241 1090 4298 boc
1105 4243 1189 4299 istam
1202 4245 1292 4300 voluit
1312 4245 1431 4313 discere,
1453 4244 1596 4319 quoditie
1615 4243 1883 4316 dignosfuitdice-

132 4329 216 4383 cretis
232 4331 261 4382 et
275 4327 385 4382 arcanis
395 4327 557 4384 visionibus
576 4327 658 4400 quasi
673 4327 845 4400 quibasdam
859 4330 981 4385 amoenis
1036 4347 1076 4386 rc.
1094 4331 1149 4387 Sed
1163 4332 1199 4387 de
1212 4332 1257 4387 his
1271 4332 1377 4388 iterum
1392 4333 1472 4406 loqui
1486 4332 1668 4398 differamus,
1681 4336 1710 4386 et
1723 4332 1881 4403 proposita,

133 4416 251 4472 lloribus
272 4431 446 4488 respersam,
470 4416 506 4472 ab
532 4433 566 4472 eo
590 4418 662 4484 loco,
687 4432 745 4487 quo
771 4417 980 4488 precedentem
1036 4417 1181 4488 aspirante
1206 4418 1269 4490 ipso
1290 4418 1399 4490 Spiritu
1422 4420 1605 4475 disseramus.
1632 4419 1689 4473 Nec
1713 4422 1828 4472 moreat
1845 4419 1884 4473 le·

111 4506 238 4561 'librum
260 4503 430 4561 GodeIridus
450 4505 510 4576 (lo)
532 4503 617 4559 bona
633 4503 784 4560 memoriae
805 4504 979 4577 terminarit,
1035 4509 1153 4573 ctorem,
1169 4507 1246 4578 quod
1261 4507 1403 4579 quaedam,
1417 4524 1482 4580 qooe
1497 4505 1710 4578 inprmcedeoti
1723 4504 1795 4560 libro
1813 4506 1883 4560 Vitae

132 4595 265 4651 ordinare
281 4598 310 4648 et
323 4593 471 4666 perticere,
488 4594 545 4648 lleo
560 4593 683 4662 favente,
697 4594 803 4649 curavi.
823 4594 857 4648 lu
872 4611 930 4666 quo
946 4612 981 4652 ex
1035 4593 1099 4664 ejus
1118 4594 1285 4666 praescripta
1308 4600 1385 4663 sunt,
1410 4596 1511 4651 eadem
1534 4596 1566 4650 io
1586 4593 1773 4665 subsequenti
1794 4593 1881 4649 etiam

85 4667 89 4679 ’
131 4683 227 4740 verbis
250 4683 340 4755 ipsius
362 4685 420 4739 lleo
445 4683 556 4740 dilectae
578 4683 697 4756 virginis
715 4687 795 4739 taum
816 4685 910 4740 elucet
923 4685 980 4741 cla·
1035 4698 1123 4754 opere
1147 4681 1290 4739 visionum
1317 4679 1390 4754 ejus,
1415 4683 1604 4740 nibilominus
1628 4681 1769 4753 descripta
1794 4687 1880 4738 sont:

132 4772 203 4829 ritas
229 4771 400 4844 prophetiae,
426 4777 457 4827 ut
476 4771 549 4827 nibil
574 4772 670 4827 minus
696 4771 821 4844 antiquis
849 4773 981 4828 Patribus
1036 4769 1235 4842 quiadigoom
1256 4771 1458 4843 judicavimus,
1474 4776 1506 4828 ut
1530 4777 1559 4826 et
1580 4770 1704 4844 qualitas
1726 4770 1835 4825 ordinis
1850 4771 1882 4826 iu

132 4861 265 4918 videatur
288 4861 449 4933 percepisse
473 4860 583 4933 gratiae.
605 4860 713 4932 Nempe
729 4860 802 4916 sicut
823 4861 931 4932 legitur
945 4862 980 4918 de
1000 4838 1201 4915 ”recitatione
1227 4859 1354 4915 historia
1381 4860 1444 4931 ejus
1469 4866 1645 4929 servaretur,
1675 4863 1703 4913 et
1728 4859 1883 4915 auctoritas

132 4947 237 5021 Moyse,
256 4949 332 5022 quod
354 4947 550 5004 indesinenter
571 4947 657 5004 luerit
677 4948 707 5004 in
729 4948 923 5020 tabernaculo,
940 4951 981 5006 sic
1034 4948 1080 5004 vel
1095 4948 1244 5019 integritas
1258 4948 1426 5018 verborum,
1441 4965 1506 5021 quae
1519 4966 1572 5022 per
1592 4948 1731 5021 Spiritum
1749 4954 1881 5005 sanctum

133 5043 162 5094 et
177 5039 240 5111 ipsa
250 5039 281 5094 iu
296 5039 439 5094 visionum
453 5037 609 5094 caelestium
624 5037 790 5094 morabatur
800 5039 978 5109 umbraculo,
1034 5039 1148 5109 prolata
1160 5041 1238 5108 sunt,
1251 5038 1284 5092 in
1300 5038 1494 5112 descriptione
1518 5039 1661 5094 visionum
1676 5036 1738 5108 ejas
1759 5039 1881 5096 nallate-

133 5129 267 5186 videlicet
289 5134 332 5198 ut,
356 5129 429 5184 sicut
457 5127 518 5191 ille.
543 5127 582 5182 sic
604 5127 658 5182 ista
677 5143 694 5182 a
715 5129 782 5195 ileo,
811 5133 843 5184 ut
871 5129 979 5201 aliquid
1034 5143 1089 5183 nus
1103 5127 1284 5183 mutilaretur
1294 5127 1365 5199 (99).

169 5285 225 5359 (lo)
245 5285 414 5343 Gadeiridus
429 5283 477 5340 illa
496 5283 621 5354 primum
638 5282 744 5338 librum
760 5284 882 5356 scripsit,
898 5301 979 5342 exce·
1034 5284 1217 5358 scriptorum.
1235 5287 1330 5343 Noluit
1344 5287 1539 5344 Theodericus
1553 5288 1659 5345 librum
1672 5288 1798 5360 primum
1814 5305 1881 5346 mu·

132 5363 184 5430 pto
199 5357 330 5430 prologo.
346 5357 468 5428 Reliqua
481 5353 578 5411 omnia
593 5354 845 5421 suntTheodorici,
857 5356 908 5429 qui
918 5357 980 5413 haec
1034 5357 1117 5412 tilare
1131 5358 1177 5424 iis,
1193 5373 1258 5429 quas
1279 5363 1360 5414 erant
1376 5359 1461 5414 allata
1477 5359 1513 5415 de
1532 5359 1700 5427 visionibus,
1720 5376 1772 5416 aec
1787 5376 1821 5416 aa
1834 5361 1883 5416 bic

134 5428 242 5485 scribit.
1033 5429 1165 5484 omittere
1184 5428 1283 5486 voluit.
1301 5430 1440 5504 Prologus
1461 5429 1511 5486 ille
1525 5429 1557 5486 ia
1577 5445 1630 5486 ms.
1651 5431 1807 5489 Bodeceusi
1819 5436 1881 5488 erat

170 5501 223 5573 (20)
243 5497 388 5570 pracipes
420 5496 493 5552 ratio
530 5495 724 5570 repetitionis,
758 5502 802 5554 cst
830 5497 979 5556 diversitas
1034 5499 1167 5556 omissus.
1815 5530 1817 5534 ·
