3984 6034
145 192 213 247 ins
869 187 898 244 s.
919 181 1162 242 niioeoinoie
1434 143 1441 154 ’
1824 183 1889 241 ino

221 355 230 378 v
274 324 344 380 Car.
363 321 491 379 exit-
511 321 638 379 llsllosr
661 321 699 394 (l)
723 321 772 397 [ll,
791 321 865 396 ¹¹¹l·
1013 321 1037 376 Α
1121 322 1189 378 Car.
1210 321 1298 377 Clllll.
1318 349 1353 362 -
1372 319 1414 378 llr
1438 323 1598 377 Anmuoiuli
1618 319 1656 392 (t)
1681 315 1727 396 lli,
1754 319 1824 392 ital

183 413 252 469 Dost
270 411 439 484 [Originum
459 408 517 484 ert]
538 410 630 466 calida
652 415 681 466 et
708 411 782 466 sicca
806 414 859 478 est,
883 413 912 465 et
931 409 994 465 nul·
1084 408 1253 482 Agrimonia
1276 407 1369 466 calida
1381 414 1434 466 est.
1453 409 1487 464 ιιι
1500 409 1531 464 iii
1545 424 1604 481 qno
1621 409 1740 464 scientia
1754 412 1783 465 et
1797 424 1901 464 sensus

144 502 206 556 lum
222 500 344 556 istorum
359 497 472 555 fortiter
492 498 572 553 inea
590 498 678 569 viget,
696 498 768 554 litei
785 497 888 570 eliqnie‘
907 499 993 554 homo
1049 497 1176 554 evacuati
1191 504 1267 566 sunt,
1288 498 1330 554 illi
1354 497 1446 553 crines
1470 497 1572 571 capitis
1596 497 1809 566 abscindantur,
1829 512 1904 569 quo-

147 605 212 646 eam
231 589 397 644 comederet
425 591 476 643 eut
502 586 624 656 biberet,
656 592 707 642 eut
742 587 890 642 ullomodo
920 587 995 642 inter
1048 587 1127 643 niam
1146 587 1243 658 capilli
1265 587 1412 642 horrorem
1430 591 1459 641 et
1479 587 1696 642 concussionem
1716 587 1849 642 tremoris
1872 587 1903 642 ei

145 693 251 749 corpus
273 693 359 732 suuni
381 675 521 731 sumendo
538 676 666 743 duceret,
681 676 792 747 lepram
813 674 857 730 illi
876 675 995 731 inferret
1048 674 1158 730 faciunt
1180 691 1187 730 :
1210 680 1239 730 et
1263 675 1424 746 agrimonia
1449 677 1476 729 iii
1501 690 1576 746 aqna
1602 679 1752 746 coquatur,
1778 678 1808 731 et
1831 691 1902 731 cum

146 769 175 822 el
194 766 362 839 pulmonem
386 765 448 836 ejus
476 764 606 832 inllaret;
627 765 754 836 jecorem
783 763 846 836 ejus
874 763 995 820 delicere
1050 779 1125 836 aqua
1143 762 1192 819 ille
1206 763 1298 820 calida
1315 769 1401 835 caput
1415 763 1493 820 illius
1509 763 1636 831 lavetnr;
1654 768 1682 818 et
1696 763 1781 819 etiem
1798 764 1901 819 eadem

146 854 224 923 fecit,
239 853 270 910 id
286 858 329 909 est
344 853 478 909 swinden.
504 853 558 910 Sed
574 853 626 925 qui
640 854 759 908 rubram
774 854 884 923 lepram
898 851 994 919 babet,
1050 852 1138 908 herba
1152 853 1192 908 ita
1206 853 1298 908 calida
1323 869 1410 925 super
1423 868 1473 909 cor
1500 853 1562 924 ejus
1581 869 1678 924 panno
1705 853 1822 925 ligetur,
1839 853 1902 924 pri-

148 943 208 998 sive
222 957 332 1009 roconis,
349 941 408 996 sire
429 941 586 996 inveterata
600 940 646 1007 sit,
661 940 783 1012 accipiet
795 956 910 996 succum
923 939 995 1005 dost,
1051 957 1131 996 mum
1146 939 1275 996 vecordis
1290 940 1432 997 delectum
1460 941 1572 1008 sentiet,
1590 945 1617 996 et
1632 946 1701 997 tunc
1715 957 1803 1014 super
1816 940 1901 998 fron-

149 1036 179 1085 et
193 1045 295 1102 parum
307 1029 404 1084 minus
417 1029 453 1084 de
468 1045 551 1084 socco
565 1029 663 1097 odron,
679 1034 707 1084 et
717 1029 803 1083 etiam
820 1028 854 1083 de
869 1027 933 1082 oleo
946 1028 997 1084 bil·
1051 1033 1110 1084 tem
1124 1034 1153 1084 et
1166 1045 1253 1100 super
1267 1035 1399 1101 tympora
1416 1027 1493 1084 illius
1508 1027 1598 1084 calida
1613 1033 1745 1100 ponatur,
1761 1034 1790 1086 et
1805 1029 1900 1084 seien-

148 1133 197 1174 seti
217 1117 303 1172 addat
326 1119 392 1188 plus
410 1133 497 1188 qnam
521 1117 642 1173 istorum
665 1117 796 1182 duorum,
820 1116 860 1170 sic
882 1121 911 1171 et
931 1132 998 1171 mo·
1051 1117 1122 1172 tiam
1138 1133 1169 1172 ac
1191 1133 1290 1172 seusus
1308 1117 1370 1188 eius
1383 1115 1526 1189 purificat,
1551 1121 1636 1189 atque
1656 1116 1797 1173 insaniem
1814 1118 1850 1173 ah
1867 1133 1901 1173 eo

150 1207 246 1262 dicum
273 1205 344 1275 vini,
367 1210 397 1261 et
424 1206 487 1262 boec
517 1205 604 1261 simul
635 1207 828 1275 commisceat,
856 1211 942 1276 etque
967 1205 997 1260 iu
1053 1205 1155 1261 aufert.
1172 1207 1226 1262 Sed
1242 1205 1293 1278 qni
1311 1205 1430 1261 livorem
1446 1212 1474 1261 et
1496 1207 1618 1261 multum
1638 1209 1738 1262 llecme
1757 1207 1792 1262 de
1816 1207 1900 1262 infir·

150 1295 344 1363 essobelneo,
366 1309 430 1349 cnm
443 1294 504 1364 jam
520 1295 598 1349 exire
616 1295 686 1362 vult,
710 1294 999 1365 seipsumcumhoc
1053 1293 1107 1349 mis
1138 1294 1294 1349 visceribus
1326 1299 1438 1349 excreat
1466 1301 1495 1349 et
1523 1294 1598 1358 eicit,
1635 1295 1722 1350 etiam
1760 1294 1901 1367 frigidam

150 1383 335 1439 condimento
361 1383 507 1454 liquorum
532 1387 685 1454 perungat.
713 1383 748 1451 Bt
768 1387 920 1454 postquam
935 1381 999 1437 hal·
1053 1382 1232 1438 stomachum
1250 1381 1345 1450 babet,
1362 1382 1554 1454 agrimoniam
1568 1383 1597 1438 in
1619 1383 1685 1438 vino
1701 1385 1823 1456 positam
1840 1389 1900 1440 tem

150 1487 239 1527 neum
254 1471 364 1539 exierit,
383 1487 453 1527 eum
479 1472 562 1528 valde
585 1475 701 1537 swiczet,
718 1477 748 1526 et
767 1471 832 1528 ideo
854 1487 918 1527 mox
936 1472 999 1528 bir-
1053 1487 1175 1542 pransus
1189 1487 1276 1543 quem
1288 1471 1405 1542 jejunus
1419 1487 1533 1544 semper
1555 1471 1643 1541 bibat,
1661 1476 1689 1527 et
1707 1472 1829 1528 livorem
1851 1489 1900 1527 ex·

151 1562 217 1616 cino
229 1577 298 1632 sepo
311 1559 342 1615 iii
357 1560 463 1632 patella
478 1561 512 1617 ed
531 1560 630 1631 ignem
645 1561 770 1615 resoluto
785 1576 862 1631 siepe
875 1561 999 1634 desuper
1054 1559 1206 1615 creationis
1220 1559 1327 1615 minuit
1340 1564 1370 1614 et
1387 1564 1502 1632 purgat,
1523 1565 1552 1615 et
1566 1561 1744 1616 stomachum
1760 1561 1899 1616 calefacit.

153 1653 254 1720 ungat,
269 1652 297 1704 et
318 1647 348 1703 iii
373 1649 478 1704 lectum
498 1664 529 1704 ee
549 1646 678 1715 collocet,
695 1649 765 1704 dnm
784 1649 947 1705 exsiccetur.
966 1651 997 1705 El
1017 1613 1134 1723 B[ilem
1158 1653 1190 1705 ut
1218 1649 1253 1705 de
1279 1649 1367 1704 saliva
1396 1653 1424 1704 et
1456 1647 1634 1704 excreatione
1663 1653 1692 1705 et
1719 1650 1901 1704 emunctione

153 1741 306 1808 postquem
331 1736 486 1793 exsiccatus
517 1737 613 1804 fuerit,
639 1737 708 1792 item
735 1737 795 1794 dost
826 1737 947 1809 accipiet
971 1743 1001 1793 et
1052 1737 1139 1793 homo
1161 1743 1309 1808 purgetur,
1333 1752 1449 1792 succum
1474 1736 1652 1808 agrimoniae,
1677 1740 1706 1792 et
1730 1737 1773 1792 bis
1787 1741 1900 1792 tantum

152 1823 266 1892 tundat,
289 1830 377 1897 atque
399 1825 525 1881 furfures
547 1825 646 1880 cortici
661 1826 756 1893 addat,
772 1829 801 1880 ct
823 1826 884 1881 hmc
904 1827 934 1882 in
955 1841 999 1881 ca·
1053 1825 1128 1881 succi
1158 1825 1276 1881 feniculi
1304 1824 1432 1896 accipiat,
1462 1828 1490 1880 et
1516 1825 1561 1880 hie
1580 1825 1615 1880 de
1644 1841 1727 1880 succo
1753 1825 1901 1881 storkens-

153 1909 213 1966 lida
234 1913 340 1983 patella
359 1912 554 1979 commisceat,
574 1917 602 1967 et
623 1918 689 1984 post
711 1913 929 1968 exsiccationem
947 1930 1000 1969 uii-
1053 1913 1173 1969 chuchel
1195 1917 1336 1986 quantum
1367 1913 1467 1969 obolus
1488 1913 1627 1984 ponderat
1653 1913 1737 1968 addet
1765 1929 1771 1968 :
1795 1913 1901 1968 deinde

154 1999 268 2068 clionis,
293 2015 379 2073 super
398 2001 495 2056 ulcere
513 2002 600 2072 lepras
625 2001 748 2056 calidum
775 2006 873 2073 ponat,
896 2007 926 2057 et
949 2003 1000 2058 de·
1054 2004 1089 2059 de
1101 2003 1224 2075 galanga
1243 2005 1355 2059 tautum
1371 2001 1492 2074 accipiat
1510 2007 1651 2074 quantum
1671 2001 1792 2057 istorum
1813 2001 1899 2058 trium

154 2102 242 2157 super
259 2087 397 2158 ligamine
421 2087 500 2158 liget,
522 2089 605 2142 etita
619 2093 684 2160 post
698 2088 824 2161 aliquem
838 2089 941 2145 horem
961 2095 1001 2146 le-
1054 2089 1118 2159 iuit,
1143 2095 1172 2145 et
1195 2089 1311 2144 storacis
1325 2095 1464 2162 quantum
1487 2105 1533 2144 ser
1557 2088 1669 2144 numini
1684 2089 1856 2160 ponderant,
1875 2094 1903 2143 et

49 2241 53 2244 ⁴
154 2179 232 2245 neat,
252 2175 320 2230 dnm
342 2176 377 2231 ab
391 2175 454 2246 ipso
468 2177 630 2232 incalescat.
656 2179 689 2231 El
707 2176 731 2231 si
747 2178 808 2232 liae
827 2194 902 2249 saepe
924 2179 999 2234 iece—
1054 2177 1201 2250 polypodii
1225 2175 1259 2232 ed
1282 2192 1400 2248 pensam
1423 2177 1547 2232 duorum
1567 2192 1769 2244 nummorum
1794 2181 1824 2232 et
1842 2177 1903 2232 beer

154 2263 204 2330 rit,
228 2263 334 2336 absque
359 2264 446 2320 dubio
478 2264 635 2333 sanabitur,
664 2265 720 2320 nisi
747 2282 825 2321 mors
852 2266 931 2322 illius
953 2267 1000 2334 sit,
1055 2267 1220 2339 pulverizet,
1241 2270 1270 2320 et
1293 2255 1442 2338 pulverem
1474 2264 1562 2320 istum
1586 2280 1650 2320 cum
1676 2265 1794 2336 praelato
1818 2281 1903 2319 succo

155 2351 216 2424 {aut
237 2351 292 2407 nisi
314 2353 454 2408 llominos
467 2352 552 2409 illum
567 2354 662 2409 curari
683 2354 766 2409 nolit.
789 2355 822 2410 Et
840 2356 892 2427 qui
906 2356 1001 2427 quoti·
1056 2355 1226 2427 comprimet
1248 2358 1276 2409 et
1299 2371 1331 2410 ex
1365 2369 1398 2409 eo
1421 2354 1536 2426 pillulas
1559 2352 1594 2408 ed
1618 2354 1808 2426 quantitatem
1831 2353 1903 2408 faba

156 2439 272 2496 dianam
291 2441 399 2497 febrem
414 2442 534 2514 patitur,
549 2442 701 2514 origanum
717 2447 746 2499 et
761 2443 907 2499 modicum
921 2461 1003 2500 cam·
1056 2445 1148 2500 faciet.
1166 2445 1265 2499 Postea
1278 2443 1313 2497 de
1329 2459 1413 2498 succo
1427 2441 1594 2498 chelidonia
1616 2441 1743 2512 majoris,
1761 2447 1904 2514 qnantum

156 2527 265 2599 pboroe,
282 2533 310 2585 et
332 2530 467 2586 dornellae
487 2531 553 2601 plus
569 2546 657 2602 qnam
678 2531 800 2586 istorum
819 2531 942 2586 duorum
954 2532 1001 2600 sit,
1056 2537 1158 2606 quarta
1173 2548 1238 2604 pers
1260 2531 1369 2587 nummi
1391 2535 1501 2604 pensat,
1524 2530 1670 2602 suscipiat,
1688 2535 1717 2585 et
1731 2529 1760 2585 in
1777 2530 1827 2584 illo
1849 2529 1904 2600 pil·

156 2616 326 2688 pulverizet,
349 2621 378 2673 et
400 2619 549 2691 pulverem
582 2618 669 2674 istum
696 2619 726 2673 iii
756 2616 817 2691 ipsa
841 2619 1003 2676 accessione
1056 2620 1130 2674 lulas
1154 2618 1287 2690 intingat,
1309 2618 1394 2673 etad
1421 2619 1510 2672 solem
1539 2622 1630 2688 ponat
1661 2621 1692 2670 ut
1715 2615 1903 2670 exsiccentur.

156 2704 244 2762 lehris
264 2707 356 2762 calido
375 2707 442 2763 vino
463 2707 612 2775 immittat,
639 2713 667 2762 et
687 2706 777 2776 bibat,
797 2713 827 2763 et
845 2707 875 2763 iii
896 2708 1002 2764 lectum
1056 2708 1138 2774 Quod
1165 2707 1189 2761 ei
1211 2708 1335 2761 calorem
1350 2706 1416 2761 solis
1432 2721 1490 2760 non
1513 2703 1657 2772 habuerit,
1672 2703 1703 2759 in
1725 2705 1820 2758 lenem
1837 2719 1904 2757 veii-

155 2810 186 2850 se
200 2795 330 2864 collocet,
347 2802 376 2853 et
389 2796 535 2852 sanabitur
548 2796 616 2852 edd.
630 2795 686 2870 ed]
1056 2804 1119 2854 tuni
1132 2801 1161 2852 et
1177 2797 1214 2852 ed
1229 2797 1323 2852 lencm
1344 2810 1443 2851 auram
1468 2798 1565 2864 ponat,
1582 2799 1614 2848 ut
1634 2792 1760 2848 suaviter
1782 2791 1903 2847 exsicce-

275 2883 344 2941 (ιιι.
361 2885 453 2940 Clllil.
469 2915 501 2926 -
518 2887 557 2941 lle
573 2885 676 2940 Ginwi
691 2884 729 2956 (ι)
749 2883 792 2957 [ιι.
811 2883 882 2958 itti
1022 2889 1114 2961 fitur.
1132 2884 1202 2940 Curii
1219 2889 1313 2939 autem
1335 2884 1423 2939 bomo
1437 2883 1553 2955 pillulas
1573 2884 1623 2938 bes
1638 2898 1751 2938 sumere
1770 2881 1903 2948 voluerit,

194 2971 298 3026 Goriou
322 2970 511 3042 [llillefolium
539 2971 594 3042 ed]
620 2972 833 3043 aliquantulum
861 2971 953 3027 calide
975 2978 1005 3030 et
1059 2971 1240 3028 stomachum
1255 2977 1282 3027 et
1305 2976 1433 3027 ventrem
1448 2986 1534 3026 suum
1550 2971 1664 3041 agninis
1682 2969 1727 3026 vel
1742 2969 1805 3024 eliis
1820 2967 1904 3040 pelli·

158 3053 300 3116 sieca'est.
323 3065 352 3116 et
374 3060 412 3131 (3)
435 3060 572 3116 discretae
587 3075 618 3115 ac
641 3059 760 3115 subtiles
783 3059 858 3115 vires
880 3060 916 3115 ad
944 3061 1006 3116 rul-
1059 3059 1112 3116 hue
1136 3060 1343 3132 circumponat,
1373 3065 1405 3114 ut
1427 3059 1538 3114 calidus
1563 3059 1623 3128 fiat,
1662 3059 1801 3130 quoniam
1828 3057 1905 3111 calor

159 3161 230 3202 nera
247 3148 342 3204 babet.
365 3149 436 3204 Nam
458 3147 482 3203 si
505 3148 594 3204 homo
610 3147 640 3203 in
664 3147 849 3219 percussione
871 3147 1005 3204 vulnera·
1059 3163 1159 3202 cerum
1181 3163 1267 3203 sanus
1281 3152 1343 3216 est3
1362 3153 1392 3203 et
1411 3163 1470 3203 non
1495 3146 1619 3202 multum
1643 3145 1679 3201 ad
1702 3146 1801 3214 ignem
1823 3160 1906 3199 acce-

159 3239 218 3307 tnr,
241 3241 393 3308 postquam
411 3237 515 3290 vulnus
532 3235 600 3290 rino
621 3235 744 3302 levatur,
764 3240 794 3291 et
820 3235 921 3292 donoc
943 3252 1005 3292 ino·
1058 3236 1116 3304 dat,
1138 3235 1187 3291 sed
1220 3235 1314 3291 calore
1343 3236 1466 3291 vestium
1493 3239 1599 3304 utetur,
1622 3241 1650 3290 et
1672 3249 1721 3290 eas
1749 3237 1815 3288 ente
1837 3229 1905 3286 solis

159 3323 223 3379 dice
247 3325 377 3395 ineque
404 3328 493 3391 cocta,
517 3329 546 3380 et
571 3323 680 3380 modice
701 3340 775 3398 equa
796 3340 940 3396 expressa,
965 3325 1005 3381 ita
1059 3330 1154 3380 ortum
1178 3329 1282 3392 sumat,
1300 3323 1369 3397 quia
1390 3339 1494 3380 aurora
1512 3341 1545 3380 eo
1577 3329 1706 3395 tempore
1732 3321 1859 3378 suaviter
1879 3323 1907 3374 el

158 3411 250 3468 calida
261 3412 385 3484 desuper
399 3427 529 3484 pannum
547 3412 629 3467 illuni
649 3407 699 3484 qni
712 3428 799 3484 snper
814 3414 1006 3484 vulnnsjacet
1058 3413 1131 3468 lenis
1153 3418 1204 3468 est.
1231 3414 1264 3468 Et
1278 3413 1322 3469 vel
1346 3413 1473 3485 quinque
1496 3413 1540 3468 rel
1557 3427 1660 3467 novem
1692 3409 1807 3481 pillulas
1837 3409 1907 3463 acci·

157 3500 260 3556 leviter
279 3501 397 3572 ligetur,
419 3505 448 3556 et
468 3501 507 3556 sic
531 3501 643 3556 vulneri
657 3491 840 3574 putredinem
861 3509 890 3557 et
905 3519 1003 3572 ewen,
1058 3501 1127 3574 piat,
1144 3507 1173 3557 et
1193 3517 1429 3574 unamquamque
1451 3500 1619 3573 singillatim
1644 3499 1756 3554 modice
1781 3495 1909 3569 intingat

158 3588 248 3646 idest
272 3589 366 3657 ulcus,
381 3590 484 3658 aufert,
506 3595 536 3646 et
554 3592 658 3645 vulnus
686 3595 777 3646 sanat.
807 3591 841 3645 lit
864 3591 904 3646 sic
929 3607 1005 3663 saepe
1058 3590 1155 3658 molle,
1171 3595 1199 3645 et
1220 3591 1333 3663 glutiet,
1356 3598 1384 3646 et
1407 3605 1472 3646 cuin
1494 3606 1542 3645 eas
1564 3587 1706 3660 sumpseri
1726 3584 1862 3654 mot,dice
1876 3585 1908 3640 iii

158 3680 220 3748 liat,
241 3679 380 3751 quamdiu
397 3693 510 3735 neeesse
538 3678 640 3746 luerit3
658 3678 707 3734 sed
723 3684 876 3752 postquam
900 3680 1005 3737 vulnus
1057 3679 1194 3734 umbroso
1221 3679 1297 3747 loco,
1322 3683 1350 3734 et
1377 3694 1435 3733 non
1456 3679 1486 3732 in
1510 3677 1604 3732 calore
1630 3675 1711 3737 solis,
1741 3673 1910 3729 deambulet

159 3767 341 3840 aliquantum
363 3767 485 3841 astringi
500 3773 530 3823 et
548 3768 643 3823 senari
660 3768 788 3838 coeperit,
814 3773 883 3824 tiinc
905 3785 1003 3840 panno
1056 3783 1208 3839 usquequo
1237 3766 1408 3822 solutionem
1435 3765 1548 3821 sentiet.
1581 3767 1663 3823 circa
1690 3761 1814 3817 mediam
1838 3777 1910 3817 sero

158 3857 279 3930 abjecto,
305 3856 413 3930 absque
430 3857 492 3924 illo,
515 3858 619 3912 Germa
639 3856 752 3911 vulneri
780 3863 1002 3928 superponetur,
1057 3854 1143 3920 diem,
1160 3860 1313 3928 postquam
1328 3855 1500 3911 solutionem
1515 3853 1547 3909 in
1561 3869 1590 3908 se
1601 3851 1733 3920 senserit,
1750 3850 1794 3906 rel
1808 3849 1910 3904 sicam

159 3955 187 4000 et
205 3950 285 4002 tanto
311 3946 408 4001 sanius
436 3949 465 4000 et
490 3944 644 4018 perfectius
673 3949 800 4000 sanatur.
826 3947 878 4010 Qui
906 3951 1003 4002 entem
1057 3943 1199 4000 obdurato
1215 3945 1364 4000 stomacho
1381 3944 1509 3999 nondum
1523 3941 1631 3998 bebere
1645 3939 1759 4013 poterit,
1777 3937 1910 4010 primum

158 4034 279 4089 interius
296 4033 327 4089 iii
349 4049 470 4104 corpore
501 4033 605 4087 vulnus
638 4032 758 4103 accepit,
787 4032 828 4088 ita
853 4034 929 4106 qood
955 4039 1005 4091 eut
1057 4031 1300 4088 sorbiciunculam
1337 4031 1373 4087 de
1402 4030 1495 4086 farine
1524 4029 1626 4086 similae
1657 4028 1783 4097 sorbeat,
1806 4031 1841 4082 ut
1863 4027 1910 4081 ri·

158 4121 251 4178 contis
274 4119 352 4193 [casu
385 4119 442 4195 ed]
470 4119 586 4192 fractus,
612 4128 662 4176 ant
687 4121 857 4177 constrictus
882 4121 1003 4178 interius
1057 4137 1136 4177 scere
1159 4137 1212 4192 per
1239 4120 1408 4176 suavitatem
1437 4119 1657 4175 sorbiciuncula
1690 4119 1841 4182 sanentur,
1862 4116 1911 4170 vel

159 4209 255 4278 luerit,
271 4209 355 4264 istam
377 4223 500 4278 garwam
520 4209 689 4281 pulverizet,
705 4217 733 4266 et
754 4210 901 4282 pulverem
920 4211 1003 4268 illum
1022 4199 1044 4255 D
1060 4213 1092 4264 ut
1119 4209 1270 4265 induratus
1293 4208 1456 4264 stomachus
1478 4207 1532 4262 boc
1555 4207 1642 4262 modo
1666 4203 1862 4260 mollificetur.
1879 4203 1912 4259 Si
1982 4259 1983 4284 ¹

159 4299 191 4353 in
205 4295 382 4369 calidaeque
404 4297 493 4353 bibet.
511 4297 545 4354 lit
565 4302 718 4371 postquam
741 4299 845 4355 melius
859 4299 1004 4370 babuerit,
1060 4303 1156 4354 autem
1179 4299 1267 4353 homo
1283 4297 1319 4352 de
1339 4295 1458 4352 libidine
1473 4301 1523 4351 aut
1545 4293 1756 4350 incontinentia
1775 4293 1914 4364 leprosus

159 4385 372 4443 tnncenmdem
387 4386 535 4458 pulverem
550 4387 581 4442 in
595 4387 686 4444 calido
700 4387 767 4444 vino
782 4387 913 4460 accipiet,
934 4389 1005 4445 dum
1060 4385 1194 4454 eflicitur,
1222 4385 1424 4458 agrimoniam,
1449 4389 1478 4439 et
1510 4385 1669 4440 secundum
1698 4383 1760 4453 ejus
1792 4381 1913 4436 tertiam

160 4480 286 4532 sanetur.
305 4505 339 4517 -
361 4473 404 4550 [Et
420 4476 509 4531 homo
532 4492 619 4549 quem
638 4477 762 4533 tertiana
785 4477 872 4534 febris
891 4477 1003 4550 fatigat,
1059 4482 1172 4548 partem
1193 4475 1345 4547 hysopum,
1370 4479 1398 4529 et
1421 4472 1497 4528 aseri
1516 4472 1560 4528 bis
1586 4476 1700 4529 tantum
1725 4476 1757 4525 ut
1784 4469 1912 4524 istornin

159 4564 342 4621 millefolium
355 4569 385 4621 et
398 4564 442 4620 bis
452 4569 564 4620 tantuin
582 4565 732 4638 polypodii
748 4566 780 4622 in
792 4567 872 4622 suavi
886 4570 916 4622 et
927 4566 1005 4622 bono
1059 4563 1184 4620 duorum
1207 4568 1260 4632 est,
1275 4563 1306 4618 iii
1325 4561 1450 4618 caldario
1467 4566 1582 4634 coquel,
1608 4566 1638 4615 et
1657 4575 1692 4616 ex
1706 4557 1752 4612 liis
1770 4557 1912 4612 balneum

158 4653 226 4709 vino
241 4657 353 4726 coquat,
370 4659 400 4709 et
417 4669 470 4726 per
488 4669 618 4727 pannum
640 4656 723 4724 colet,
741 4659 771 4710 et
788 4655 819 4710 in
833 4655 897 4726 ipse
909 4670 1005 4710 acces·
1058 4652 1153 4720 faciet,
1173 4658 1202 4707 et
1227 4657 1406 4707 menstruum
1436 4649 1618 4720 sanguinem,
1638 4651 1782 4719 quantum
1800 4645 1914 4700 babere

158 4741 239 4798 sione
261 4741 350 4798 febris
376 4743 479 4798 vinum
495 4743 549 4799 hoc
571 4742 668 4813 hibat;
687 4743 790 4799 herbas
814 4749 911 4799 summ
936 4743 1005 4798 istae
1059 4741 1175 4814 poterit,
1193 4738 1359 4806 admisceat,
1375 4744 1405 4794 et
1418 4738 1520 4796 balneo
1540 4752 1570 4792 se
1584 4736 1733 4807 imponet:
1755 4733 1913 4789 sedetiam

159 4831 190 4887 in
209 4831 276 4886 vino
296 4847 349 4903 per
369 4831 498 4887 triduum
516 4831 607 4899 bibat,
623 4837 653 4887 et
665 4832 690 4887 si
705 4848 821 4889 necesse
836 4831 935 4899 fuerit,
950 4831 1004 4888 ite·
1059 4830 1094 4886 de
1119 4829 1219 4884 arvina
1245 4828 1354 4884 anseris
1378 4825 1498 4898 accipiat
1527 4830 1557 4881 et
1584 4824 1628 4880 bis
1660 4828 1774 4878 tantum
1801 4823 1914 4877 arvinae

159 4935 224 4976 rum
242 4918 384 4976 similibus
398 4919 479 4976 novis
493 4919 590 4975 herbis
605 4925 733 4990 renovet,
748 4924 778 4976 et
794 4920 903 4977 febrem
920 4920 1004 4977 istam
1058 4917 1241 4990 gallinarum,
1269 4921 1298 4972 et
1320 4915 1464 4972 modicam
1502 4913 1634 4969 stercoris
1669 4911 1856 4983 gallinarum,
1882 4918 1915 4966 st

158 5008 282 5082 mitigat,
295 5014 325 5064 et
335 5007 492 5064 sanabitur.
508 5007 585 5064 nde.
600 5008 643 5064 ed.
1058 5005 1126 5062 inde
1148 5009 1331 5078 unguentum
1345 5003 1447 5071 feciat;
1464 5008 1492 5058 et
1514 5016 1579 5057 cuni
1597 5001 1632 5056 de
1647 4999 1786 5072 praedicto
1801 4998 1912 5054 balneo

193 5134 232 5206 (i)
252 5135 404 5201 οήραηυηι
417 5135 541 5206 culpare.
1058 5133 1117 5188 iere
1154 5145 1245 5205 usqne
1275 5131 1311 5186 ed
1336 5129 1459 5185 mediam
1482 5131 1595 5184 noctem
1623 5123 1760 5191 dimittat,
1790 5127 1819 5179 et
1841 5127 1915 5179 tunc

205 5208 237 5273 ι)
255 5205 381 5261 Achilleo
394 5205 578 5272 lfillesolium.
1057 5203 1191 5259 auferat:
1215 5202 1269 5258 hoc
1287 5203 1371 5266 iacto,
1388 5215 1455 5281 mox
1473 5199 1584 5282 optimo
1597 5201 1634 5278 ,οι
1649 5192 1821 5276 parcissimo
1841 5195 1913 5273 vino

205 5276 234 5345 3)
253 5275 328 5331 Ed:
356 5298 367 5325 ι
399 5275 577 5332 llillelolium
604 5275 730 5331 calidum
758 5280 788 5332 et
812 5279 919 5332 siccum
947 5281 1001 5334 est
1057 5274 1122 5330 cilia
1148 5273 1298 5328 oculorum
1332 5271 1443 5327 modice
1474 5270 1676 5334 circumliniat,
1709 5270 1738 5320 et
1764 5279 1806 5319 sic
1831 5264 1913 5320 oculi

157 5346 193 5398 Et
206 5344 293 5400 liomo
308 5346 360 5417 qni
380 5347 415 5401 de
430 5346 501 5403 tletu
520 5346 714 5418 lacrymarum
729 5347 760 5402 iii
775 5347 866 5402 oculis
884 5347 1000 5419 caligat,
1058 5348 1206 5401 sanantur.
1221 5342 1396 5400 llillelolinm
1408 5356 1525 5413 quoqne
1542 5339 1690 5404 discretas,
1705 5357 1720 5388 >i
1734 5341 1788 5392 etc.

156 5414 338 5470 millefolium
359 5416 470 5472 modice
487 5416 601 5484 tundat,
616 5424 644 5472 et
664 5418 756 5474 oculis
770 5419 805 5474 ad
826 5423 941 5474 noctem
953 5434 1000 5473 sn·
1094 5415 1131 5486 (li)
1147 5417 1313 5486 Agrimonio
1324 5413 1487 5484 Eupatoria.

155 5489 306 5555 perpenet,
330 5500 433 5540 cavens
452 5501 490 5544 ue
508 5487 606 5545 oculos
628 5487 750 5546 interius
775 5493 890 5564 tangat;
911 5494 940 5545 st
957 5488 999 5544 sie
