3984 6034
152 209 198 262 lot
662 208 664 211 ’
877 204 905 258 S.
916 203 1163 268 ,uttuuunuots
1844 210 1898 262 432
1986 157 1987 162 ¹

148 340 219 394 duas
231 334 356 401 semites,
372 331 401 387 id
416 336 459 387 est
472 333 508 386 ed
523 331 632 388 bonnm
646 336 676 386 et
688 332 724 387 ad
739 331 848 388 malum
861 331 994 388 vederiss
1014 342 1039 394 A
1053 332 1159 389 infudit
1180 337 1210 388 et
1239 332 1368 404 quinque
1401 349 1501 388 sensns
1526 336 1655 407 corporis
1680 336 1722 391 tui
1748 353 1821 410 quos
1845 339 1898 394 tibi

148 432 215 480 tunc
224 422 361 488 edoceris,
378 425 557 492 etmagnaet
572 421 813 491 perscintclligis.
828 420 998 486 Quomodo?
1051 420 1139 484 dedit,
1152 421 1234 493 quusi
1248 437 1300 493 pro
1315 421 1406 476 nihilo
1420 426 1449 477 et
1463 439 1515 494 pro
1536 423 1659 478 vaniore
1683 423 1781 478 habes.
1796 425 1898 479 Nonne

147 516 202 570 Per
213 513 302 569 fidem
315 526 405 566 unum
418 511 508 564 [teum
523 510 553 564 iu
565 509 712 565 divinitate
727 515 756 563 et
769 509 800 564 in
815 509 996 565 humanitate
1049 507 1227 565 intellectum
1247 514 1276 564 ot
1304 509 1453 566 scientium
1478 510 1584 567 habes?
1607 513 1739 583 Regnum
1764 513 1815 567 Dei
1845 529 1899 584 po·

146 602 343 674 intelligis3et
357 597 689 670 etiamdlaboliccopera
702 599 732 653 in
744 600 819 654 melo
833 598 994 653 essevides.
1051 602 1104 653 teet
1132 597 1198 666 emi,
1226 614 1283 654 non
1308 605 1403 654 antem
1425 600 1490 669 joco
1515 599 1637 672 acquiri.
1658 601 1763 656 Audite
1783 617 1898 672 ergo‚o

147 693 180 748 Et
195 707 260 746 cum
282 690 323 745 ita
341 691 433 760 justes
455 692 483 742 et
503 687 624 757 injustas
647 687 707 741 rias
729 687 912 758 cognoveris3
927 693 996 742 tunc
1049 685 1191 754 homines,
1225 691 1254 740 et
1283 687 1371 741 nolite
1410 687 1557 758 despicere
1589 688 1748 743 introitum·
1774 689 1899 744 ooelestis

145 797 199 852 per
220 797 267 836 mc
291 777 486 850 interrogaris.
508 776 599 842 Quam
622 775 698 830 riam
717 777 760 830 ire
785 775 952 831 desideras?
966 775 996 830 Si
1048 774 1216 842 Jerusalem,
1243 775 1469 847 nolitetangere
1488 781 1610 831 mortem
1631 777 1766 832 etltcum
1791 793 1898 848 negare

145 877 215 926 tunc
241 869 273 923 in
295 868 385 923 bones
410 866 469 920 rias
484 867 527 920 ire
550 864 685 933 volucris;
708 869 736 919 st
765 864 789 918 si
821 863 908 918 serbe
931 879 995 918 men
1050 867 1078 916 et
1107 861 1255 916 diabolum
1280 862 1421 931 confiteri,
1447 863 1538 919 nolito
1560 865 1591 919 in
1615 865 1739 936 peccetis
1758 881 1896 934 crescere,

146 957 272 1014 lideliter
294 954 443 1011 audieris:
469 953 583 1008 assidua
607 958 636 1007 et
661 953 772 1008 sincere
794 966 880 1023 prece
905 952 995 1008 lleom
1049 947 1120 1004 etin
1140 949 1222 1005 bonis
1245 950 1378 1006 detlcere.
1404 950 1494 1006 Deum
1518 951 1596 1008 enim
1614 953 1713 1008 nudirs
1738 969 1796 1008 non
1811 954 1898 1008 vultis

146 1063 197 1102 ors
223 1051 255 1101 ut
283 1044 335 1100 tibi
359 1046 506 1098 succurret
526 1045 553 1096 el
582 1057 619 1096 ne
650 1043 679 1095 te
710 1040 832 1109 deserat,
857 1041 995 1112 quonism
1049 1051 1115 1091 cum
1139 1038 1169 1090 in
1193 1037 1344 1109 preceptis
1367 1037 1456 1110 ipsius
1481 1039 1629 1095 ambulare
1653 1041 1801 1110 recusatis,
1818 1041 1897 1096 etad

145 1137 256 1207 fragilis
278 1134 308 1188 in
332 1148 417 1188 carne
435 1136 486 1186 tue
510 1147 550 1197 es,
568 1135 655 1201 atque
677 1129 712 1184 ed
733 1129 927 1184 bumilitatem
948 1145 994 1184 ca-
1049 1123 1198 1180 diobolum
1222 1125 1336 1180 curritis
1367 1141 1432 1181 cum
1470 1126 1646 1182 desiderium
1678 1129 1772 1184 carnis
1794 1135 1897 1185 vestrm

145 1228 293 1295 putloom
308 1221 438 1287 inclina;
461 1223 537 1272 elea
556 1233 622 1290 quse
638 1217 668 1272 in
684 1217 890 1289 operibustuis
919 1219 995 1272 mala
1048 1213 1186 1283 perlicere
1215 1213 1397 1269 contenditis.
1423 1213 1590 1286 Resipiscite
1613 1231 1682 1289 ergo
1707 1221 1736 1271 et
1756 1217 1898 1273 contorte-

145 1319 211 1367 sunt
236 1315 346 1377 excute,
367 1312 468 1364 etate
490 1307 539 1361 illa
562 1306 732 1361 festinanter
753 1306 877 1376 projice;
901 1306 995 1361 bosca
1049 1300 1120 1354 mini
1134 1300 1270 1372 quiahoc
1285 1300 1366 1356 robis
1384 1306 1575 1358 necessarium
1598 1311 1651 1359 est.
1678 1305 1781 1360 Fidelis
1797 1312 1896 1361 autem

144 1405 173 1455 tc
190 1402 265 1456 Deus
288 1398 418 1470 requirit.
445 1397 479 1451 Et
494 1400 525 1449 ot
544 1395 648 1465 siquis
664 1395 833 1450 tibieurum
850 1401 879 1450 st
898 1396 993 1464 plum·
1047 1387 1135 1442 bomo
1147 1388 1277 1444 dolorem
1301 1405 1384 1444 suum
1408 1391 1571 1446 consideret
1583 1396 1611 1446 et
1626 1392 1770 1448 medicum
1784 1399 1897 1466 querat

144 1492 213 1545 bum
238 1491 413 1560 proponeret
441 1500 472 1538 ac
496 1484 613 1548 diceret,
639 1483 673 1537 ed
698 1483 776 1554 quod
791 1483 915 1538 volueris
933 1499 993 1537 ma·
1047 1481 1203 1548 antequam
1220 1478 1250 1532 in
1276 1483 1398 1532 m0rttm
1419 1483 1494 1534 tutt-
1510 1479 1591 1543 Qu⁰d
1617 1481 1640 1534 tt
1664 1481 1794 1537 dotorem
1809 1499 1896 1538 suum

142 1595 213 1633 num
243 1581 321 1631 tuam
345 1573 487 1629 extende:
511 1588 613 1627 eorum
641 1571 802 1627 avidissime
825 1587 942 1643 caperes
964 1577 991 1626 οι
1048 1565 1205 1636 inspexerit
1225 1571 1254 1620 et
1279 1567 1420 1621 medicum
1438 1567 1595 1638 quesierit,
1616 1569 1749 1624 turcatos
1763 1571 1897 1627 ostendet

142 1666 295 1739 plumbum
329 1663 499 1728 dimitteres,
538 1661 605 1732 qais
640 1676 742 1715 eorum
781 1659 875 1731 magis
904 1676 991 1732 quam
1011 1633 1073 1708 Bei
1088 1669 1220 1710 omarum
1232 1670 1347 1710 succum
1369 1656 1511 1727 pigmenti
1526 1671 1578 1727 per
1593 1672 1679 1729 quem
1702 1661 1798 1714 sonori
1817 1666 1898 1730 pote·

142 1753 293 1825 plumbum
316 1751 460 1822 diligeres.
477 1749 523 1804 Sic
549 1754 578 1803 st
592 1747 735 1804 coelestem
749 1749 873 1819 petriam
902 1749 993 1820 magis
1045 1742 1093 1804 rit,
1120 1757 1185 1813 quae
1209 1749 1277 1797 suut
1298 1757 1395 1798 amero
1415 1744 1502 1800 verba
1517 1761 1647 1817 perque
1662 1746 1826 1816 probandus
1840 1759 1895 1814 est,

142 1857 230 1915 mam
262 1838 478 1910 depressionem
506 1843 688 1908 peccatorum
724 1838 872 1891 attendere
894 1836 990 1892 debes.
1045 1835 1143 1885 utrum
1171 1831 1339 1901 poenitsntie
1364 1831 1426 1902 ejus
1453 1831 1489 1889 de
1513 1833 1606 1888 radice
1629 1835 1723 1890 cordis
1746 1835 1837 1907 ipsius
1855 1853 1897 1892 cn

143 1930 225 1996 Quod
250 1929 274 1982 si
297 1925 473 1996 inpeccatis
495 1924 642 1993 cecideris,
669 1939 735 1978 mox
759 1923 791 1978 in
813 1925 992 1979 confessione
1044 1919 1080 1973 do
1101 1925 1186 1974 vento
1210 1919 1405 1974 instabilitatis
1428 1921 1490 1991 ojus
1516 1921 1662 1992 procedat.
1687 1923 1818 1994 Cumque
1841 1924 1897 1978 boc

142 2026 169 2075 et
185 2034 258 2091 pura
277 2013 447 2088 poenitentia
472 2027 568 2084 surge,
599 2019 755 2084 antequam
784 2027 862 2067 mors
884 2012 993 2069 orietur
1044 2007 1218 2077 probaverit,
1243 2008 1292 2063 dat
1307 2009 1332 2062 si
1347 2009 1445 2064 riuum
1461 2009 1692 2080 compunctionis
1706 2017 1735 2067 et
1750 2011 1894 2082 preniten-

143 2107 172 2161 in
194 2111 232 2160 tc.
260 2104 343 2158 Peter
369 2102 446 2156 enim
473 2105 541 2156 tuus
566 2099 627 2154 volt
654 2104 686 2154 ut
707 2099 822 2167 clames,
854 2101 992 2170 plorsset
1046 2097 1102 2164 tic,
1125 2102 1157 2151 ut
1179 2097 1300 2153 lotorem
1327 2099 1478 2153 vulnerum
1503 2115 1620 2154 suorum
1649 2100 1747 2156 abluet
1761 2109 1790 2156 et
1805 2102 1895 2156 etism

141 2192 278 2249 auxilium
302 2196 404 2262 petas:
427 2205 464 2244 nc
501 2189 530 2243 iu
564 2188 697 2243 sordibus
718 2194 900 2259 peccatorum
926 2206 991 2260 per·
1045 2183 1168 2240 offertei
1193 2187 1288 2240 oleum
1310 2185 1512 2242 misericordie
1536 2192 1678 2259 qnatenus
1705 2191 1806 2246 eedem
1829 2191 1894 2244 vul·

141 2296 268 2337 moneas.
292 2279 347 2335 Sed
366 2279 390 2331 si
411 2278 530 2332 vulnera
553 2277 706 2347 acceperis,
732 2277 874 2333 medicum
894 2293 991 2350 quere
1045 2289 1114 2328 nero
1136 2273 1171 2328 sd
1197 2274 1347 2328 sinimicus
1380 2273 1472 2329 liniet.
1507 2276 1585 2330 Tunc
1606 2277 1694 2330 etiem
1716 2277 1845 2349 iniungis
1865 2277 1895 2332 ei

140 2387 177 2425 ne
194 2369 333 2424 morieris.
364 2367 465 2421 Nonne
489 2380 565 2435 soepe
586 2365 662 2419 Deus
685 2371 869 2436 tempestates
898 2366 992 2421 bomi-
1045 2366 1079 2415 ut
1093 2361 1167 2416 circa
1181 2362 1333 2415 sanitatem
1348 2377 1428 2417 susm
1447 2363 1586 2419 sollicitus
1604 2364 1652 2434 sit,
1676 2365 1796 2421 dicens:
1823 2366 1894 2422 llide

140 2459 224 2514 nibus
247 2455 386 2521 immittit,
411 2460 444 2508 ut
465 2453 697 2509 mercennurius
715 2453 752 2509 ab
765 2453 806 2507 eis
821 2454 991 2509 invocetur?
1045 2453 1078 2504 ut
1091 2449 1121 2504 in
1142 2449 1195 2503 bac
1216 2449 1359 2505 medicine
1383 2451 1528 2507 studiosus
1543 2459 1572 2507 et
1586 2453 1696 2508 stabilis
1710 2470 1893 2525 permoneas,

139 2546 194 2602 Sed
227 2551 268 2612 tu,
293 2561 310 2598 o
336 2545 422 2598 bomo
446 2542 516 2597 dicis
541 2557 548 2596 ε
573 2543 650 2596 Bona
677 2558 764 2613 opera
792 2542 906 2612 operari
933 2559 989 2597 non
1043 2553 1095 2592 nec
1118 2537 1234 2592 tedium
1259 2538 1326 2593 inde
1352 2539 1458 2610 capias,
1481 2541 1549 2611 quie
1572 2542 1692 2596 vulnere
1713 2547 1762 2597 tus
1791 2545 1892 2615 grsrie

139 2650 265 2706 possem.
291 2633 350 2704 Ego
379 2647 447 2686 vero
461 2631 544 2686 dico:
569 2631 661 2684 Potes.
689 2631 724 2684 Et
738 2637 768 2684 tu
784 2631 901 2701 queris,
916 2645 991 2702 quo·
1044 2630 1118 2680 sunt.
1143 2626 1198 2681 Sed
1223 2627 1306 2681 multi
1326 2634 1393 2682 sunt
1416 2627 1467 2700 qui
1487 2629 1533 2684 rix
1557 2631 1756 2701 poenitentiam
1772 2649 1893 2688 suorum

140 2723 250 2778 modo‘l
281 2720 471 2792 Respondco:
508 2719 657 2774 tutelleclu
680 2723 709 2772 et
736 2719 858 2773 ratione.
881 2719 988 2774 ilices:
1043 2718 1225 2784 peccatorum
1257 2715 1424 2787 suscipiunt,
1456 2723 1485 2772 ct
1519 2719 1650 2789 quamvis
1675 2722 1764 2776 molto
1794 2721 1893 2777 lubere

140 2809 317 2868 desiderium
348 2810 378 2864 in
406 2823 535 2862 menon
562 2806 988 2877 bsbeo.Respondeo:Disce
1042 2807 1140 2858 tamen
1156 2819 1218 2858 eam
1235 2810 1475 2875 proptermctum
1493 2807 1760 2880 mortisperngunt.
1783 2811 1820 2865 At
1836 2825 1892 2883 ego
1986 2811 1987 2850 i

139 2915 270 2972 pugnero
294 2903 393 2953 contra
420 2902 458 2952 te.
486 2897 520 2950 Et
545 2895 633 2950 dicis:
657 2896 761 2952 Contra
785 2913 832 2951 me
857 2913 988 2968 pugnare
1007 2891 1084 2960 cois
1110 2907 1227 2946 menum
1255 2893 1383 2965 porrigo,
1408 2897 1437 2948 st
1459 2895 1684 2951 amaritudinem
1709 2897 1788 2953 illem
1805 2899 1894 2954 eisin
1986 2905 1987 2916 ¹

141 3006 200 3045 non
217 2990 308 3052 valeo,
325 2985 381 3041 nisi
403 2986 479 3040 Deus
503 2983 645 3055 adjuverit
661 3000 717 3039 me.
740 2984 815 3039 Audi
828 2999 898 3055 orgo
914 3001 989 3057 quo·
1044 2980 1226 3036 dulcedinem
1245 2987 1334 3048 verto,
1355 2981 1396 3036 ite
1420 2983 1495 3054 quod
1512 2984 1713 3054 poenitentiam
1729 2985 1809 3042 illem
1827 3003 1894 3060 pro-

139 3076 225 3131 modo
240 3091 352 3147 pugnes
366 3073 517 3129 adversum
532 3072 670 3127 te:Cum
685 3072 793 3126 melum
809 3073 839 3126 in
855 3078 883 3127 te
897 3069 990 3145 surgit
1043 3073 1108 3140 pter
1130 3085 1256 3124 amorem
1286 3085 1382 3125 meum
1399 3087 1504 3143 magns
1524 3088 1590 3128 cum
1606 3074 1815 3146 tranquillitate
1829 3092 1893 3149 per·

138 3163 314 3218 nescientem
337 3160 482 3233 quomodo
501 3159 573 3215 illud
597 3159 730 3230 abjiciss;
748 3166 816 3214 tunc
833 3163 910 3215 tactu
925 3176 989 3232 gra·
1043 3157 1153 3226 tlciunt,
1178 3175 1263 3230 quam
1295 3175 1359 3214 com
1390 3175 1496 3232 magna
1519 3161 1689 3218 difficultate
1709 3163 1890 3236 inceperunt.

139 3252 187 3306 tice
201 3266 274 3306 mcoe
297 3247 503 3321 adjutuslncm
530 3247 560 3301 in
583 3246 821 3302 viisinteriorum
838 3248 989 3302 oculorum
1042 3245 1097 3311 Qui
1121 3253 1216 3302 cutem
1250 3247 1448 3318 poenitentiam
1479 3254 1661 3322 peccatorum
1696 3267 1812 3308 suorum
1843 3269 1893 3308 ne-

138 3345 256 3395 tuorum
279 3338 373 3410 gratia
400 3351 465 3391 mee
483 3340 577 3407 tangil
601 3334 638 3406 te)
653 3336 755 3403 clama,
776 3352 836 3402 ore,
852 3336 989 3392 contitere
1044 3335 1173 3406 glexerit,
1200 3335 1338 3407 quonism
1359 3352 1463 3409 corpus
1494 3354 1579 3394 soum
1594 3340 1733 3411 castigare
1748 3341 1802 3396 sibi
1818 3341 1893 3397 dild·

139 3435 168 3484 et
188 3430 283 3500 plore3
307 3431 340 3481 ut
362 3425 414 3480 tibi
436 3425 510 3479 Deus
534 3429 689 3491 succurret,
705 3426 735 3477 et
757 3426 789 3478 nt
806 3425 915 3479 malum
929 3439 946 3478 a
959 3430 988 3480 te
1042 3424 1096 3480 cile
1111 3440 1171 3480 esse
1200 3425 1279 3493 dicit,
1307 3426 1394 3480 miser
1421 3427 1546 3498 estquis
1560 3429 1735 3484 consultio
1749 3445 1779 3485 se
1794 3429 1891 3502 ipsom

140 3517 256 3580 soleret,
273 3520 302 3569 et
316 3520 348 3569 ut
362 3513 415 3568 tibi
429 3512 503 3567 vires
517 3512 547 3567 in
571 3512 645 3566 bono
671 3511 792 3579 tribuet;
818 3513 894 3567 istud
909 3514 988 3568 enim
1042 3513 1194 3584 respicere,
1211 3529 1263 3568 nec
1286 3513 1378 3570 ullum
1404 3515 1546 3570 medicum
1577 3532 1717 3587 querere,
1744 3533 1797 3573 nec
1824 3520 1888 3574 vol·

138 3605 228 3660 hebes
242 3619 274 3658 ex
291 3603 411 3656 scientia
427 3616 484 3673 qua
500 3600 589 3654 ileum
614 3615 667 3671 per
685 3599 903 3671 inspirationem
920 3601 988 3672 Spi-
1042 3617 1111 3656 nere
1130 3617 1182 3656 sue
1206 3601 1313 3669 sonori,
1338 3603 1386 3658 scd
1412 3603 1568 3675 pessimum
1592 3606 1711 3660 livorem
1727 3606 1756 3661 in
1772 3621 1801 3662 se
1815 3609 1892 3664 celat

137 3692 210 3748 ritus
251 3691 340 3746 sancti
372 3689 528 3760 intelligis;
557 3703 624 3742 nom
654 3688 678 3743 si
711 3687 833 3760 alicujus
860 3689 987 3744 bominis
1042 3695 1070 3745 et
1091 3696 1213 3746 mortem
1236 3691 1266 3745 in
1294 3691 1508 3747 simulationem
1528 3694 1600 3764 tegit
1617 3710 1653 3749 ne
1679 3695 1768 3752 videri
1787 3697 1888 3768 possit.

138 3779 288 3852 operarius
317 3793 409 3832 esses:
448 3776 563 3848 quoties
601 3780 748 3847 oporteret
780 3783 809 3831 te
841 3775 871 3832 id
894 3777 987 3832 locere
1042 3778 1122 3834 Unde
1137 3779 1221 3850 piger
1236 3779 1272 3834 ed
1299 3782 1415 3850 gustum
1445 3781 1621 3852 prenitentios
1648 3787 1700 3852 est,
1726 3785 1888 3840 nolensre·

137 3869 213 3939 qnod
229 3867 341 3938 corpori
361 3872 411 3921 tuo
433 3864 550 3919 difficile
571 3871 653 3934 esset,
678 3879 775 3919 nonne
797 3865 888 3920 multa
905 3865 985 3920 labo·
1041 3864 1149 3935 spicere
1171 3866 1200 3918 ιιι
1219 3864 1315 3920 oleum
1339 3866 1554 3936 misericordie,
1580 3885 1634 3924 nec
1661 3871 1889 3928 consolationem

136 3956 212 4010 riose
227 3955 383 4010 sustineres
404 3959 523 4024 propter
549 3957 694 4008 terrenam
709 3953 871 4008 mercedem
886 3954 986 4008 toam‘l
1039 3953 1248 4024 redemptionis
1262 3970 1393 4026 querere
1410 3971 1417 4010 z
1434 3960 1462 4012 et
1479 3956 1544 4012 ideo
1559 3957 1589 4012 in
1604 3965 1729 4016 mortem
1753 3968 1889 4034 properat

137 4045 235 4099 Etcur
258 4044 317 4098 lleo
348 4048 467 4115 propter
484 4056 638 4111 supernam
662 4042 823 4096 mercedem
842 4057 900 4096 non
928 4057 986 4096 ser·
1041 4042 1178 4113 quonism
1193 4047 1314 4097 mortem
1331 4043 1442 4112 dilexit,
1458 4059 1511 4100 nso
1526 4062 1647 4118 regnum
1678 4050 1729 4104 llei
1745 4051 1885 4122 qnaesirit.

136 4131 193 4199 ris;
209 4131 259 4203 qui
279 4130 331 4186 tibi
350 4135 379 4185 ct
405 4129 532 4183 animam
554 4132 583 4184 et
605 4142 708 4200 corpus
729 4128 880 4184 deditisi
907 4129 984 4184 enim
1002 4182 1025 4237 D
1041 4131 1124 4201 Ergo,
1152 4146 1169 4184 o
1193 4131 1302 4202 ttdsles,
1332 4131 1362 4187 in
1384 4140 1526 4204 precepto
1551 4136 1600 4191 Ilei
1629 4138 1744 4206 currite,
1773 4157 1810 4195 ne
1836 4157 1887 4197 ros

135 4220 262 4292 aliquem
286 4218 476 4290 temporalem
491 4232 553 4272 rem
567 4216 673 4272 bebere
689 4217 786 4284 velles,
810 4223 984 4288 oquantum
1039 4219 1184 4274 damnatio
1215 4221 1315 4274 mortis
1341 4222 1547 4292 apprehendet.
1577 4225 1685 4280 Novum
1708 4227 1798 4285 Adsm
1821 4229 1886 4285 imi·

135 4309 280 4364 laborares
294 4314 325 4363 ut
338 4306 416 4362 illam
436 4307 537 4361 saltem
556 4306 599 4360 vel
624 4321 711 4377 parvo
726 4311 856 4376 tempore
878 4306 983 4362 bebere
1038 4308 1151 4376 lamini,
1167 4313 1196 4362 et
1210 4311 1334 4363 veterem
1355 4309 1504 4366 bominem
1519 4311 1642 4384 abjicite.
1660 4315 1732 4370 Nem
1747 4320 1884 4386 currenti,

134 4412 245 4467 posses.
271 4397 352 4451 Nunc
373 4401 469 4450 entem
488 4394 597 4450 fastidit
618 4399 646 4448 te
661 4393 734 4448 illud
755 4409 885 4464 querere
904 4395 982 4466 quod
1037 4412 1160 4467 regnum
1183 4396 1232 4452 ltci
1258 4403 1391 4468 apertum
1411 4403 1464 4466 est,
1489 4399 1520 4455 in
1544 4405 1621 4456 terra
1642 4407 1739 4458 cutem
1765 4406 1884 4476 jacenti,

133 4485 222 4540 llnsm
244 4500 303 4540 uon
332 4485 427 4538 hebet.
455 4485 526 4538 Nem
547 4488 578 4537 nt
600 4483 651 4538 bos
675 4482 792 4537 stimulo
817 4483 923 4555 agitor,
942 4483 983 4538 sic
1037 4485 1166 4540 clausum
1202 4489 1253 4551 est,
1279 4485 1327 4540 sed
1361 4487 1458 4541 miseri
1487 4493 1555 4543 sunt
1586 4489 1630 4544 illi
1657 4491 1707 4562 qut
1736 4491 1885 4550 diabolum

133 4579 163 4629 et
187 4579 220 4629 tu
245 4589 349 4645 corpus
376 4579 458 4627 tunm
481 4573 585 4626 timore
604 4571 720 4626 [lumini
734 4586 864 4626 exercere
879 4570 979 4640 debss;
1037 4577 1219 4638 venerentur,
1238 4573 1327 4629 lleum
1346 4573 1521 4647 ignorantes.
1536 4576 1704 4641 Quomodo?
1719 4579 1773 4645 Oui
1793 4580 1885 4637 Deum

132 4661 239 4734 quiesi
261 4662 315 4716 hoc
337 4660 447 4729 feceris,
468 4660 545 4714 Deus
566 4675 624 4713 uon
648 4659 764 4730 objiciet
785 4663 823 4715 te.
846 4660 875 4714 si
903 4660 980 4716 euim
1036 4661 1173 4716 nnumin
1195 4661 1333 4717 'trinitate
1356 4679 1414 4719 non
1442 4663 1554 4732 coluut;
1580 4683 1632 4721 nec
1660 4667 1827 4725 Trinitutem
1853 4671 1885 4726 in

131 4750 237 4822 aliquis
265 4755 405 4820 tyrannus
418 4755 447 4803 ιο
468 4749 633 4820 captivaret,
649 4747 781 4818 protinus
794 4747 829 4802 cd
855 4748 937 4802 illum
952 4755 980 4805 te
1036 4748 1146 4805 unitate
1167 4749 1239 4804 scire
1253 4751 1361 4806 volunt.
1379 4751 1457 4807 Unde
1472 4753 1522 4824 qui
1543 4755 1647 4810 salvari
1668 4758 1737 4825 vult,
1755 4758 1786 4812 in
1806 4765 1884 4814 recta

131 4843 314 4893 converteres
327 4837 377 4910 qui
394 4835 446 4891 tibi
466 4836 573 4891 auxilio
597 4850 659 4890 esse
683 4839 778 4907 posset
792 4840 821 4890 et
835 4836 982 4908 cisuppli·
1036 4841 1064 4892 et
1077 4838 1217 4893 catholice
1242 4839 1299 4894 flde
1327 4856 1384 4895 non
1405 4840 1524 4896 dubitet.
1546 4841 1619 4907 Quid
1641 4845 1715 4900 boo?
1739 4845 1882 4911 Quoniam

132 4943 211 4982 ceres
224 4942 349 4998 eumque
365 4941 473 4992 orares,
495 4929 523 4979 et
546 4924 734 4978 substantiam
760 4929 839 4979 tusm
855 4923 898 4978 illi
913 4940 981 4995 pro-
1035 4926 1148 4982 Pctrem
1172 4943 1229 4982 non
1245 4927 1322 4993 colit,
1338 4929 1389 4999 qui
1408 4928 1511 4984 Filium
1539 4930 1678 5004 ebnegat3
1705 4949 1757 4988 nec
1779 4934 1883 4992 Filium

132 5016 259 5071 mitteres
280 5020 312 5070 ut
339 5013 392 5068 tibi
429 5017 617 5068 succurreret.
652 5012 699 5068 Sic
725 5018 755 5068 et
776 5017 820 5080 tu,
845 5013 978 5081 chomo,
1034 5013 1137 5085 diligit,
1158 5013 1208 5085 qui
1230 5015 1342 5069 Patrem
1361 5016 1492 5088 ignoret;
1507 5034 1560 5073 nec
1582 5019 1685 5076 Filium
1708 5022 1804 5090 babet,
1831 5025 1882 5095 qui

129 5105 174 5160 icc
193 5120 258 5159 curn
284 5103 422 5175 iniquitas
449 5109 477 5157 te
495 5101 614 5173 coperit
630 5118 637 5170 ;
655 5101 690 5156 cd
712 5103 801 5158 ltcom
817 5106 845 5155 te
860 5115 978 5156 conver·
1034 5102 1172 5175 Spiritum
1202 5107 1331 5158 ssnotum
1356 5105 1473 5176 objicits
1503 5122 1556 5162 nec
1588 5107 1726 5180 Spiritum
1750 5115 1882 5168 sanctum

129 5197 193 5248 tens
216 5191 356 5264 supplice,
377 5208 427 5246 ors
452 5196 481 5246 et
497 5189 703 5246 correctionem
726 5195 805 5244 tuam
828 5187 977 5260 promitte,
1033 5189 1146 5261 accipit,
1175 5189 1225 5262 qui
1241 5191 1353 5246 Patrem
1370 5197 1399 5247 et
1427 5193 1529 5250 Filium
1545 5211 1604 5251 non
1620 5202 1783 5254 veneretur.
1805 5201 1881 5272 Ergo

129 5286 158 5336 et
175 5281 266 5336 lteum
281 5286 310 5336 te
332 5281 487 5351 adjurabit.
512 5280 566 5335 Sed
579 5284 621 5347 tu,
646 5278 774 5344 obomo,
790 5292 925 5333 coecusss
941 5279 977 5334 ad
1033 5278 1128 5333 unitos
1154 5278 1186 5333 iu
1214 5279 1352 5348 trinitate,
1381 5285 1410 5336 et
1435 5281 1549 5338 trinitas
1583 5284 1614 5339 in
1639 5285 1750 5342 unitate
1771 5287 1879 5344 intelli·

130 5369 295 5437 ridendum,
322 5369 426 5426 surdus
448 5370 484 5425 ad
515 5368 700 5435 audiendum,
721 5364 869 5422 recorsad
884 5366 976 5421 tede·
1032 5365 1228 5436 gendaest.0
1254 5367 1354 5433 bomo,
1383 5369 1514 5442 nunquid
1538 5385 1568 5427 es
1583 5371 1645 5428 siue
1671 5375 1758 5431 cordo
1773 5377 1879 5434 etsins

127 5456 320 5526 tendendum
343 5459 483 5532 quonism
510 5456 689 5514 intellectum
712 5469 802 5528 quern
828 5453 883 5512 tlbi
900 5456 976 5511 bons
1031 5453 1174 5526 sanguino
1194 5453 1311 5513 visensi
1332 5455 1377 5513 Sic
1404 5473 1457 5515 nec
1479 5459 1564 5516 Peter
1577 5459 1639 5519 sine
1659 5461 1732 5520 Filio
1747 5479 1801 5522 uso
1813 5465 1876 5524 sine
