3984 6034
165 228 234 285 13113
888 227 918 284 S.
937 224 1181 285 ulunuultubls.
1846 230 1916 286 taut

161 368 192 420 st
213 364 342 419 aestatem
362 360 467 435 diligit,
490 366 520 417 et
549 366 648 434 pestus
675 362 739 434 eius
761 377 923 419 venenosus
951 376 1010 417 nou
1027 364 1050 418 A
1065 361 1142 434 apud
1154 366 1182 418 te
1196 377 1311 434 semper
1324 365 1417 435 porte,
1432 366 1461 418 et
1482 360 1625 435 dyabulus
1637 363 1793 435 ingruente
1813 380 1869 421 uec
1885 365 1915 421 io

162 456 216 509 est.
232 450 288 508 sed
302 452 405 523 spectu
421 450 472 523 qui
493 449 616 507 uiridem
638 452 767 507 colorem
788 450 884 523 bebet,
907 450 1010 507 melior
1063 453 1237 521 getrugnisze
1247 450 1363 507 iuterim
1386 456 1415 507 te
1430 450 1543 523 fatigat,
1566 452 1636 525 quia
1658 452 1740 511 illem
1762 452 1823 510 odit
1841 470 1916 527 pro·

162 546 192 598 et
212 541 361 598 robustior
383 546 435 611 est,
455 556 544 613 quem
564 541 639 598 elius
660 541 708 597 sit.
731 541 781 597 lllo
813 545 909 597 autem
934 540 1010 596 elius
1062 540 1312 613 ptermuuditiam
1324 554 1405 595 snam
1421 540 1470 612 (8).

161 629 230 687 setis
253 630 338 699 velet,
362 630 412 686 sod
430 646 490 686 uon
509 633 622 686 tentum
637 634 778 702 quantum
800 629 861 698 ille,
877 629 931 702 qui
942 629 1009 685 riri·
1275 628 1545 687 Cer.lll.lV.-1lr
1563 629 1698 687 Dnosene.

164 718 209 776 dis
222 723 267 775 est
286 719 337 791 (1).
355 721 447 776 llomo
462 724 571 788 eutem,
591 719 642 790 qui
663 720 794 791 leprosus
812 725 867 789 est,
887 719 1009 775 uiridem
1099 718 1210 775 Drusum
1238 718 1330 774 calida
1357 722 1409 783 est,
1451 723 1480 773 et
1507 716 1640 775 moribus
1661 718 1720 775 suis
1748 724 1914 775 mansuete.

161 808 263 881 Specltt
281 808 317 865 ad
332 808 431 880 iguem
452 811 528 863 esset
549 812 579 863 et
600 806 640 863 ita
660 824 737 881 srepe
759 808 899 872 comedet,
914 812 943 863 ct
963 807 1010 864 le·
1064 806 1120 863 Sed
1133 807 1221 863 bomo
1236 806 1285 879 qui
1298 806 1429 873 interius,
1446 807 1475 861 iu
1487 812 1604 878 gutture
1618 806 1717 880 aliquo
1732 808 1820 864 modo
1834 808 1918 864 dolet

162 911 247 968 prem
274 896 430 965 consumit,
458 896 489 953 id
522 897 715 953 circumdet.
737 896 793 953 Sed
830 902 861 952 et
886 896 1009 953 viridem
1063 894 1178 966 autqui
1197 910 1301 951 raucus
1322 895 1351 950 iu
1371 901 1591 962 veneratum
1612 895 1734 968 ineque
1752 902 1870 970 coquat,
1888 902 1918 953 et

162 985 262 1057 Speclst
279 983 384 1057 eccipe,
406 988 440 1040 ot
461 985 556 1057 capite
578 985 642 1056 eJus
662 991 692 1042 et
707 985 860 1041 viscoribus
879 985 1008 1057 abjectis,
1063 981 1095 1037 in
1107 983 1244 1055 eque‘illa
1262 983 1372 1040 lineum
1387 998 1516 1056 pannum
1535 982 1671 1055 intingat,
1685 990 1716 1041 et
1734 1000 1800 1041 cnm
1815 1001 1916 1057 panno

163 1089 197 1129 ec
209 1073 313 1145 peonis
328 1073 441 1144 ablatis,
455 1074 601 1145 reliquum
617 1089 721 1146 corpus
736 1074 772 1130 ad
791 1074 889 1147 iguem
903 1090 967 1130 esse
980 1079 1011 1130 ot
1063 1071 1114 1127 illo
1128 1072 1245 1129 madido
1253 1075 1348 1129 totum
1363 1077 1463 1144 guttur
1474 1088 1559 1127 suum
1572 1073 1708 1145 usquead
1722 1074 1866 1129 orcletum
1881 1075 1916 1146 (1)

161 1162 297 1233 superior
309 1168 397 1229 ronst,
416 1162 467 1234 qui
482 1162 592 1217 incute
612 1163 675 1234 ejus
691 1162 728 1217 ad
743 1161 842 1234 iguem
857 1178 1010 1219 succensus
1064 1159 1139 1215 belbe
1152 1160 1256 1233 [usque
1270 1160 1306 1217 ed
1327 1176 1411 1217 eures
1426 1160 1551 1215 suaviter
1570 1160 1748 1235 cumtringst
1759 1161 1814 1234 ed]
1835 1170 1866 1219 et
1881 1164 1917 1219 de

163 1254 217 1317 est,
232 1249 314 1305 auter
328 1254 357 1306 et
374 1264 466 1317 serra,
486 1254 517 1305 et
530 1249 633 1306 deinde
648 1250 727 1307 uliud
747 1265 851 1322 corpus
870 1250 911 1305 ita
932 1268 1008 1307 essa-
1063 1248 1178 1304 residuo
1201 1249 1332 1321 eJ'usdem
1356 1265 1439 1322 equor
1462 1250 1553 1319 suffen
1565 1254 1646 1321 peret
1666 1254 1695 1305 el
1719 1251 1863 1319 comodat,
1889 1256 1918 1306 et

163 1343 226 1394 tum
242 1337 381 1395 mortario
405 1338 516 1395 modice
537 1338 681 1395 contunde
703 1344 732 1395 et
749 1338 781 1394 in
802 1354 879 1411 eque
898 1340 1011 1396 fortiter
1063 1336 1118 1393 hoc
1141 1353 1216 1410 saepe
1238 1337 1333 1406 fauet,
1357 1341 1386 1393 et
1406 1336 1510 1393 melius
1537 1336 1656 1394 babebit
1684 1336 1724 1410 (9)
1743 1338 1774 1394 iu
1796 1342 1915 1411 gutture

162 1442 263 1499 coque,
278 1425 405 1500 itaquod
420 1442 473 1499 per
487 1426 585 1483 omnia
595 1427 743 1483 minuatur
752 1428 854 1484 addreb
869 1448 877 1496 ;
892 1433 921 1484 ot
933 1434 1010 1501 post·
1064 1430 1093 1480 et
1105 1424 1137 1481 in
1151 1442 1228 1481 voce.
1253 1427 1286 1481 111
1299 1426 1351 1499 qui
1371 1426 1403 1482 iu
1423 1430 1521 1498 jecore
1545 1431 1597 1481 eut
1614 1426 1645 1481 iu
1669 1424 1807 1500 pulmone
1821 1428 1913 1494 dolet,

161 1532 250 1587 quam
264 1516 385 1581 coxeris,
401 1515 437 1571 de
450 1532 528 1588 eque
541 1516 634 1586 euier,
650 1521 679 1572 et
692 1532 757 1571 osse
774 1516 809 1573 de
822 1532 910 1574 cerno
924 1534 1009 1590 sepe-
1063 1513 1198 1570 droselam
1218 1514 1349 1585 recipiat,
1381 1518 1410 1569 et
1437 1530 1500 1570 eam
1533 1513 1564 1569 in
1592 1530 1668 1587 equa
1697 1521 1807 1571 cocum
1838 1532 1916 1587 sepe

162 1607 225 1659 reta
238 1609 268 1659 et
278 1604 329 1659 iliu
345 1604 449 1677 abjice,
472 1608 559 1676 atque
573 1607 688 1660 eusdem
708 1620 809 1661 cerum
829 1622 916 1679 super
933 1606 1009 1678 igui-
1063 1602 1204 1671 comedat,
1220 1608 1249 1659 et
1260 1602 1419 1660 sanabitur.

162 1696 225 1748 tom
253 1692 381 1765 lapidem
404 1693 439 1748 ed
468 1694 614 1765 pulverem
649 1692 748 1763 istum,
773 1698 803 1749 et
830 1662 1049 1766 superioremB
1152 1691 1216 1747 Gar.
1238 1691 1366 1748 1111-
1382 1690 1548 1747 bubonem
1568 1690 1625 1763 (10)
1645 1688 1702 1765 (11,
1719 1689 1822 1765 ιι,37).

162 1785 258 1837 euten:
272 1796 358 1837 ronse
373 1782 446 1854 ejus,
461 1788 491 1837 et
507 1780 577 1837 setis
590 1781 626 1838 de
639 1782 726 1838 rutha
746 1782 778 1839 in
803 1798 909 1857 equam
927 1784 1009 1841 illem
1097 1780 1200 1835 betolio
1219 1777 1415 1852 [terrulam]
1439 1778 1521 1834 valde
1539 1778 1634 1835 calida
1654 1783 1741 1837 estet
1759 1779 1849 1838 eride
1864 1798 1916 1837 ua·

162 1884 239 1941 poue
254 1869 286 1924 iu
305 1885 364 1942 qus
377 1870 478 1940 speetu
497 1869 578 1942 prius
594 1870 707 1938 coristi,
720 1874 749 1927 et
771 1870 798 1926 ei
821 1871 889 1928 satis
912 1871 947 1928 de
963 1888 1009 1928 ar·
1028 1908 1033 1917 .
1063 1870 1148 1936 ture,
1172 1872 1201 1923 et
1227 1870 1356 1924 uetetem
1380 1866 1486 1940 diligit,
1500 1881 1534 1923 ee
1561 1867 1593 1923 in
1607 1866 1759 1940 splendore
1784 1869 1857 1925 solis
1876 1870 1914 1926 li·

161 1958 230 2014 vine
249 1958 372 2015 vulturis
390 1962 420 2015 et
432 1974 537 2031 pamm
558 1958 594 2015 de
615 1974 692 2031 supe
711 1958 786 2014 birci
805 1959 890 2029 adde,
906 1964 936 2015 ct
949 1960 1010 2015 beo
1063 1955 1165 2011 beuter
1185 1955 1271 2023 uolat,
1286 1960 1315 2012 et
1328 1956 1359 2011 iu
1381 1956 1475 2011 calore
1490 1954 1578 2028 riget,
1594 1954 1642 2012 sod
1664 1954 1695 2012 iu
1715 1956 1824 2030 frigore
1842 1958 1915 2014 laci-

164 2046 252 2103 simul
273 2047 386 2103 fortiter
399 2063 502 2119 coque,
517 2052 547 2103 et
568 2047 604 2103 de
616 2063 698 2103 rcum
716 2048 767 2119 qui
780 2047 904 2120 desuper
917 2051 1008 2112 natet,
1063 2044 1129 2101 liter
1147 2043 1234 2117 perit,
1249 2048 1278 2099 et
1301 2058 1427 2100 wunsam
1452 2048 1496 2100 est
1514 2048 1544 2099 et
1564 2048 1669 2113 estute,
1685 2060 1717 2101 ec
1739 2046 1849 2102 munda
1864 2063 1913 2119 pa·

163 2140 345 2208 unguentum
365 2135 420 2205 lec,
443 2134 508 2191 aliis
532 2134 653 2207 reliquis
673 2134 802 2207 abjectis,
822 2140 937 2192 etcum
953 2152 1011 2192 uu·
1063 2148 1131 2189 seue
1155 2130 1270 2204 querit,
1295 2135 1324 2187 et
1346 2147 1398 2187 uec
1421 2130 1500 2187 suuis
1519 2148 1570 2187 uec
1595 2132 1719 2189 infirmis
1744 2135 1914 2191 bominibus

162 2229 272 2295 guento
285 2222 337 2279 illo
360 2224 474 2295 lepram
494 2223 620 2280 hominis
640 2238 718 2295 sepe
732 2239 820 2296 ungo,
835 2229 865 2280 et
878 2226 1010 2297 quemvis
1063 2220 1099 2277 ad
1129 2220 1339 2278 comedendum
1371 2221 1446 2277 velet
1467 2220 1534 2292 (11).
1559 2219 1613 2277 Sed
1639 2219 1663 2276 si
1690 2220 1778 2279 alicui
1798 2224 1914 2280 homini

160 2314 244 2386 lepre
258 2314 340 2370 tortis
353 2314 400 2383 sit,
415 2314 464 2370 illo
480 2314 640 2383 sanabitur,
656 2314 711 2370 uisi
725 2315 869 2388 judicium
884 2316 1010 2373 Deinon
1063 2314 1165 2383 gultur
1175 2314 1280 2378 11111111,
1296 2309 1328 2365 id
1345 2312 1387 2365 ιιι
1407 2310 1517 2377 swillet.
1533 2309 1630 2382 accipe
1650 2310 1792 2381 bertham,
1821 2318 1851 2369 cl
1865 2330 1912 2369 ca·

161 2401 318 2477 permittat,
338 2406 389 2458 snt
410 2402 468 2459 nisi
491 2418 570 2459 mors
594 2402 670 2458 illius
689 2402 721 2459 in
744 2404 824 2476 lepra
838 2404 876 2461 sit
889 2404 938 2476 (2),
954 2404 1009 2461 Sed
1062 2398 1123 2470 pite
1137 2414 1170 2453 ac
1190 2398 1345 2455 visceribus
1371 2402 1401 2453 et
1419 2397 1524 2469 peuuis
1541 2398 1669 2469 abjectis,
1685 2400 1830 2473 reliquum
1851 2418 1911 2457 cor·

164 2507 214 2547 cor
229 2491 293 2564 ejus
321 2490 405 2559 sime,
428 2496 460 2547 st
480 2491 512 2547 in
528 2507 600 2547 euro
621 2496 652 2547 et
674 2491 706 2547 in
729 2496 852 2564 argento
876 2494 956 2551 velut
978 2494 1010 2549 iu
1063 2503 1119 2561 pus
1141 2502 1229 2560 super
1249 2486 1373 2544 calidum
1395 2487 1515 2543 luterem
1542 2488 1674 2560 paulttin
1697 2490 1780 2559 sicce,
1805 2492 1848 2547 sic
1870 2498 1911 2547 ta·

159 2581 247 2637 euulo
269 2581 424 2649 oirmtrcte,
444 2580 573 2652 quandiu
594 2581 672 2653 apud
686 2584 715 2637 te
735 2585 842 2653 portas,
857 2584 934 2650 picbt
948 2597 967 2638 s
980 2586 1010 2641 te
1064 2593 1132 2634 men
1154 2591 1209 2633 nec
1228 2575 1388 2645 combures,
1403 2580 1433 2632 et
1447 2576 1482 2632 de
1505 2577 1623 2648 pulvere
1642 2580 1741 2635 ιιιιιοιι
1756 2578 1837 2647 [tiliae
1852 2581 1907 2654 ιιι.)

160 2668 293 2725 cessabit.
308 2669 381 2724 lt'em
396 2672 501 2724 nature
514 2667 643 2739 ejusdem
657 2669 717 2724 esis
736 2668 824 2741 hujus
846 2669 966 2739 munde,
981 2675 1011 2728 ot
1064 2665 1100 2722 ad
1113 2664 1227 2739 pondus
1239 2664 1328 2721 trium
1343 2679 1530 2722 nummorum
1541 2665 1623 2735 adde,
1637 2671 1666 2721 et
1680 2665 1721 2722 ite
1734 2667 1766 2722 in
1779 2682 1910 2739 pennum

161 2772 212 2812 cor
231 2757 295 2829 ejus
314 2755 436 2828 simplex
463 2760 515 2823 est,
545 2772 600 2814 nec
622 2757 730 2813 malem
751 2762 843 2815 artem
866 2759 963 2827 hebet,
979 2765 1010 2818 et
1063 2754 1130 2827 lige,
1145 2768 1178 2809 te
1196 2753 1226 2808 iu
1249 2768 1346 2825 pauno
1370 2767 1458 2826 super
1473 2758 1573 2824 guttur
1588 2752 1667 2810 illius
1690 2757 1867 2829 constringe,
1882 2765 1912 2813 et

161 2844 226 2900 ideo
241 2843 333 2900 uirtus
354 2844 449 2901 cordis
467 2844 530 2916 eius
549 2860 623 2917 puro
648 2849 805 2902 eramento
830 2846 1009 2903 diversitates
1061 2848 1158 2899 tumor
1174 2842 1224 2899 ille
1235 2842 1393 2913 lugebitur.
1410 2843 1443 2897 lit
1457 2841 1481 2897 si
1494 2856 1632 2915 maguum
1644 2856 1733 2900 suem
1748 2842 1841 2919 [ulons
1853 2847 1911 2917 ιιι.)

160 2932 327 3003 bumomm,
343 2932 395 3006 qui
408 2936 502 3004 guttes
525 2932 657 3006 paralisis
671 2934 844 3006 producunt,
860 2935 941 2992 sedet
955 2936 1006 3009 (3).
1025 2962 1046 3018 C
1062 2930 1168 2987 alicubi
1183 2930 1214 2987 in
1232 2946 1351 3004 corpore
1365 2936 1416 2988 tuo
1430 2930 1529 2997 hebes,
1548 2931 1684 2989 eumdem
1695 2934 1845 3005 pulverem
1857 2935 1912 2991 de-

160 3021 281 3095 Reliqua
295 3038 361 3095 quer
375 3021 406 3077 iu
422 3036 457 3076 eo
480 3027 557 3089 sunt,
571 3021 722 3079 mediciuae
740 3039 800 3079 nou
819 3026 1005 3082 conueniunt.
1061 3036 1148 3092 super
1161 3020 1231 3093 lige,
1247 3025 1275 3077 et
1297 3025 1416 3093 propter
1431 3020 1564 3077 eumdem
1582 3026 1716 3078 naturam
1733 3028 1763 3079 et
1775 3024 1911 3081 virtutem

346 3111 412 3167 Csr.
431 3110 497 3166 llbl.
518 3140 553 3150 —
567 3111 610 3167 lle
629 3113 750 3169 Psssrue
769 3112 820 3184 (ι).
1061 3124 1153 3177 suam,
1173 3114 1206 3164 ut
1230 3109 1380 3181 prelatum
1405 3114 1459 3178 est,
1485 3109 1563 3165 idem
1586 3110 1668 3165 ulcus
1690 3110 1778 3168 molle
1803 3111 1859 3168 erit
1882 3122 1911 3167 et

195 3200 296 3255 Pesser
317 3199 384 3273 plus
408 3198 531 3271 frigidus
558 3203 650 3256 estet
673 3199 780 3256 multas
802 3201 955 3257 varietates
974 3202 1007 3257 in
1061 3202 1222 3269 rumpetur.
1248 3197 1329 3263 Quod
1352 3197 1377 3253 si
1401 3198 1489 3253 etiem
1511 3197 1608 3255 drusze
1632 3198 1762 3271 [glandes
1785 3200 1841 3272 ed]
1861 3200 1911 3255 be·

161 3288 292 3343 moribus
306 3286 366 3343 suis
382 3285 491 3360 [babet]
513 3291 633 3359 propter
647 3288 782 3344 estutiem
807 3293 837 3345 et
848 3289 1005 3347 versutiam
1059 3285 1120 3351 bes,
1134 3302 1182 3342 ees
1206 3284 1295 3342 eslius
1309 3290 1359 3343 tua
1373 3287 1453 3359 prius
1468 3286 1609 3358 medelae,
1625 3292 1655 3343 et
1669 3288 1819 3359 pulverem
1835 3304 1908 3360 prer-

161 3390 255 3443 suam,
270 3379 379 3431 etcum
401 3373 588 3431 multitudiue
609 3375 733 3432 libenter
746 3377 835 3445 volet,
852 3392 922 3433 nea
944 3395 1006 3434 ma·
1060 3373 1151 3429 fatum
1174 3372 1205 3429 in
1229 3388 1324 3445 penum
1339 3373 1464 3445 desuper
1489 3372 1557 3446 lige,
1579 3378 1608 3429 et
1628 3380 1807 3431 evanescent.
1832 3376 1908 3431 Etsi

158 3462 273 3535 juribus
287 3462 386 3519 avibus
411 3463 541 3520 ludatur.
566 3466 600 3521 lit
621 3465 653 3521 iu
666 3481 734 3522 aere
753 3466 803 3523 ille
816 3467 922 3539 sepius
943 3484 1007 3523 rer·
1060 3462 1139 3517 cauis
1154 3462 1233 3532 furit,
1248 3466 1335 3535 ceput
1354 3462 1454 3519 tudute
1475 3462 1601 3532 abscide,
1622 3467 1652 3518 et
1674 3463 1753 3520 idem
1767 3468 1855 3536 eaput
1867 3466 1910 3521 lu-

160 3551 303 3625 seturqni
318 3551 492 3624 spissnsest,
517 3557 546 3609 et
567 3553 634 3611 idco
651 3554 798 3612 infirmam
819 3572 936 3613 curnem
958 3557 1008 3613 be·
1060 3552 1135 3607 renti
1149 3551 1213 3607 ceni
1227 3552 1263 3608 ed
1285 3551 1495 3609 comedendum
1509 3552 1556 3622 da,
1576 3557 1605 3609 et
1624 3553 1752 3610 furorem
1776 3554 1908 3621 dimittit,

160 3641 219 3711 bel,
235 3654 302 3713 quie
320 3640 398 3696 suuis
420 3656 473 3697 nec
491 3641 613 3698 infirmis
640 3643 675 3699 ed
697 3643 907 3702 comedendum
920 3645 1005 3703 velet.
1060 3644 1266 3698 etmensuetus
1280 3640 1339 3697 fiet.

123 3788 130 3794 ,
162 3731 220 3787 Νιι
234 3729 369 3787 etiamad
381 3730 593 3788 medicemeute
609 3731 735 3803 prodest.
1113 3729 1179 3787 Gar.
1199 3729 1288 3787 llblll.
1307 3760 1342 3773 -
1365 3729 1405 3785 lle
1424 3730 1576 3787 lsrttraeeno
1594 3730 1650 3804 (tr)
1669 3730 1725 3806 [lll,
1747 3749 1776 3801 u,
1800 3730 1855 3807 33).

356 3818 420 3876 Car.
441 3820 809 3893 llbll.-1Jrltrrsa(5l.
1094 3818 1243 3875 isenbrado
1265 3817 1373 3874 calidus
1394 3819 1447 3887 est,
1466 3823 1495 3875 et
1525 3820 1557 3876 iu
1582 3819 1685 3877 eodem
1712 3821 1807 3877 celore
1834 3827 1909 3878 tem·

194 3910 286 3977 Usum
304 3906 397 3964 calida
410 3912 463 3975 cst,
480 3912 508 3964 et
531 3907 606 3963 sicca
617 3914 647 3964 et
665 3914 826 3981 mansueta,
842 3914 871 3966 et
885 3909 1005 3983 inpuro
1060 3912 1177 3981 perotus
1202 3912 1254 3977 est,
1270 3912 1300 3964 et
1320 3906 1504 3979 aliquantum
1527 3908 1675 3978 bumidus,
1703 3916 1732 3966 et
1751 3911 1908 3983 puritatem

160 4010 228 4051 esre
250 3995 373 4052 libenter
395 3996 482 4052 volat.
508 3998 542 4052 lit
563 4012 646 4052 senes
674 4013 776 4053 earnes
797 3999 894 4065 hebet,
918 4003 1006 4073 atque
1060 3996 1135 4053 aeris
1159 4012 1273 4070 semper
1294 3996 1408 4069 quierit.
1427 3998 1459 4054 in
1475 4014 1533 4071 quo
1555 4000 1642 4055 etiam
1657 3998 1833 4072 prosperitas
1854 4005 1907 4068 est,

161 4084 238 4138 senis
252 4087 282 4139 et
299 4083 423 4140 infirmis
441 4083 608 4140 bominibus
630 4085 706 4141 boue
729 4092 773 4142 est
792 4087 828 4143 etl
849 4088 1005 4145 comeden-
1060 4091 1088 4142 el
1102 4086 1189 4142 etiam
1211 4086 1358 4144 interdum
1374 4101 1464 4158 aqum
1483 4086 1547 4143 illes
1570 4088 1673 4160 querit
1696 4104 1762 4160 quer
1783 4104 1801 4146 ι
1825 4091 1909 4147 sorde

160 4170 242 4227 dum.
261 4172 296 4227 Et
309 4172 396 4228 bomo
417 4171 467 4243 qui
485 4172 657 4241 oirptclttipit
674 4178 727 4243 est,
742 4188 862 4244 mopsos»
884 4174 915 4230 in
931 4190 1006 4249 equa
1061 4190 1141 4246 puroe
1164 4181 1194 4232 et
1214 4176 1299 4232 clerae
1312 4180 1389 4231 sunt.
1405 4178 1438 4233 Et
1450 4176 1474 4231 si
1484 4176 1550 4249 quis
1564 4176 1650 4232 homo
1666 4176 1696 4232 in
1711 4193 1778 4233 ecre
1791 4178 1843 4234 illo
1860 4182 1910 4233 eut

160 4262 275 4333 coquat,
291 4264 320 4315 et
340 4274 405 4315 cnm
430 4258 527 4315 butiro
544 4262 641 4317 tursol
668 4260 704 4317 de
727 4278 761 4319 eo
783 4262 878 4331 leniet,
901 4268 931 4321 et
948 4265 1005 4322 boc
1021 4258 1047 4313 ll
1057 4264 1140 4335 juxte
1159 4279 1266 4337 equom
1284 4264 1377 4333 illem,
1401 4265 1451 4321 ubi
1473 4264 1611 4334 nidificat,
1638 4270 1712 4321 essct
1739 4271 1769 4322 et
1790 4282 1910 4323 menore

160 4362 237 4421 serpe
252 4348 384 4405 comedet
394 4353 425 4404 et
437 4348 595 4405 curabitur.
1061 4358 1166 4425 posset,
1196 4353 1275 4409 nulle
1297 4353 1451 4410 iufirmitas
1463 4354 1490 4410 ei
1510 4353 1621 4411 ibidem
1643 4360 1815 4421 occurreret,
1839 4356 1910 4429 quia

354 4436 420 4494 Car.
441 4438 532 4495 llblll.
549 4468 585 4480 -
599 4440 642 4496 lle
656 4443 748 4496 Ausus
763 4441 810 4514 (11).
1062 4458 1158 4498 eerem
1172 4441 1255 4499 illum
1269 4459 1384 4516 semper
1396 4444 1508 4517 qnaerit,
1525 4443 1574 4499 ubi
1597 4444 1685 4499 nulle
1707 4444 1807 4501 sordes
1828 4452 1908 4517 sunt,

194 4528 293 4584 Amilo
305 4525 399 4582 calida
412 4530 497 4583 estet
513 4528 598 4595 sicce,
618 4532 648 4584 et
660 4534 820 4600 murensis,
836 4534 867 4586 st
888 4529 918 4586 in
932 4546 1007 4603 puro
1061 4536 1091 4587 et
1104 4532 1221 4588 mundis
1235 4533 1362 4603 pascitur
1375 4534 1443 4607 (13).
1458 4534 1551 4605 Caput
1563 4538 1662 4589 eutem
1681 4535 1744 4606 ejus
1758 4538 1787 4589 et
1800 4535 1910 4592 viscere

160 4632 226 4673 esre
248 4616 374 4673 libenter
391 4615 477 4684 volat,
496 4621 525 4672 ot
551 4615 638 4674 etiem
660 4618 696 4674 de
719 4632 793 4691 puro
815 4620 1006 4693 aereorescit,
1061 4625 1090 4677 et
1119 4636 1231 4692 pennas
1258 4621 1358 4694 abjice.
1392 4628 1422 4679 et
1450 4622 1597 4695 reliquum
1623 4638 1730 4695 corpus
1761 4623 1840 4679 loliis
1873 4628 1909 4681 de

159 4709 188 4760 et
203 4704 280 4761 senis
302 4704 468 4760 bominibus
491 4703 529 4760 ed
547 4705 758 4761 comedendum
781 4707 858 4763 bona
878 4712 932 4777 est,
958 4708 1009 4765 sed
1061 4724 1169 4783 quercu
1188 4709 1301 4767 involve
1321 4714 1351 4766 st
1377 4726 1466 4783 super
1487 4709 1626 4766 carbones
1654 4726 1741 4783 poue,
1770 4712 1812 4767 ita
1838 4713 1909 4769 dum

159 4791 292 4848 intirmos
310 4792 390 4849 ledit
411 4792 481 4864 quia
503 4792 577 4849 sime
599 4798 644 4849 est
665 4792 715 4865 (1).
729 4795 813 4851 iecor
834 4801 930 4853 eutem
944 4797 1008 4869 ejus
1061 4798 1162 4854 eedem
1185 4798 1257 4855 tolie
1287 4798 1323 4855 eb
1349 4798 1416 4872 igne
1440 4804 1657 4865 consumentur,
1684 4805 1713 4855 et
1738 4800 1822 4857 tertie
1846 4802 1909 4857 vine

160 4879 243 4949 sicce,
266 4878 325 4937 et
316 4896 348 4935 ιιι
371 4879 469 4953 aliquo
489 4896 551 4937 esse
574 4895 632 4954 qno
656 4881 792 4952 volueris,
815 4883 954 4954 ιιιιινιιι,
978 4891 1008 4941 ot
1061 4886 1147 4943 simili
1176 4888 1273 4954 modo,
1289 4888 1358 4946 dum
1385 4888 1448 4962 ipsa
1473 4888 1643 4945 incendetur
1666 4888 1736 4960 (tt),
1759 4894 1789 4947 st
1803 4890 1909 4947 deinde

195 5007 217 5071 (l
251 5004 341 5060 Aede
351 5020 423 5075 puro
441 5020 547 5060 aere-
512 5004 659 5063 -utridis
673 5012 786 5063 estom.
804 5008 850 5067 ed.
1096 5014 1136 5083 (9)
1156 5014 1249 5071 llucns
1273 5015 1368 5073 u.eed

193 5074 221 5147 (t
251 5074 360 5133 llisi—
375 5079 485 5132 sitonu
498 5074 545 5132 ed.
1095 5086 1155 5157 (10)
1175 5086 1249 5153 Alou
1313 5102 1389 5159 spec.
1405 5085 1448 5142 Gt.
1472 5084 1603 5158 lingonis
1617 5083 1653 5142 de
1668 5085 1829 5160 Trimberg,
1845 5103 1909 5145 eor·

208 5147 817 5287 iluttuluutu‘uu...
1059 5156 1556 5288 ltrltlfflttwblffff...
1643 5227 1689 5284 ..ι

206 5289 673 5357 bPorusrpec.-l)eestiued.
1094 5298 1138 5369 (11
1169 5246 1314 5356 Aletrium
1321 5244 1358 5283 M
1404 5244 1470 5285 ⁸
1484 5244 1501 5284 υ
1568 5244 1628 5285 om

204 5361 220 5413 o
253 5359 484 5417 medaucum.
533 5432 539 5445 ⁸
1096 5370 1153 5443 (13)
1172 5372 1242 5427 111’
1231 5387 1261 5426 ιιι
1283 5298 1487 5427 montore
1509 5374 1674 5442 temperatus
1698 5375 1798 5428 est-
1764 5374 1910 5444 -poscs’-

206 5432 222 5483 7
254 5430 290 5485 ut
306 5435 585 5487 mousueto-srcco
599 5436 640 5487 est
652 5432 697 5488 ed.
713 5448 773 5491 om.
1060 5444 1177 5496 turom.
1197 5448 1244 5497 ed.

206 5498 232 5567 ⁸)
252 5499 326 5566 ΟΜ
347 5501 425 5556 &illim
438 5530 473 5542 -
491 5515 570 5559 mm
583 5502 629 5559 td·
643 5517 702 5560 om·
1094 5510 1150 5583 (ιι)
1168 5512 1210 5568 ut
1228 5514 1356 5568 tertio-
1369 5512 1532 5569 incendatur
1544 5526 1603 5569 om.
1620 5510 1665 5569 ed.
