3984 6034
116 199 173 255 did
757 205 945 266 aristote.
965 235 996 250 -·
1013 207 1119 266 ttrtst.
1139 208 1230 266 xcttt.
1817 207 1869 266 lid

117 331 186 388 simi
200 331 382 390 sesculivcre
395 331 427 390 in
440 333 570 406 mdigno
592 333 690 407 positi,
704 336 792 393 talem
810 337 866 394 sibi
880 353 970 411 spon·
986 339 1146 408 Astemde,
1178 339 1335 396 venerabili
1367 339 1480 396 aucillre
1511 337 1634 407 Christi,
1672 338 1707 396 tt.
1744 337 1869 410 Spiritus

117 439 180 478 sam
201 423 331 494 Sponsus
352 423 402 479 ille
422 425 569 496 speciosus
582 441 643 497 prta
658 425 726 482 lillis
740 427 891 484 bominum
906 428 969 483 sle-
1022 428 1114 483 sancti
1146 426 1238 500 gratia
1268 426 1440 494 confortari,
1471 428 1606 498 bonoque
1638 427 1696 482 tlne
1729 441 1867 481 consum-

117 511 195 582 gisse
209 512 399 583 cognoscitur.
422 511 589 570 Admiratus
611 529 689 582 aero,
712 516 781 588 quia
802 516 917 572 insolite
939 522 970 572 et
1023 517 1106 572 mari.

117 598 251 654 inaudito
272 599 443 655 charismate
461 601 555 670 ipsam
574 607 600 656 et
622 601 654 657 iu
673 602 728 658 boc
747 603 847 658 exsilio
869 604 968 660 dotare
1058 605 1087 660 Si
1110 605 1173 662 deri
1196 609 1293 677 posset
1317 607 1349 660 ut
1374 619 1498 676 praesens
1525 619 1626 674 essem,
1652 609 1680 659 et
1705 603 1867 660 alternatim

117 684 243 741 ridetur.
260 685 331 751 Duis
350 689 430 742 enim
445 704 575 762 unquam
590 690 661 762 legit
679 691 722 746 rel
738 692 848 748 audivit
861 693 967 749 mutis·
1021 709 1184 750 sermonem
1208 693 1355 750 vobiscum
1378 709 1463 766 agere
1485 709 1608 764 possem,
1625 693 1717 748 modis
1733 693 1867 748 omnibus

116 789 182 828 rem
200 775 349 830 indoctam
372 780 416 833 vet
439 778 555 849 penitus
573 779 740 836 illiteratum
754 781 789 837 ds
803 781 967 854 profundis·
1021 787 1162 853 optarem.
1179 783 1217 838 Da
1231 781 1308 837 enlm
1325 797 1389 854 quas
1404 780 1479 836 circa
1494 785 1712 852 nossentque
1729 781 1867 836 Dominus

116 862 191 917 sima
214 863 319 934 abysso
339 864 502 922 divinorum
523 883 696 924 arcanorum
720 874 811 926 tantm
834 876 967 926 eructue-
1020 871 1099 926 solus
1122 871 1212 938 narii,
1237 869 1391 942 profusiori
1415 869 1495 924 robis
1521 869 1661 924 relatione
1684 868 1866 940 expositurus

116 949 213 1006 Dones
236 951 380 1016 exhalare,
402 953 438 1008 de
461 954 630 1011 fluminibus
653 972 735 1028 aquae
759 957 831 1014 viva
856 963 967 1016 tantam
1020 974 1122 1026 essem,
1144 974 1209 1030 quse
1232 959 1346 1028 singula
1367 957 1517 1013 breviandi
1537 973 1622 1012 causa
1646 955 1781 1027 pressanti
1805 958 1865 1023 loco

117 1037 327 1094 abundantiam
349 1040 513 1097 sitientibus
535 1043 710 1115 propinarat
731 1045 804 1102 Vere
826 1047 967 1105 mirabilis
1019 1045 1198 1102 committere
1220 1047 1310 1102 uoliri.
1335 1046 1470 1114 Gratiam,
1492 1045 1686 1112 dilectissima,
1707 1060 1794 1116 quem
1812 1047 1865 1100 Pa·

115 1127 202 1195 Deus,
218 1143 285 1184 rere
298 1128 466 1186 benedictus
482 1132 620 1188 Dominus
635 1135 722 1204 Deus,
746 1135 797 1207 qui
819 1136 888 1193 lacit
907 1137 964 1192 mi-
1019 1136 1231 1204 bituminum,
1255 1153 1272 1190 a
1292 1151 1351 1207 quo
1375 1141 1417 1190 est
1441 1151 1525 1190 onrua
1549 1135 1647 1190 datum
1669 1133 1814 1206 optimum
1838 1139 1866 1188 et

114 1215 221 1271 rabilia
240 1232 346 1288 magua
365 1220 454 1275 solus.
479 1221 535 1276 Sed
557 1221 627 1293 quid
651 1222 770 1290 micum,
793 1225 817 1279 si
838 1225 965 1280 rationa-
1019 1239 1106 1280 omne
1130 1224 1239 1280 donum
1265 1224 1425 1295 perfectum
1449 1223 1600 1278 desursum
1623 1223 1699 1288 (Juc.
1726 1225 1757 1292 ι),
1783 1223 1866 1277 vobis

113 1302 174 1358 lem
187 1309 218 1360 et
236 1306 438 1364 rationabilem
457 1309 606 1366 hominem
621 1327 763 1382 organum
784 1329 870 1368 suum
889 1330 963 1386 quo·
1018 1313 1191 1384 praerogavit
1211 1312 1371 1368 audivimus
1393 1328 1400 1368 :
1425 1327 1483 1383 qua
1502 1311 1610 1366 scilicet
1631 1312 1755 1366 multum
1776 1311 1865 1366 couti-

114 1394 204 1448 modo
226 1394 288 1450 vult
310 1396 388 1464 iacit,
409 1398 459 1470 qui
483 1399 571 1454 etiam
594 1400 711 1456 brutum
736 1401 845 1458 animal
869 1403 964 1473 magi-
1017 1401 1099 1468 dena,
1115 1401 1260 1456 charitatis
1280 1406 1381 1456 restria
1401 1399 1582 1456 dulcedinem
1604 1415 1677 1470 opus
1699 1398 1768 1454 duxi
1787 1415 1864 1470 prae·

113 1487 209 1536 strum
239 1484 369 1556 magistri
398 1485 475 1541 iecit.
513 1488 591 1543 Facit
622 1488 700 1544 eninr
730 1491 876 1562 quomodo
902 1491 964 1546 vult
1018 1490 1146 1546 sentibus
1166 1489 1330 1556 convenire,
1355 1488 1519 1559 supplicans
1549 1487 1686 1543 attonitus
1713 1488 1789 1560 quod
1812 1503 1863 1558 pro

113 1571 200 1638 Deus,
226 1571 262 1628 de
286 1589 344 1645 quo
366 1574 500 1630 scribitur
524 1593 531 1631 ε
558 1576 662 1634 Omas'o
681 1594 852 1651 quanteque
872 1578 964 1635 wluit
1018 1577 1089 1633 meis
1109 1577 1233 1633 miseriis
1253 1577 1380 1632 divinam
1400 1576 1583 1632 clementiam
1605 1574 1713 1630 devotis
1733 1575 1864 1647 precibus

111 1657 184 1717 secie
204 1658 294 1731 (Prot.
318 1663 404 1734 eriri).
431 1665 534 1720 Precor
553 1671 650 1722 autem
672 1673 753 1724 tuam
767 1667 960 1734 ditectionem,
981 1636 1171 1738 Bimplorare
1197 1681 1255 1721 nou
1280 1664 1435 1720 desistatis.
1460 1665 1494 1720 lu
1521 1663 1620 1718 multis
1645 1679 1771 1735 namque
1799 1679 1864 1718 eam

112 1753 259 1818 quatenus
278 1749 342 1821 ipse
361 1752 466 1807 dilecto
486 1757 537 1810 tuo
554 1755 726 1825 propensius
740 1762 770 1812 et
781 1756 962 1829 frequentius
1017 1771 1063 1811 me
1084 1755 1237 1812 offendisse
1261 1753 1329 1820 acio,
1356 1754 1435 1826 quod
1461 1769 1507 1808 me
1532 1753 1653 1823 impune
1680 1768 1737 1806 uon
1765 1751 1864 1808 iecisse

110 1834 308 1894 bumilitatem
335 1855 430 1896 meam
456 1843 659 1900 commendare
684 1845 806 1913 studeat,
832 1845 962 1902 eamdem
1015 1845 1118 1901 seutIo.

110 1924 340 1984 vicissitudiuem
361 1945 440 1986 ame
459 1929 585 1988 fideliter
602 1939 632 1988 et
653 1933 850 1990 indesinenter
869 1933 962 1990 sciens
1050 1934 1123 2000 Ouia
1134 1934 1223 2005 igitur
1238 1933 1267 1989 in
1282 1931 1376 2005 grette
1391 1947 1479 2004 quam
1498 1931 1528 1986 in
1542 1930 1623 1986 vobis
1638 1929 1765 2002 cognovi,
1781 1945 1863 2001 spem

110 2013 167 2068 sibi
180 2016 312 2086 rependi.
1015 2023 1157 2094 potiorem
1179 2022 1277 2087 babai,
1304 2021 1374 2077 utile
1398 2019 1560 2076 existimari
1584 2019 1721 2075 auxilium
1746 2018 1864 2074 eraudi-

1014 2111 1117 2168 bilium
1132 2112 1296 2167 orationum
1315 2115 1475 2165 vestrarum
1496 2108 1663 2178 implorare,
1684 2123 1802 2180 sperans
1816 2123 1862 2162 ms

301 2157 510 2216 RESPONSUM
532 2162 776 2220 HILDEGARMS'
1014 2205 1198 2272 recepturum
1212 2216 1229 2255 a
1244 2198 1324 2255 vobis
1339 2197 1489 2271 qriodlibet
1507 2197 1667 2254 remedium
1686 2195 1863 2252 consolatio-

242 2282 281 2337 Ut
293 2282 522 2357 boaisopcrr'tua
535 2290 657 2344 mortem
669 2288 834 2359 praecuret.
1015 2287 1070 2356 uis,
1092 2289 1171 2360 quorl
1194 2305 1248 2360 pro
1270 2287 1381 2345 Christo
1402 2301 1503 2358 precor
1523 2286 1616 2341 tacere
1640 2300 1698 2340 uon
1721 2283 1863 2340 omittatis

1015 2377 1128 2449 scrIptis
1162 2377 1282 2444 vestris,
1311 2375 1490 2431 innectentes
1525 2374 1634 2430 eisdem
1670 2389 1728 2446 quo
1761 2373 1862 2428 ordine

1014 2465 1108 2537 magis
1128 2466 1237 2537 placem
1254 2464 1392 2520 offensam
1412 2463 1518 2518 divium
1537 2462 1703 2534 mejestatis.
1721 2462 1816 2518 Valate
1830 2462 1861 2518 in

1015 2556 1128 2612 Christo
1143 2570 1266 2626 semper.

145 2403 201 2472 Tu,
224 2419 304 2460 serve
324 2405 384 2472 Dei,
403 2408 528 2476 attende,
544 2414 577 2465 ut
596 2409 676 2466 brevi
696 2416 827 2484 tempore
851 2419 901 2468 tuo
924 2416 960 2470 ab

108 2489 254 2560 injustitia
269 2493 377 2565 iniquae
401 2511 575 2553 mammonae
595 2504 623 2553 te
646 2499 784 2569 divertas3
809 2506 838 2556 et
852 2502 882 2557 iu
899 2518 960 2558 ma·

108 2595 171 2651 gno
190 2582 287 2637 studio
311 2585 440 2655 provide,
463 2593 495 2643 ut
516 2587 681 2659 rubiginem
702 2597 885 2660 peccatorum
899 2609 917 2646 a
932 2597 960 2648 te

109 2670 248 2738 excutias,
266 2677 420 2745 antequam
440 2675 543 2730 umbre
564 2677 664 2732 mortis
685 2679 877 2750 superveniat,
894 2697 961 2736 cum

108 2758 177 2828 plus
199 2761 314 2830 operari
335 2778 394 2817 uou
417 2770 507 2835 potes,
530 2781 567 2820 ne
590 2771 658 2822 tunc
679 2767 841 2840 plangendo
859 2770 959 2826 dicas:
1203 2730 1411 2790 RESPONSUM
1431 2728 1675 2788 fflLDEGARms·

109 2847 132 2897 o
153 2863 199 2900 vae
221 2849 293 2903 mihi
317 2851 386 2923 quie
408 2851 439 2907 iu
463 2854 642 2925 negligentia
660 2855 793 2912 inventus
816 2858 895 2914 sum!
917 2859 960 2914 'lu
1071 2877 1110 2933 m
1124 2875 1164 2933 aa
1180 2877 1272 2932 Deum
1289 2871 1425 2948 asspiret,
1439 2889 1476 2928 uc
1489 2889 1554 2928 curn
1563 2870 1675 2944 fiducia
1690 2871 1730 2929 ad
1743 2889 1808 2928 eum

108 2936 197 2990 etiam
221 2939 458 3007 patremfamilias
480 2944 604 3012 attende,
630 2944 681 3016 qui
708 2961 724 3000 a
750 2947 844 3018 prima
868 2933 1000 3020 usqueC
1366 2947 1509 3000 recurrat.
1856 2967 1859 2972 ·

107 3024 144 3078 ad
168 3041 319 3096 vesperum
344 3030 490 3100 operarIos
511 3032 540 3087 in
563 3033 675 3088 vineam
697 3035 816 3104 vocavit,
840 3041 870 3090 et
888 3037 960 3092 alios
1180 3089 1185 3100 .
1262 3087 1292 3100 ..
1481 3086 1510 3098 ..

106 3127 160 3166 cur
188 3113 276 3168 otiosi
299 3121 410 3172 starent
434 3117 633 3192 Interrogavit,
658 3121 705 3176 cui
733 3125 957 3194 respondebant,
1048 3091 1077 3146 ¹¹¹
1102 3094 1222 3190 ωψσε
1241 3103 1353 3144 'mm
1373 3088 1599 3188 ⁸d.¹I⁶uu⁰u⁰m
1620 3086 1861 3186 mmmm*

106 3202 187 3272 quod
205 3217 292 3257 nemo
307 3219 354 3259 cos
374 3207 556 3263 conduceret.
572 3212 596 3264 A
615 3209 708 3281 prime
723 3211 801 3267 euim
815 3229 907 3284 usque
922 3213 957 3270 ad
1013 3195 1077 3234 ‘⁰¹²¹
1092 3178 1277 3251 ‘mmmmm'
1301 3182 1332 3234 ῆι
1352 3177 1450 3234 mdm
1469 3191 1567 3234 mem
1592 3177 1628 3234 ’ἀ
1651 3182 1680 3231 te
1701 3191 1741 3231 ’ω
1763 3177 1861 3232 dm·

105 3305 259 3362 vesperetn
284 3291 424 3350 Dominus
455 3298 603 3367 operarios
631 3303 720 3368 vocat,
752 3306 781 3355 et
807 3302 878 3356 alios
907 3319 959 3358 cur
1012 3273 1072 3324 ‘⁶⁰¹
1094 3283 1102 3322 ²
1128 3267 1231 3366 ‘4¹'be
1256 3272 1284 3322 ιθ
1309 3266 1447 3366 ⁸³⁵Imil⁰r
1471 3281 1538 3338 ’ΨΒ
1564 3265 1594 3320 in
1622 3269 1718 3364 ³⁵¹¹ss
1746 3279 1861 3336 ⁸I0⁸⁵⁰⁸

106 3377 194 3433 otiosi
227 3385 337 3435 starent
369 3383 540 3456 interrogat,
571 3387 621 3458 qui
650 3403 679 3440 ,Θ
710 3395 856 3457 musam,
889 3391 958 3462 quia
1012 3373 1078 3412 suos
1102 3357 1246 3428 producit,
1271 3360 1300 3410 at
1319 3370 1401 3426 quus
1421 3355 1532 3410 fructus
1552 3371 1567 3408 a
1587 3354 1752 3410 turbinibus
1767 3357 1859 3408 etue·

105 3481 194 3521 nemo
218 3482 268 3522 eos
290 3469 440 3529 mudum·
465 3473 547 3544 sm
571 3473 683 3530 homini
708 3477 859 3549 contingit,
880 3481 957 3551 quod
1010 3443 1449 3516 butisaliquantulumlreditur,
1472 3443 1627 3499 etiterum
1652 3458 1685 3497 ex
1709 3457 1773 3496 rore
1797 3441 1860 3498 omli

105 3555 241 3628 sprim.
260 3561 344 3614 ω.
366 3575 418 3615 ,ug
441 3577 533 3634 mque
556 3563 591 3618 ad
607 3578 767 3636 mpetum,
792 3567 900 3623 scilicet
922 3571 957 3627 ad
1012 3538 1041 3588 et
1063 3548 1137 3605 puro
1166 3533 1275 3588 retbere
1304 3537 1467 3588 renovatur.
1492 3532 1549 3587 isto
1570 3529 1648 3586 enim
1670 3530 1755 3587 modo
1779 3545 1861 3586 meus

105 3650 285 3701 senectutem
306 3646 338 3702 iu
354 3647 500 3706 oblivIone
521 3651 570 3709 Dei
590 3652 676 3723 vivat,
703 3659 732 3710 et
753 3655 808 3710 boc
828 3655 904 3712 intra
927 3673 957 3712 se
1010 3626 1061 3678 ²⁰⁸
1082 3626 1135 3687 ⁰⁵²*
1157 3620 1226 3691 ΨΜ
1248 3634 1315 3675 ⁰⁰¹³
1337 3619 1473 3676 fidum
1496 3619 1527 3673 ³¹¹
1549 3619 1646 3690 ⁸¹iq⁰⁸
1669 3618 1860 3718 ΡΪῩΨΘΜΨ

1011 3710 1114 3778 habes,
1143 3709 1222 3764 velut
1249 3722 1363 3780 grossos
1389 3707 1568 3779 producens,
1599 3721 1631 3761 ex
1666 3706 1860 3762 vicissitudine

1011 3813 1126 3854 morum
1139 3803 1258 3854 terarum
1275 3796 1358 3869 quasi
1380 3811 1416 3851 ex
1431 3794 1546 3850 turbiue
1566 3795 1707 3865 fatigaris,
1723 3798 1751 3849 st
1772 3793 1860 3851 etlam

1011 3887 1133 3954 abillis,
1156 3886 1208 3958 qui
1227 3886 1283 3942 sub
1308 3899 1397 3940 onere
1418 3888 1469 3941 tuo
1493 3887 1570 3950 suut,
1593 3883 1665 3938 sicut
1688 3897 1721 3938 er
1746 3882 1860 3938 nebulis

1010 3975 1133 4032 traderis.
1153 3975 1209 4031 Sed
1232 3979 1264 4030 tu
1286 3974 1320 4030 ad
1343 3975 1435 4030 Daum
1455 3977 1523 4029 tunc
1544 3971 1667 4042 suspIra,
1683 3979 1711 4027 et
1727 3971 1794 4027 dic:
1812 3971 1861 4028 Ad

1011 4071 1049 4128 te,
1066 4061 1197 4130 Domine,
1211 4061 1303 4120 trucci
1315 4061 1446 4118 ammom
1465 4076 1576 4127 meum;
1591 4063 1665 4118 Deus
1678 4075 1768 4127 meus,
1784 4057 1816 4114 s‘a
1833 4065 1861 4117 te

105 3734 263 3790 emendare
291 3737 393 3794 tandiu
419 3741 536 3811 cogitat,
566 3757 716 3814 quousque
750 3759 802 3814 per
833 3746 955 3815 gratiam

105 3821 158 3877 Dei
182 3822 302 3879 rixando
325 3824 402 3881 lutra
422 3843 453 3882 se
475 3827 544 3884 dicit
565 3845 572 3884 ε
593 3830 686 3896 Quare
707 3831 783 3887 bona
797 3847 885 3904 opera
899 3850 957 3890 uon

103 3911 268 3982 operabar?
289 3913 358 3985 quia
387 3917 461 3971 Dens
490 3933 507 3971 s
536 3919 612 3974 malo
637 3934 684 3974 me
708 3921 874 3978 abstrahere
896 3939 956 3979 non

103 3999 266 4070 prohibuit,
291 4007 320 4057 et
343 4004 382 4059 ita
405 4004 435 4060 iu
456 4011 603 4062 senectute
627 4024 679 4063 sua
698 4015 819 4080 propter
840 4010 956 4067 taedium

103 4092 288 4159 peccatorum
304 4091 443 4162 poenitere
458 4094 569 4167 incipit.
592 4097 646 4151 Iste
669 4097 699 4151 in
724 4097 878 4154 itineribus
900 4101 955 4155 Do·
1748 4148 1752 4158 Ι
1837 4149 1843 4160 .

103 4177 178 4232 mini
192 4177 274 4232 velut
288 4195 346 4234 uon
360 4181 487 4253 ignitum
501 4183 588 4238 lictile
606 4200 655 4240 rus
672 4193 800 4258 apparet,
817 4189 955 4260 quoniam
1010 4153 1131 4224 ⁰⁰''fid0’
1146 4167 1206 4209 '⁸⁰²⁸
1218 4151 1386 4208 mmm
1405 4149 1494 4221 (Μ’
1511 4149 1598 4220 'ml'
1615 4151 1649 4204 1¹¹
1663 4153 1692 4206 ιθ
1709 4163 1786 4204 ‘’¹¹¹¹“
1800 4165 1859 4220 ⁸1²¹·

103 4266 221 4338 operari
246 4283 305 4322 Μ
332 4275 435 4341 popm,
464 4277 492 4328 „t
519 4272 560 4328 950
584 4274 697 4344 primus
719 4293 752 4330 ex
776 4277 879 4332 memo
904 4295 956 4334 ,uo
974 4224 996 4280 D
1011 4243 1140 4298 recolunt
1160 4245 1214 4307 est,
1236 4240 1315 4313 quod
1339 4241 1414 4296 Deua
1438 4238 1552 4294 iutiuita
1576 4237 1738 4304 vivificavit,
1763 4242 1793 4294 et
1813 4236 1860 4292 cui

101 4370 155 4427 pgr
169 4355 294 4427 gramm
308 4358 359 4413 Dei
374 4361 534 4416 mmm
550 4361 679 4434 accipiet,
703 4379 790 4436 qum
814 4381 865 4438 por
886 4371 957 4422 w·
1011 4345 1120 4402 penuas
1138 4327 1340 4424 rationalitatis
1356 4326 1449 4428 dedIt.
1466 4327 1534 4383 ldeo
1549 4341 1616 4382 eunr
1630 4327 1687 4383 illia
1700 4341 1754 4396 per
1772 4327 1858 4383 tidem

101 4449 146 4499 qe,
161 4449 261 4516 poste„
277 4450 389 4501 mmm
413 4464 472 4504 Μ
497 4455 598 4519 potest·
621 4451 654 4507 ln
678 4452 802 4523 pueritia
827 4455 905 4510 enim
927 4461 957 4511 α
1009 4424 1039 4474 et
1052 4433 1104 4490 per
1117 4419 1227 4474 bouum
1241 4417 1415 4474 desiderium
1434 4416 1471 4472 ad
1487 4416 1576 4471 Deum
1592 4415 1666 4482 vole,
1682 4415 1716 4471 ad
1733 4431 1800 4472 eum
1815 4415 1855 4472 le·

101 4533 308 4604 injuventute,
333 4551 365 4591 ac
386 4537 419 4593 iu
440 4542 552 4594 matura
576 4543 670 4609 atate,
690 4541 779 4597 homo
798 4559 875 4614 saepe
894 4561 955 4598 ma·
1009 4507 1102 4564 ”¹³⁶⁰
1128 4505 1255 4562 ”imm
1284 4512 1375 4573 tumr
1400 4509 1428 4560 ⁰²
1456 4504 1552 4576 imm
1582 4504 1671 4559 ΒΜ
1697 4508 1779 4559 ωω
1809 4520 1858 4559 ⁰⁰·

101 4621 166 4677 tum
194 4628 223 4677 ει
246 4629 347 4695 poma
371 4625 481 4686 bonum
508 4631 652 4698 operum..
677 4630 735 4685 Hoc
758 4629 787 4685 in
812 4630 956 4705 decrepita
1008 4609 1125 4693 gnosce,
1140 4593 1172 4694 iu
1186 4593 1267 4665 cnjus
1281 4591 1400 4650 selentia
1414 4590 1505 4661 feristi,
1521 4595 1549 4646 et
1568 4607 1585 4646 a
1605 4607 1663 4690 qtro
1682 4590 1857 4690 principium

1009 4686 1171 4755 sumpsistr;
1195 4682 1272 4738 unde
1295 4697 1362 4738 eum
1385 4697 1465 4752 roga,
1489 4679 1566 4753 quod
1591 4694 1748 4751 spiramine
1768 4677 1856 4748 Spiri-

1008 4775 1055 4827 tus
1076 4771 1122 4826 sui
1144 4771 1221 4828 bona
1245 4787 1297 4826 sua
1321 4775 1349 4825 ts
1369 4770 1480 4833 doceat,
1506 4773 1535 4826 et
1551 4769 1587 4826 de
1601 4767 1729 4825 adversis
1743 4771 1771 4822 te
1785 4767 1858 4822 libe-

1008 4864 1061 4915 ret.
1084 4861 1123 4916 Tu
1148 4859 1236 4916 etiarn
1258 4859 1289 4914 in
1311 4858 1407 4931 ipsum
1435 4857 1559 4925 coutlde,
1586 4857 1625 4912 ite
1653 4856 1732 4927 quod
1760 4855 1858 4911 omnia

1007 4964 1096 5019 opera
1109 4952 1160 5004 tua
1182 4953 1248 5004 aute
1273 4963 1340 5004 cunr
1360 4963 1468 5020 ponere
1492 4962 1551 5002 non
1574 4945 1734 5012 crubescas,
1760 4947 1789 5000 et
1810 4943 1857 5000 dic

1006 5036 1080 5092 sicut
1094 5036 1170 5093 tilius
1185 5036 1261 5110 patri
1275 5053 1327 5092 suo
1352 5036 1430 5104 dicit,
1453 5051 1519 5092 cum
1543 5035 1715 5107 delinquens
1737 5031 1857 5104 corripi-

1006 5129 1063 5194 tur,
1079 5126 1157 5199 quod
1170 5125 1260 5198 prolis
1275 5141 1333 5182 suae
1354 5125 1383 5180 iu
1403 5124 1467 5197 ipso
1489 5139 1549 5180 non
1573 5122 1768 5179 obliuiscetur.
1793 5123 1855 5193 Ego

160 5211 188 5249 ⁸·
210 5209 358 5251 mmm
378 5211 405 5250 ¹¹¹
425 5211 626 5252 mmmm
644 5213 680 5252 Ψ
699 5213 898 5255 ffifflssfflsssstt·
1007 5220 1103 5274 autem
1121 5217 1210 5272 Deum
1226 5207 1484 5286 libanter‘rogabm
1500 5213 1578 5285 qnod
1600 5212 1635 5268 ab
1656 5211 1735 5268 omui
1752 5211 1854 5266 nimie-

135 5299 247 5369 QWII
259 5301 399 5373 amodo
412 5305 502 5359 mum
518 5319 573 5375 pro
584 5301 712 5375 moratis
724 5303 787 5360 ruis
798 5305 918 5378 placore
1006 5310 1063 5361 tate
1087 5305 1283 5378 iuquietorum
1309 5319 1422 5358 urorum
1445 5308 1474 5358 et
1500 5303 1622 5358 aliorum
1643 5301 1798 5358 criminum
1822 5317 1855 5356 ac

475 5373 578 5446 ΡΜ·
1006 5393 1202 5466 periculorum
1220 5392 1302 5448 vobis
1321 5391 1535 5448 occurrentium
1555 5407 1606 5462 per
1626 5390 1748 5463 gratiam
1772 5405 1854 5446 suam

135 5479 171 5534 ll.
196 5477 406 5550 qualiscunque
431 5479 481 5534 Dei
503 5478 597 5550 matie
610 5479 783 5552 praepositus
796 5481 829 5536 in
843 5483 953 5540 Knctb·
1007 5485 1162 5538 clementer
1177 5499 1225 5540 ros
1239 5480 1373 5538 defendet
1386 5484 1416 5536 st
1429 5480 1540 5538 libaret.

101 4716 190 4766 etate
203 4728 265 4767 esse
283 4728 343 4768 non
356 4718 461 4787 potest.
478 4716 560 4771 Nunc
574 4718 673 4772 oculos
689 4723 753 4774 tuos
778 4719 812 4774 ad
834 4721 955 4793 uigilau-

101 4800 175 4855 dum
190 4802 282 4872 aperi,
306 4807 335 4856 et
359 4818 459 4859 omnes
481 4804 673 4876 negligentias
694 4811 809 4862 ratetum
833 4807 954 4864 istarum

97 4889 262 4954 considera,
286 4894 316 4946 et
338 4892 462 4948 emenda
482 4893 638 4964 operando,
653 4898 686 4949 ut
699 4895 731 4950 in
753 4900 894 4952 ueternum
909 4895 955 4950 vi-

96 4993 162 5032 ras.

387 5087 558 5145 tirtsrott
576 5089 666 5146 XCIII.
