3984 6034
77 288 128 343 tes
726 287 915 346 suissuia.
929 287 1086 348 -ltulsu
1108 289 1180 345 XXX.
1776 289 1827 346 lsu

362 419 533 476 aristote
550 417 639 475 XXIX.
944 418 1127 477 Allsmmam
1142 418 1324 488 comburens,
1340 420 1446 476 docens
1469 437 1515 476 rue
1538 420 1598 476 lsssc
1618 421 1760 494 protunda
1774 437 1827 478 ex·

126 525 266 566 musam
279 523 472 566 mannas
490 523 603 566 suasus
617 524 653 564 ao
672 521 871 564 unumunurn.
979 509 1139 581 positionis,
1156 510 1205 565 sed
1229 513 1325 564 umen
1346 525 1403 565 nun
1425 509 1508 564 ducet
1522 524 1567 564 rus
1582 509 1690 564 litteras
1705 508 1736 565 iu
1750 511 1828 566 Ten-

219 597 330 654 Merito
341 598 406 668 ejus
420 603 450 654 et
461 595 647 654 sanctitatem
662 596 784 656 catellii.
911 645 920 662 ,
979 598 1076 654 tonica
1087 598 1198 670 lingna,
1218 615 1289 670 quas
1310 597 1414 654 nescia
1430 598 1483 654 Sed
1500 602 1612 654 tautum
1636 597 1694 654 scin
1710 598 1739 654 in
1764 599 1829 654 sim·

107 687 232 742 Dilectae
253 687 287 742 in
309 687 422 742 Christo
449 687 518 742 illias
545 689 724 755 Hrnnscaaur,
747 685 837 742 trater
859 687 927 742 Bra·
979 685 1105 759 plicitate
1132 687 1239 759 legere,
1272 702 1331 742 unu
1360 687 1389 741 in
1421 685 1594 742 abscissione
1625 692 1728 756 textus,
1760 687 1828 760 quia

75 789 187 830 manus
202 775 428 832 Claraemllensis
446 782 563 832 vocatus
583 775 683 843 abbas,
708 775 815 848 siquid
833 779 927 847 potest
979 774 1143 832 homocum
1156 776 1298 843 indoctus,
1314 776 1349 831 de
1364 775 1422 831 ulla
1437 775 1652 847 magistratione
1668 792 1733 832 cum
1750 782 1827 831 exte-

76 863 166 917 oralio
180 863 351 934 peccatoris.
980 861 1049 920 riori
1064 863 1204 930 mataria;
1235 864 1283 919 ssd
1299 864 1377 919 intus
1396 863 1539 918 inanima
1564 879 1629 919 mea
1651 878 1713 918 sum
1733 864 1827 928 docta,

106 952 191 1016 Quod
203 953 240 1008 de
266 958 361 1008 nostra
377 951 534 1026 exiguitate
546 953 632 1024 longe
649 951 743 1020 aliter,
763 965 851 1024 quem
872 967 926 1006 un·
979 952 1057 1009 unde
1078 952 1183 1025 loquor
1204 952 1268 1020 tibi,
1295 954 1329 1007 de
1363 957 1390 1008 te
1422 969 1481 1008 non
1503 953 1649 1018 dubitans,
1672 952 1720 1008 sed
1735 953 1828 1008 desn-

74 1045 131 1094 stra
163 1056 230 1095 sese
255 1041 429 1096 coumieutie
463 1039 578 1108 babeat,
606 1039 723 1112 quidam
753 1039 861 1094 sentire
879 1038 941 1101 ri-‚
979 1039 1313 1113 pientiaetpistatatua
1329 1041 1565 1112 consolaborpro
1580 1056 1624 1106 eo,
1640 1040 1710 1111 quia
1737 1041 1828 1096 multa

75 1129 192 1196 deutra,
215 1144 274 1184 non
298 1127 405 1184 uostris
427 1128 548 1197 meritis,
563 1129 614 1184 sad
629 1127 759 1184 stultitias
774 1127 926 1184 bominum
980 1129 1134 1185 schismata
1158 1133 1225 1184 sirut
1243 1128 1273 1184 iu
1301 1129 1467 1184 bominibus
1492 1128 1566 1183 sicut
1594 1128 1681 1183 andiu
1696 1128 1827 1183 homines

72 1217 284 1289 imputandum
309 1224 360 1273 est.
384 1218 428 1275 Ad
451 1217 634 1274 dulcedinem
649 1223 746 1272 atatem
761 1215 926 1288 piaecbcri·
979 1217 1084 1273 dicere.
1113 1220 1182 1274 Nam
1201 1217 1315 1274 cuidem
1340 1217 1492 1282 monacho,
1515 1233 1603 1289 quem
1618 1220 1743 1272 scrutata
1763 1232 1827 1272 sum

74 1306 143 1360 tatis
174 1310 233 1361 tuas
262 1306 387 1362 scribere
415 1305 577 1379 properavi,
603 1305 734 1376 quamvis
757 1305 787 1361 id
813 1305 927 1360 bravius
979 1305 1010 1360 in
1024 1305 1236 1360 conversations
1250 1305 1421 1377 probatioris
1446 1305 1523 1374 vitas,
1539 1307 1600 1360 buc
1615 1303 1742 1374 primum
1757 1303 1826 1374 dixi,

76 1395 199 1450 omnino
215 1410 303 1467 quam
324 1395 440 1461 vellem,
464 1393 648 1466 negotiorum
676 1393 831 1450 multitudo
845 1410 926 1449 com·
980 1398 1010 1450 et
1031 1393 1073 1450 illi
1094 1393 1192 1450 omnia
1212 1399 1320 1450 secreta
1341 1411 1406 1450 mea
1421 1393 1588 1460 monstravi,
1614 1399 1643 1448 at
1665 1393 1828 1449 consolatus

73 1484 174 1554 pellat.
201 1484 441 1556 eongntulnmur
455 1482 555 1555 gratias
569 1483 630 1551 Dei,
642 1499 709 1555 quas
729 1483 759 1538 iu
775 1486 805 1540 te
828 1488 883 1552 est,
897 1487 927 1538 et
980 1487 1023 1538 est
1037 1499 1095 1546 me,
1110 1480 1151 1538 ita
1164 1482 1243 1554 quod
1258 1483 1319 1538 bac
1334 1497 1438 1554 magna
1459 1489 1488 1538 et
1507 1481 1636 1538 timenda
1650 1485 1728 1536 suut.
1745 1481 1827 1550 Volo,

73 1577 105 1626 ut
123 1588 192 1627 eam
208 1577 346 1644 tanquam
362 1571 485 1644 gratiam
504 1572 620 1640 habeas,
643 1576 672 1626 et
690 1577 753 1626 toto
767 1571 795 1627 ei
809 1570 926 1626 bumili-
980 1576 1072 1643 pater,
1101 1575 1134 1626 nt
1160 1575 1279 1644 propter
1300 1586 1427 1626 amoram
1442 1571 1492 1628 uei
1519 1570 1549 1626 in
1574 1568 1752 1626 cretionibus
1773 1568 1829 1625 tuis

72 1661 141 1716 tatis
155 1666 186 1718 et
210 1661 371 1717 devotionis
397 1661 500 1718 effectu
528 1661 645 1716 studeas
667 1662 850 1730 respondere,
873 1660 924 1714 ad·
980 1660 1038 1716 mei
1053 1660 1221 1716 recorderis.
1238 1661 1296 1732 Ego
1317 1665 1384 1716 ente
1409 1660 1481 1716 duos
1505 1675 1597 1715 annos
1611 1663 1638 1714 te
1661 1658 1692 1714 iu
1720 1659 1772 1714 hac
1788 1657 1828 1712 si-

72 1765 248 1818 monemus3
259 1750 351 1806 sciens
364 1751 442 1823 qnod
462 1751 541 1805 Deru
551 1748 682 1823 superbis
694 1746 924 1819 resistitdtumi·
943 1716 965 1771 B
980 1747 1062 1804 sione
1076 1748 1143 1817 ridi,
1159 1748 1232 1805 sicut
1255 1747 1401 1805 homiuem
1416 1747 1447 1803 in
1473 1747 1532 1802 sole
1562 1746 1701 1819 aspicere,
1726 1751 1754 1802 et
1768 1761 1829 1802 nun

72 1837 151 1894 ecus
172 1841 271 1895 somn
290 1839 490 1912 deigratiam
511 1838 587 1908 (Jac.
619 1837 667 1908 iv).
693 1836 774 1902 Quod
795 1837 826 1892 in
842 1835 925 1892 nubis
979 1837 1093 1906 timere,
1109 1836 1157 1891 sed
1179 1836 1260 1892 valde
1283 1838 1438 1902 audacem
1464 1841 1492 1890 et
1515 1835 1625 1908 ploravi
1665 1834 1744 1906 qnod
1773 1851 1829 1906 ega

72 1931 124 1993 est,
142 1926 297 1982 hortamur
319 1932 347 1982 et
366 1926 549 1982 obsecramus
566 1926 596 1998 (1
619 1927 696 1982 Pctr.
719 1926 757 1997 ι).
782 1927 925 1982 Ceterum
979 1928 1092 1980 tanturn
1123 1925 1273 1994 erubesco,
1294 1929 1323 1979 et
1346 1923 1468 1980 inaudax
1492 1938 1567 1980 sum.
1595 1923 1671 1978 itone
1695 1924 1778 1978 Pater
1801 1926 1830 1978 et

71 2015 122 2070 ubi
141 2014 269 2071 interior
292 2014 416 2071 eruditio
429 2017 479 2081 est,
499 2017 528 2069 et
541 2013 638 2070 unctio
660 2013 766 2069 docens
784 2013 820 2070 de
830 2012 925 2069 omni·
979 2013 1140 2080 mitissime,
1154 2029 1231 2086 pono
1257 2013 1347 2070 mein
1373 2013 1500 2068 enimam
1530 2017 1620 2082 tuam,
1636 2029 1687 2068 ora
1705 2027 1757 2084 pru
1769 2027 1825 2076 me,

72 2104 136 2170 bns,
166 2103 240 2175 quid
268 2119 319 2158 nus
339 2109 390 2158 aut
409 2104 512 2160 docere
539 2118 692 2174 possumus
716 2105 767 2157 aut
783 2100 925 2158 moneret
979 2103 1049 2174 quia
1063 2117 1182 2176 magnos
1201 2102 1311 2158 labores
1340 2102 1370 2156 in
1396 2102 1449 2157 bac
1472 2100 1583 2157 visione
1610 2100 1713 2166 babeo,
1729 2104 1829 2172 quete-

72 2190 183 2247 Iliceris
202 2191 282 2246 euim
311 2191 437 2247 coelestia
465 2195 574 2246 secreta
611 2189 721 2257 rimari,
753 2196 784 2246 et
805 2205 925 2262 eaquae
980 2207 1044 2260 nus,
1072 2191 1151 2263 qnod
1180 2189 1264 2246 video
1292 2195 1321 2246 et
1346 2190 1443 2257 audio,
1468 2190 1571 2246 dicam.
1588 2190 1623 2245 Et
1636 2187 1783 2246 interdum
1798 2189 1830 2243 in

72 2295 164 2350 snpra
194 2278 327 2334 bomines
351 2283 430 2347 sunt,
454 2278 562 2351 Spiritu
584 2283 684 2334 sancto
708 2278 870 2332 illustrante
885 2275 927 2333 di·
980 2279 1093 2350 mugnis
1126 2278 1341 2335 infirmitatibus
1377 2279 1414 2334 de
1434 2279 1488 2334 hac
1517 2277 1637 2344 anione,
1665 2277 1697 2333 in
1722 2277 1829 2332 lectum

73 2383 227 2440 gnoscere.
245 2365 326 2422 Unde
341 2382 479 2439 rogamus
491 2367 584 2437 magis
598 2370 627 2421 et
640 2365 809 2438 suppliciter
821 2370 924 2435 postu·
979 2373 1157 2440 prosternar,
1180 2367 1248 2440 qnia
1271 2371 1361 2436 taceo,
1384 2367 1424 2423 ita
1444 2365 1523 2439 quod
1552 2382 1611 2422 non
1637 2380 1755 2439 possum
1782 2380 1828 2420 me

72 2457 179 2522 lamna,
196 2454 334 2510 utucstri
356 2455 524 2509 memoriam
547 2454 653 2510 babeas
675 2454 751 2526 apud
776 2454 877 2521 deum,
897 2458 927 2508 et
979 2458 1100 2528 erigere.
1117 2457 1191 2529 Ergo
1216 2471 1282 2512 curn
1305 2471 1429 2512 moerore
1457 2471 1553 2512 coram
1578 2461 1607 2511 te
1621 2454 1739 2527 plange,
1761 2453 1830 2526 quie

72 2561 175 2599 aarum
187 2543 362 2615 pariterqui
377 2543 460 2598 uobis
481 2542 512 2598 in
537 2541 659 2614 spiritali
678 2541 814 2598 societate
832 2541 926 2613 juncti
979 2545 1183 2614 mobilissum,
1210 2561 1276 2602 cum
1301 2552 1380 2600 motu
1411 2544 1440 2599 in
1460 2543 1595 2600 torculari
1611 2543 1712 2599 arbore
1726 2541 1757 2598 in
1772 2557 1827 2598 ua·

72 2637 153 2687 sunt.
177 2633 251 2687 llam
276 2648 342 2688 cnm
365 2631 489 2703 Spiritus
512 2633 571 2687 lieo
597 2630 796 2703 conjungitur,
810 2629 928 2686 conlidi·
979 2639 1045 2690 tura
1060 2649 1134 2703 mea,
1156 2637 1218 2689 orta
1243 2633 1278 2688 de
1303 2633 1395 2689 radice
1429 2639 1564 2706 surgente
1595 2632 1627 2688 in
1654 2631 1756 2699 Adam,
1776 2629 1827 2703 qui

71 2737 138 2776 snus
154 2721 235 2793 qnod
258 2719 340 2774 uobis
356 2720 480 2775 inultum
503 2720 641 2791 prodesse
662 2719 755 2774 valcas
776 2725 805 2774 et
827 2720 926 2774 subve-
979 2722 1069 2778 tectus
1083 2723 1218 2778 cstsxsul
1233 2722 1264 2776 in
1284 2721 1470 2794 peregrinum
1494 2720 1633 2777 mundum
1656 2719 1692 2774 de
1719 2733 1827 2791 sugge-

72 2810 146 2864 uire.
163 2809 293 2864 Multam
317 2807 395 2863 enim
422 2808 500 2864 rotet
524 2806 687 2880 deprecatio
706 2807 788 2879 justi
806 2806 927 2862 carim
980 2811 1074 2866 stione
1087 2809 1204 2866 diaboli.
1229 2811 1310 2866 Nunc
1337 2815 1436 2867 autem
1458 2826 1588 2882 surgens,
1615 2824 1699 2864 curro
1725 2806 1763 2864 ed
1785 2811 1825 2864 te.

72 2899 153 2967 (duc.
184 2899 224 2966 v).
249 2898 305 2953 llos
327 2897 414 2952 etiarn
435 2912 488 2968 pro
504 2896 657 2952 teussidne
671 2911 798 2965 emmas,
812 2901 925 2952 utcuu·
980 2900 1039 2972 ligo
1061 2899 1124 2956 dico
1154 2899 1226 2954 tibi:
1254 2900 1297 2955 Tu
1320 2915 1350 2954 es
1373 2898 1500 2969 mobilis,
1521 2898 1571 2954 sed
1583 2912 1697 2969 semper
1712 2895 1827 2968 erigens

70 2986 189 3042 terteris
213 2986 250 3041 ad
269 2984 356 3055 bona,
382 2984 534 3041 instruaris
555 2985 591 3040 ad
614 2984 762 3053 interiora,
791 2983 925 3055 dirigaris
943 2989 964 3044 C
979 2988 1123 3057 arborem,
1140 2991 1168 3044 st
1190 2987 1280 3044 victor
1306 2987 1336 3042 in
1361 2987 1457 3044 anima
1482 2993 1532 3043 tna
1558 3003 1598 3053 es,
1628 3001 1686 3040 non
1712 2987 1825 3040 uotum
1917 3039 1919 3044 ,

71 3076 108 3130 ad
121 3089 327 3146 permansura,
340 3073 380 3129 ita
394 3078 427 3129 ut
441 3089 477 3129 nc
488 3073 519 3129 bi
528 3073 579 3146 qui
594 3088 674 3145 spem
691 3089 774 3128 snam
788 3072 818 3127 io
834 3075 924 3128 Deum
980 3075 1105 3148 teipsum
1119 3075 1224 3143 solum,
1241 3075 1289 3132 sed
1305 3076 1393 3132 etiam
1407 3076 1479 3132 alios
1493 3075 1624 3131 homines
1646 3072 1675 3129 iu
1692 3071 1825 3128 salvatio-

71 3168 245 3236 posucrnnt,
269 3162 447 3235 desperando
467 3178 520 3234 pro
541 3169 570 3218 te
583 3162 761 3231 claudicent;
777 3161 827 3217 sed
842 3167 874 3217 ut
894 3160 925 3216 in
979 3179 1046 3220 nem
1062 3163 1184 3238 erigens.
1213 3165 1255 3222 ‘l'u
1278 3170 1375 3222 antem
1404 3165 1500 3238 aquila
1524 3180 1555 3220 es
1569 3162 1708 3236 aspiciens
1730 3159 1762 3216 in
1776 3175 1827 3216 so-

71 3253 206 3324 protectn
226 3250 447 3319 benedictionis,
471 3267 558 3322 qnam
587 3268 602 3304 a
635 3253 694 3308 lieo
718 3250 860 3322 accepisse
874 3265 926 3304 ca·
979 3254 1048 3310 lem.
1072 3253 1128 3310 Oro
1161 3259 1188 3310 te
1219 3269 1272 3325 per
1293 3253 1476 3310 serenitatem
1505 3251 1606 3322 Patris,
1634 3254 1662 3305 et
1692 3265 1744 3321 per
1764 3247 1826 3320 ejus

72 3341 231 3414 gnosccris,
256 3341 329 3397 bene
352 3341 514 3409 confortati,
529 3342 559 3396 in
582 3341 729 3396 meliuset
745 3340 927 3411 meliuspro-
981 3342 1106 3399 Verbum
1128 3340 1307 3410 admirabile,
1332 3348 1362 3397 st
1372 3357 1426 3414 per
1442 3357 1557 3396 suarem
1577 3339 1731 3396 humorem
1743 3352 1827 3393 com-

72 3432 183 3488 liciant.
979 3431 1154 3502 punctionis,
1178 3430 1284 3487 scilicet
1305 3429 1444 3503 Spiritum
1471 3429 1609 3497 veritatis,
1634 3433 1663 3484 et
1690 3443 1742 3500 per
1764 3441 1827 3482 sun·

238 3533 242 3538 ’
267 3500 474 3559 RESPONSUM
493 3499 740 3558 fflfflffifflffls·
979 3525 1059 3576 ctnm
1073 3519 1210 3588 sonitum,
1227 3535 1280 3592 per
1306 3535 1392 3593 quem
1421 3523 1504 3575 sonat
1527 3517 1621 3574 omnis
1640 3522 1781 3586 creatura,
1798 3517 1827 3570 et

253 3591 333 3646 Eum
344 3589 460 3664 mimi*
472 3589 605 3646 hildim
616 3595 747 3648 imai·
979 3609 1141 3681 peripsum
1156 3608 1291 3676 Verbum,
1304 3607 1339 3664 de
1354 3623 1412 3680 quc
1427 3612 1506 3663 ortos
1520 3613 1565 3662 est
1578 3607 1713 3674 mondus,
1732 3608 1761 3660 et
1774 3620 1827 3677 per

105 3700 141 3754 lu
162 3696 270 3768 spirita
303 3696 507 3767 mysteriorum
533 3696 588 3752 tibi
615 3695 691 3763 dico,
719 3695 926 3752 creuerebilis
979 3696 1162 3756 altitudinem
1187 3696 1289 3766 Patris,
1313 3697 1364 3768 qni
1387 3695 1510 3752 Verbum
1534 3694 1613 3750 suari
1628 3693 1772 3750 viriditate
1794 3691 1826 3748 in

70 3790 168 3853 Peter,
184 3787 236 3858 qni
257 3785 430 3841 mirabiliter
451 3784 482 3840 in
504 3784 619 3856 maguis
641 3783 799 3841 bonoribus
814 3783 926 3840 virtutis
979 3793 1095 3844 uterum
1121 3784 1246 3858 Virginis
1272 3784 1360 3853 misit,
1385 3785 1462 3840 unde
1494 3783 1567 3840 illud
1601 3798 1728 3846 carmen,
1752 3781 1826 3837 sicut

71 3875 134 3942 Ilei,
164 3875 249 3930 valde
277 3866 449 3931 metuendus
475 3890 515 3942 es,
549 3872 658 3930 illicita
683 3872 812 3929 stultitias
840 3874 926 3945 hujus
979 3874 1087 3930 cneum
1111 3872 1271 3930 aedillcatur
1284 3873 1341 3929 mel
1355 3872 1430 3941 taso,
1445 3871 1532 3940 suxit,
1560 3875 1592 3926 ut
1606 3887 1664 3926 non
1688 3868 1780 3925 otiose
1794 3868 1827 3924 in

72 3963 187 4029 muudi,
206 3963 312 4019 vexillo
333 3967 440 4019 senaa
453 3963 545 4019 crucis
569 3978 635 4018 cum
659 3963 769 4018 excelso
782 3961 879 4018 studio
893 3961 925 4016 in
979 3962 1073 4020 verbis
1088 3962 1159 4018 meis
1178 3966 1302 4034 torpeas.
1327 3961 1381 4018 Sed
1402 3975 1435 4016 aa
1448 3961 1478 4016 in
1500 3976 1550 4016 cnr
1569 3965 1652 4014 tuum
1675 3973 1763 4030 pone,
1786 3956 1827 4012 ita

71 4052 189 4107 mdend
204 4065 303 4106 eruore
324 4050 388 4108 Filii
412 4050 471 4120 uei,
500 4049 617 4121 capiens
630 4048 771 4119 homines,
800 4050 835 4104 ad
851 4049 926 4106 bella
979 4055 1013 4108 nt
1041 4067 1100 4107 nnn
1131 4065 1233 4118 cesses,
1255 4054 1317 4106 tum
1341 4055 1468 4106 uanseas
1491 4064 1543 4121 per
1575 4050 1698 4104 sormam
1720 4045 1824 4102 animae

72 4139 235 4212 pugnanda
254 4139 284 4194 in
303 4139 465 4196 Christiana
487 4138 598 4200 militis,
622 4143 722 4194 contra
735 4143 925 4210 tyrannorum
979 4145 1048 4208 tua,
1063 4141 1099 4196 ed
1123 4141 1214 4196 Deum
1237 4155 1291 4210 pro
1312 4155 1357 4196 ms
1381 4139 1531 4213 aspiciens,
1552 4137 1620 4210 quia
1635 4136 1698 4209 ipsc
1711 4142 1740 4192 te
1755 4134 1823 4190 vult.

71 4227 226 4295 sevitiam,
255 4227 420 4299 quodsum
450 4228 532 4283 valde
560 4227 714 4283 constricta
744 4227 774 4282 in
803 4225 924 4291 risione,
981 4227 1058 4296 Vale,
1074 4228 1135 4284 vale
1156 4228 1186 4282 in
1213 4227 1311 4282 anima
1333 4231 1393 4296 tue,
1413 4231 1442 4283 et
1456 4231 1517 4282 esto
1532 4225 1668 4281 robustus
1688 4223 1719 4280 in
1735 4227 1825 4278 certa·

72 4333 139 4387 quas
163 4320 287 4387 apparet
307 4315 380 4371 mibi
402 4315 432 4370 in
452 4315 562 4387 Spiritu
587 4315 724 4388 mysterii,
751 4330 839 4388 quam
866 4329 924 4370 non
942 4329 965 4384 ι)
981 4317 1059 4374 mine
1073 4315 1104 4372 in
1120 4318 1187 4372 ileo.
1202 4319 1304 4374 Amen.

71 4404 158 4460 rideo
184 4404 376 4460 munoribus
412 4404 502 4460 ocnfis
537 4403 642 4460 carnis.
673 4404 735 4474 Ego
767 4403 874 4458 miscra
897 4408 926 4458 et
1276 4421 1441 4479 gppgpogg
1458 4422 1532 4479 χχχ,

71 4495 139 4564 P¹¹¹⁵
155 4509 228 4566 (ιω
253 4493 360 4548 mim
385 4491 415 4548 5¹²
449 4493 567 4548 ¹¹⁰mi¹²⁰
593 4492 731 4562 s⁰mi¹¹⁰⁰r
747 4492 784 4547 “b
805 4491 928 4547 i³f⁸¹¹ii⁸
1085 4527 1173 4568 ansus
1192 4525 1301 4567 suasus
1319 4527 1353 4567 os
1372 4527 1441 4568 runs
1460 4527 1494 4567 no
1514 4524 1715 4566 nrmscsnusu.

73 4598 139 4636 ⁰¹⁰⁸
152 4581 215 4637 'idi
238 4579 384 4680 ‘nmini'
404 4597 519 4653 mgna
535 4597 601 4653 φῶ
612 4581 717 4680 ΠΨ,
726 4596 791 4636 ”¹⁰⁸
804 4595 863 4680 Ψ
877 4595 928 4652 p⁰'
982 4616 1120 4674 Precibus
1135 4617 1285 4674 Sanctaese
1297 4615 1478 4673 commendat
1491 4619 1520 4670 et
1534 4613 1746 4687 ejusrescripla
1754 4609 1827 4684 petit

72 4669 463 4741 testpruierre,ms1quud
487 4670 627 4726 maducat
644 4669 927 4741 sustinebatque·
1015 4687 1054 4744 ag
1068 4687 1275 4744 gugpapmm
1288 4703 1372 4744 ,uam
1407 4686 1578 4743 uagom,-
1590 4686 1682 4752 fug„
1699 4685 1734 4739 ge
1753 4681 1825 4738 φθῆ.

74 4760 141 4814 Ιιιοι·
156 4773 192 4813 ea
206 4757 312 4814 dicam.
337 4757 501 4814 Cerussime
514 4761 544 4814 at
561 4757 713 4814 mitissime
734 4757 828 4822 Pater,
857 4757 927 4812 audi
1015 4759 1108 4815 mdo
1122 4761 1173 4815 aut
1185 4759 1351 4887 ὀιέιοιιιιιιιο
1403 4758 1479 4840 botis
1489 4773 1616 4826 munere,
1636 4761 1667 4812 nt
1680 4753 1827 4826 colligitur

72 4863 130 4916 me,
147 4846 179 4902 in
214 4851 266 4902 tua
284 4845 413 4902 beniute
437 4846 587 4918 indignam
602 4846 843 4913 famulaminum,
860 4861 926 4916 qua
1015 4846 1198 4904 &wiltomo
1236 4829 1451 4903 ·fl¹ld²9“²'d¹⁸·

70 4949 228 5007 nunquam
244 4933 282 4989 ab
302 4933 423 4990 intentis
451 4949 516 4990 mea
534 4949 634 4990 secura
661 4933 728 5003 riri,
756 4938 785 4989 et
813 4932 849 4988 de
876 4937 927 4988 tua
1016 4936 1146 4994 llominae
1174 4941 1204 4992 et
1226 4935 1309 4992 matri
1340 4951 1400 4994 sure
1431 4934 1625 4992 dilectissimas
1648 4933 1824 4996 llrnnaasnnr,

71 5024 181 5095 pietate
196 5028 226 5078 et
249 5021 393 5094 sapientis
418 5023 549 5097 intellige
576 5023 608 5078 in
631 5022 730 5079 anima
743 5028 803 5088 tue,
823 5036 927 5077 meun-
980 5026 1125 5098 magistrae
1150 5041 1282 5082 surorum
1307 5026 1342 5081 de
1366 5025 1469 5082 Sancto
1502 5024 1627 5080 Rnbertc
1650 5022 1680 5076 in
1717 5017 1824 5088 Pingis,

70 5113 141 5168 dum
156 5111 239 5184 quod
255 5111 459 5168 doctnslueris
479 5111 511 5167 in
532 5111 643 5184 Spiritu
664 5114 774 5178 ιιιιιιιιο,
789 5109 926 5181 quoniam
979 5115 1068 5170 trater
1081 5117 1161 5171 Aaou
1184 5113 1282 5182 abbas,
1311 5113 1378 5170 licet
1401 5112 1549 5185 indiguus,
1577 5111 1612 5166 de
1630 5110 1712 5178 libra,
1735 5104 1827 5162 modi·

70 5215 103 5256 ee
117 5215 190 5274 qum
208 5198 266 5255 tibi
286 5199 321 5255 de
345 5215 393 5255 me
411 5200 581 5266 dictasunt,
600 5199 759 5256 secundum
777 5199 856 5254 huuc
868 5212 927 5253 mo·
980 5217 1047 5258 cum
1060 5201 1090 5258 id
1110 5201 1189 5275 qnod
1205 5207 1256 5257 est.

69 5289 138 5345 dum
163 5291 245 5344 eunt.
265 5287 329 5343 Scia
357 5288 436 5345 euim
463 5288 494 5344 in
517 5292 596 5346 textu
624 5287 792 5344 interiorem
815 5284 927 5342 intelli·
1016 5291 1087 5346 cum
1101 5290 1227 5361 primunr
1243 5289 1372 5346 noudum
1388 5287 1513 5344 nominis
1535 5285 1621 5342 vestri
1635 5282 1755 5355 suscepi,
1771 5297 1825 5355 ga·

70 5377 203 5448 gentiam
218 5375 406 5449 expositionis
430 5377 573 5445 Psalterii,
593 5375 740 5450 Evangelii
758 5379 788 5431 et
800 5374 925 5430 alimum
978 5379 1057 5436 risus
1071 5394 1135 5436 sum
1154 5378 1260 5450 gaudio
1285 5393 1389 5450 meguc
1410 5374 1528 5448 (Mettis.
1550 5373 1590 5445 ιι).
1614 5373 1736 5432 Διιιιιιίι
1752 5373 1825 5427 Deus

70 5467 267 5533 voluminum,
292 5480 358 5538 qua
376 5471 576 5523 monstrantur
591 5466 664 5522 mibi
685 5466 716 5521 in
737 5466 792 5521 hac
805 5463 924 5526 visione,
979 5465 1119 5539 gaudium
1132 5482 1241 5535 meum,
1269 5481 1334 5524 cuns
1365 5470 1437 5522 nutu
1461 5462 1585 5536 benigno
1599 5469 1628 5520 et
1642 5461 1767 5518 mirabili
1781 5460 1824 5516 di·

70 5575 136 5630 quas
152 5563 257 5632 pectas
283 5574 382 5614 meum
411 5561 513 5635 tangit,
540 5565 570 5616 et
587 5559 715 5616 animam
735 5573 831 5615 meam
852 5555 926 5612 sicut
978 5553 1063 5624 rexit,
1077 5559 1109 5610 nt
1125 5553 1270 5610 videretur
1290 5553 1387 5622 iacies,
1402 5557 1431 5608 ct
1449 5551 1596 5610 audiretur
1622 5567 1674 5608 vox
1688 5548 1824 5606 vestrein
