3984 6034
131 226 182 275 577
757 221 902 278 Stili'ldS.
918 251 951 262 -··
963 221 1028 276 [ΙΙΙ.
1053 221 1099 288 ΙΙΙ,
1121 219 1210 275 VlSIO
1232 221 1264 276 ΙΙ.
1831 227 1882 278 ΞΠΙΙ

127 357 176 411 bia
193 357 311 413 diaboli.
335 357 390 422 oui
416 362 513 412 autem
528 356 688 426 {interioris
713 373 814 411 sensns
833 358 977 428 perspice·
994 360 1019 410 A
1031 356 1139 427 speculi
1157 357 1223 420 mei,
1242 356 1275 410 ed
1292 355 1448 412 sorbebere
1463 333 1672 424 anheletet'ea
1687 359 1716 414 in
1734 360 1881 414 conscien-

126 463 172 500 ces
197 446 332 500 audiendi
353 445 565 509 anreslliabet
606 445 651 499 bic
690 446 718 498 in
748 446 859 501 ardenti
883 461 983 499 amore
1038 445 1076 499 tia
1091 445 1180 500 animi
1196 445 1239 500 sni
1251 444 1420 500 conscribat.

806 688 935 760 vtsn)
966 688 1199 762 SECUNDA.

126 843 300 898 Seruaeum.
317 871 350 882 -
372 839 451 906 Quod
468 839 539 908 tides
552 857 658 911 mapnn
671 840 702 893 in
717 839 831 897 virtute.
844 839 1083 912 palamsurrecit
1104 846 1133 896 in
1147 841 1362 898 circumcisione
1378 843 1509 900 Abralm.
1536 844 1615 908 Qtiod
1635 843 1705 910 fides
1724 847 1880 914 conpuncta

163 915 206 966 est
221 910 318 966 timori
340 910 454 966 ltornini
475 915 503 964 et
527 910 612 964 timor
635 911 745 965 Domini
760 911 840 979 fidei.
857 911 938 979 (laod
952 913 1056 980 fideles
1073 930 1127 984 per
1145 916 1268 984 quotuor
1288 917 1386 984 partes
1407 917 1487 968 terre
1511 931 1598 983 super
1614 915 1672 980 pide
1696 915 1768 969 bona
1792 931 1880 984 opera

162 983 315 1050 edificant.
342 986 379 1036 De
406 985 529 1052 quatuor
545 981 674 1052 quadris.
698 983 776 1046 Quod
793 986 903 1052 oportet
921 983 1061 1038 bominem
1086 985 1235 1038 humililer
1260 985 1391 1038 incedere
1413 989 1440 1039 ct
1458 985 1581 1040 insidias
1599 984 1708 1038 diaboli
1730 986 1880 1056 sapienter

162 1054 272 1124 supere.
289 1057 330 1108 lte
342 1057 467 1123 quatuor
481 1053 599 1122 anputis
613 1051 726 1120 edificii
737 1053 814 1176 quod
825 1052 997 1122 sipiriticent.
1014 1056 1091 1110 Item
1104 1054 1191 1110 aliter
1206 1055 1241 1110 dc
1254 1056 1359 1112 endem
1376 1057 1501 1126 aepulis.
1518 1056 1595 1120 (triod
1613 1055 1776 1110 bominibus
1790 1073 1809 1110 a
1825 1060 1880 1110 ltro

162 1125 255 1178 Patre
275 1123 362 1176 datur
382 1122 504 1177 munitio
522 1127 547 1176 el
566 1123 695 1189 defensio
718 1142 735 1177 a
784 1125 853 1176 bene
870 1125 1047 1194 operandum
1069 1129 1096 1178 el
1112 1125 1311 1196 circumspecti
1326 1131 1393 1180 sient
1413 1126 1482 1197 quia
1507 1127 1622 1180 cinerea
1650 1143 1718 1182 caro
1737 1127 1813 1180 sunl.
1839 1127 1880 1180 De

118 1247 122 1254 ,
162 1194 337 1264 speculativa
357 1193 487 1249 scientia.
527 1194 620 1248 Verba
655 1195 751 1248 Pauli.
785 1195 881 1248 Verbo
900 1196 1075 1251 Salomonis.
1103 1201 1142 1250 lte
1167 1196 1332 1268 operatione
1353 1197 1479 1252 duarum
1499 1213 1661 1250 causarumv
1694 1197 1773 1262 Quod
1795 1200 1879 1251 recle

162 1264 356 1318 institutiones
381 1267 569 1320 surrexerunt
597 1263 627 1317 in
652 1265 803 1318 Abrohom
828 1270 855 1318 et
875 1266 906 1319 in
927 1267 1037 1338 Moyse.
1064 1267 1141 1334 erod
1159 1268 1317 1337 spectativa
1348 1269 1471 1322 scientia
1487 1269 1569 1336 cepit
1591 1267 1623 1323 in
1650 1268 1713 1322 Noe
1738 1283 1881 1338 apparere

161 1339 300 1405 remeante
313 1335 573 1405 tameniniquitate
582 1336 717 1406 usquead
729 1337 880 1390 Abraham
893 1339 921 1389 et
940 1339 1059 1408 Moysen
1072 1337 1134 1391 sine
1146 1337 1363 1408 interruptione.
1386 1339 1478 1392 Verba
1495 1338 1580 1392 Ponti
1601 1339 1641 1394 ad
1664 1338 1792 1392 eamdem
1806 1353 1878 1392 rem.

162 1406 243 1470 Quod
251 1407 362 1460 rectum
373 1421 445 1476 opus
459 1411 604 1459 ostensum
621 1409 664 1459 est
682 1406 715 1459 in
737 1407 881 1462 Abrabam
900 1415 927 1461 et
949 1408 981 1460 in
1004 1410 1112 1478 Mopse,
1134 1409 1288 1480 perspicua
1308 1408 1425 1477 justitio
1447 1410 1478 1464 in
1499 1408 1702 1463 Incurnatione
1722 1409 1792 1464 Filii
1814 1409 1878 1467 Dei.

161 1476 269 1530 ardens
286 1493 357 1546 opus
377 1493 430 1546 per
450 1476 624 1546 baptismum
641 1476 673 1530 in
693 1477 822 1532 Ecclesia
840 1478 950 1532 drtrans
971 1479 1005 1534 in
1023 1480 1114 1548 finem
1138 1479 1246 1533 mnndi.
1269 1480 1358 1534 Verba
1381 1479 1469 1534 Dauid
1490 1480 1527 1532 ad
1545 1480 1675 1534 camdem
1702 1497 1772 1534 rem.
1799 1481 1879 1547 Quod

160 1547 290 1601 membru
304 1545 409 1604 Cdristi
418 1551 550 1601 constant
564 1548 657 1601 arlduc
670 1547 844 1617 imperfecta
856 1547 886 1601 in
900 1548 996 1604 electis
1007 1549 1068 1604 suis
1087 1557 1114 1604 el
1131 1550 1258 1604 Ecclesia
1271 1553 1351 1604 caret
1368 1550 1462 1604 octauo
1472 1549 1581 1618 sutura
1597 1549 1774 1614 perfectione
1791 1566 1879 1620 quam

164 1617 301 1671 habitura
328 1621 380 1671 esl.
406 1617 547 1683 Qttorriadu
566 1618 703 1671 denarius
723 1636 858 1671 reuinctus
878 1623 1045 1674 attenuatus
1065 1639 1117 1691 prr·
1140 1621 1245 1684 delam,
1270 1621 1393 1675 surrexit
1421 1621 1451 1674 in
1479 1621 1545 1674 Filii
1576 1621 1628 1673 nei
1652 1621 1682 1674 in
1714 1621 1878 1680 denarium.

163 1693 190 1740 ct
205 1689 342 1742 denarius
361 1687 391 1741 in
407 1689 611 1744 millinarium.
634 1689 728 1742 Verba
747 1689 899 1760 Ecanpclii
920 1689 955 1744 de
969 1691 1069 1744 eadent
1085 1707 1124 1743 re.
1149 1692 1229 1755 Quod
1242 1690 1273 1744 in
1296 1693 1422 1762 quinque
1443 1691 1608 1745 ortlnrribur
1633 1691 1742 1744 etrisn
1760 1695 1881 1762 peccata

162 1759 307 1814 borninum
321 1758 463 1813 (letentur.
479 1760 557 1824 Quod
573 1760 658 1813 bonta
671 1760 796 1830 quinque
809 1760 940 1814 sensibus
955 1761 1067 1832 Spiritu
1083 1767 1183 1815 sancto
1196 1760 1252 1816 sibi
1267 1761 1429 1831 inspiratis,
1449 1760 1575 1814 discerni
1590 1763 1691 1816 borium
1715 1767 1743 1816 et
1758 1762 1877 1818 errulum.

162 1830 241 1898 Quod
263 1830 346 1885 domo
368 1830 470 1886 anirna
490 1834 518 1884 et
543 1847 660 1900 corpere
683 1831 792 1886 laboret
815 1831 943 1885 devitare
967 1833 1078 1888 matrim
1101 1834 1129 1885 el
1155 1832 1252 1896 facero
1271 1833 1373 1886 bonum
1393 1831 1424 1886 in
1450 1831 1597 1902 prosperis
1617 1836 1644 1886 et
1680 1833 1711 1886 in
1737 1831 1877 1886 adversis.

163 1901 244 1968 Quod
266 1901 394 1954 bumana
422 1918 503 1955 triens
522 1901 603 1955 debet
623 1901 728 1955 habere
747 1902 923 1972 sapientiam
946 1907 973 1956 et
990 1901 1192 1958 discretionem
1221 1901 1258 1956 ad
1279 1903 1501 1973 capnoscendum
1525 1905 1625 1956 Deum.
1647 1901 1724 1967 Quod
1747 1903 1830 1958 liorno
1846 1920 1880 1956 ee

161 1975 284 2040 quatuor
293 1973 444 2026 elementis
457 1977 594 2028 euristeus
603 1972 692 2044 fidem
707 1973 879 2027 catholicam
894 1973 998 2043 reqiruli
1011 1972 1156 2027 deuotione
1166 1973 1253 2029 coint.
1275 1973 1354 2039 Oned
1365 1973 1462 2038 fidelis
1478 1975 1561 2026 leoino
1575 1973 1712 2027 asceridat
1723 1973 1757 2028 de
1776 1973 1881 2027 oirlule

161 2047 192 2094 in.
206 2042 351 2096 uirtutem.
368 2043 446 2108 Quod
461 2043 554 2097 Filius
574 2043 624 2096 ltei
641 2044 744 2096 missus
762 2048 802 2097 est
816 2043 847 2096 in
862 2045 999 2097 mundum
1018 2044 1173 2098 secundum
1187 2047 1299 2125 tempus
1313 2043 1537 2114 preordinatum
1551 2059 1570 2097 a
1590 2046 1717 2098 Patren!
1731 2045 1881 2110 proliceret

160 2113 337 2166 volrnitatem
352 2114 448 2168 Patris
474 2114 507 2167 in
524 2113 721 2184 redemptione
736 2111 866 2168 bominis.
890 2116 971 2182 (laod
987 2115 1154 2186 superbiam
1178 2115 1250 2170 malr
1272 2117 1316 2168 eet
1335 2117 1426 2181 finem
1444 2115 1508 2180 cius
1521 2113 1551 2168 in
1575 2119 1712 2184 operante
1733 2119 1878 2177 uenturo,

161 2187 214 2308 aut!
226 2183 343 2288 iqitium
354 2190 407 2240 out
416 2186 507 2254 finem
519 2201 648 2256 superna
663 2183 785 2252 jintitiae
797 2187 962 2256 instantque
977 2185 1209 2242 distributionem
1227 2185 1383 2240 voluntatis
1401 2187 1470 2242 Dei:
1486 2186 1584 2240 nullus
1602 2185 1688 2242 donia
1701 2185 1882 2256 perscrutari

161 2271 201 2324 po
215 2271 267 2308 es„

163 2439 272 2494 Deinde
287 2439 348 2494 vidi
369 2439 446 2494 inter
466 2439 608 2494 ambitum
631 2438 731 2494 circuli
752 2439 803 2509 qui
823 2439 979 2510 protende·
1000 2442 1019 2493 lt
1033 2439 1081 2494 teli
1097 2446 1182 2522 atque
1196 2439 1225 2494 in
1243 2440 1402 2496 meridiana
1417 2445 1496 2510 perte
1508 2445 1585 2496 tanta
1602 2441 1730 2512 undique
1752 2446 1813 2496 erat
1841 2443 1881 2497 la·

122 2528 419 2583 baturdesedentein
445 2528 551 2582 throno
572 2527 653 2599 quasi
670 2529 813 2596 insontem
837 2545 976 2600 magnum
1033 2527 1125 2582 titudo
1138 2527 1299 2584 interidem
1327 2528 1481 2584 editicium
1506 2533 1534 2584 et
1556 2529 1749 2600 splendorem,
1765 2536 1798 2585 ut
1819 2531 1881 2602 eius

125 2616 314 2686 conjunctum
324 2614 412 2670 radici
425 2616 500 2670 illius
513 2615 759 2686 immensilapidis
785 2632 977 2687 superquam
1034 2617 1256 2686 amplitudinem
1273 2619 1352 2671 nirllu
1377 2617 1463 2672 modo
1493 2618 1737 2688 comprehendere
1758 2635 1883 2689 possem.

124 2705 419 2760 nubescnmtbrono
444 2710 472 2758 et
501 2705 618 2758 sedente
641 2704 672 2758 in
699 2721 732 2758 eo
760 2704 854 2775 posita
876 2712 976 2759 erant:
1034 2707 1066 2759 Et
1080 2706 1151 2772 bac,
1164 2722 1209 2760 me
1221 2706 1391 2772 admirante,
1407 2705 1457 2776 qui
1472 2705 1590 2760 sedebat
1602 2706 1753 2762 inthrono
1776 2709 1882 2762 iterum

126 2793 167 2846 ita
187 2793 265 2863 qnod
293 2792 368 2863 lepis
387 2793 417 2846 in
438 2793 621 2848 altitudinem
657 2798 768 2846 erectus
798 2797 827 2844 el
848 2809 930 2847 mons
948 2792 977 2845 in
1032 2794 1103 2848 dixit
1126 2794 1160 2848 ad
1179 2809 1243 2848 rue:
1271 2793 1352 2847 Fides
1378 2809 1443 2866 quse
1468 2794 1498 2846 in
1532 2793 1660 2865 antiquis
1685 2795 1789 2848 sanctis
1815 2811 1881 2850 cum

125 2881 310 2936 latitudinem
336 2886 469 2936 extensus
501 2881 659 2936 videbatur.
697 2882 729 2936 Et
761 2898 848 2953 super
882 2881 977 2951 ipsum
1031 2899 1117 2952 opere
1139 2881 1260 2954 justitia
1281 2881 1505 2952 perbonitatem
1536 2883 1626 2936 Patris
1648 2883 1772 2953 desuper
1790 2883 1879 2938 ardili-

125 2971 367 3025 montemstabat
390 2971 468 3025 velut
488 2971 632 3041 quoddam
660 2971 813 3026 aedificium
832 2970 978 3042 quadran·
1031 2975 1103 3038 cato,
1118 2971 1236 3026 velutin
1257 2971 1365 3042 pallore
1392 2970 1703 3042 apperuit,incarnetu
1720 2970 1768 3026 boi
1798 2972 1881 3038 Filio,

125 3059 275 3130 gulumad
294 3059 513 3114 similitudinem
535 3060 612 3114 urbis
636 3061 784 3131 quadratas
809 3060 975 3127 formatum,
1031 3063 1131 3130 aperta
1150 3058 1393 3124 manifestatione,
1432 3074 1499 3113 eum
1543 3059 1710 3114 ardentibus
1749 3061 1884 3132 operibus

129 3149 341 3219 aliquantulum
357 3148 506 3220 obliquum
524 3147 633 3204 babens
658 3149 757 3218 situm,
782 3150 864 3218 crijus
888 3164 977 3218 ungu·
1031 3147 1201 3203 ardenterin
1216 3149 1309 3204 lucem
1324 3148 1471 3219 processit,
1495 3148 1611 3219 qnando
1638 3148 1728 3203 Filius
1751 3147 1802 3204 Dei
1832 3167 1880 3204 ca·

128 3236 263 3290 insanus
283 3236 453 3307 respiciebat
476 3242 511 3290 ad
537 3237 688 3302 orientem,
715 3243 744 3291 et
756 3237 829 3291 alius
849 3237 885 3292 ad
903 3236 977 3291 occi·
1032 3236 1105 3291 duca
1119 3253 1178 3293 uun
1200 3239 1418 3310 cunctiparens,
1437 3255 1470 3292 ea
1493 3238 1624 3310 exemplo
1646 3253 1697 3290 suo
1722 3237 1882 3292 conculcari

127 3325 282 3378 dentemet
297 3340 370 3378 unus
386 3324 422 3378 ad
440 3324 668 3395 septentrionem
691 3330 720 3378 et
742 3325 816 3378 alins
831 3325 865 3379 ad
888 3324 978 3378 meri·
1033 3333 1061 3380 et
1085 3325 1212 3381 calestia
1235 3327 1325 3382 amari
1351 3326 1521 3398 perdocuit;
1555 3342 1621 3380 cnm
1650 3323 1760 3396 priores
1785 3326 1882 3380 Patres

126 3412 391 3479 diern3adilieinm
416 3419 512 3468 autern
538 3413 659 3467 circuitu
678 3430 729 3467 sno
748 3429 865 3468 murum
888 3429 979 3468 unum
1033 3415 1174 3468 mundum
1203 3432 1260 3470 non
1277 3416 1431 3486 fugientes,
1464 3431 1516 3469 nec
1545 3431 1574 3470 se
1598 3415 1634 3469 ab
1663 3431 1696 3468 ea
1718 3418 1883 3485 separantes

126 3501 281 3556 biformem
293 3503 421 3574 gerebat,
435 3503 516 3572 cujus
534 3502 627 3556 torma
640 3517 697 3556 una
712 3502 864 3574 eratquasi
879 3504 974 3573 splen·
1031 3503 1121 3556 Deum
1141 3501 1264 3573 simplici
1286 3507 1397 3557 tantum
1421 3501 1590 3556 credulitate
1609 3507 1637 3554 et
1663 3500 1766 3556 humili
1792 3500 1880 3556 devo-

126 3591 180 3646 der
196 3592 308 3646 lucidus
319 3598 351 3646 ut
361 3591 411 3646 lux
432 3591 499 3660 diei,
524 3593 662 3646 etaltera
686 3591 769 3661 quasi
792 3591 978 3662 compagina—
1032 3589 1110 3644 tione
1130 3591 1278 3658 colebant;
1303 3591 1372 3663 qnia
1392 3591 1519 3646 nondum
1543 3594 1573 3644 ut
1594 3589 1692 3648 omnia
1717 3589 1883 3644 desererent

127 3679 169 3734 tio
183 3680 312 3752 lapidum
328 3681 487 3734 adinvicem
502 3681 653 3750 conjuncta
674 3679 705 3733 in
722 3681 826 3750 angulo
848 3679 979 3734 orientali
1033 3677 1235 3733 eisostonsnm
1256 3679 1359 3734 isserat.
1390 3679 1469 3734 Unde
1493 3678 1578 3732 etiam
1600 3677 1675 3748 qnod
1700 3677 1778 3732 vides
1806 3677 1882 3732 intre

130 3777 159 3823 et
182 3769 215 3822 in
235 3769 341 3840 angulo
366 3768 595 3840 septentrionali,
621 3768 660 3822 ita
674 3774 706 3822 ut
726 3785 793 3839 pars
809 3769 857 3822 ille
884 3769 979 3823 lucida
999 3739 1177 3822 Cambitum
1189 3767 1288 3822 circuli
1299 3766 1349 3839 qni
1364 3767 1714 3838 protenditurdesedeute
1730 3765 1881 3832 inthronu,

128 3857 207 3912 muri
222 3857 494 3927 protendereturab
514 3859 619 3929 angulo
646 3856 778 3912 orientali
794 3863 823 3912 et
847 3856 979 3912 liniretur
1035 3862 1163 3912 montem
1184 3873 1321 3928 magnum
1339 3857 1525 3927 conjunctum
1538 3855 1625 3910 radici
1647 3854 1724 3908 illius
1748 3855 1883 3910 immensi

127 3947 157 3999 in
172 3947 279 4016 angulo
291 3946 522 4016 septentrionali,
540 3952 598 4000 tota
613 3947 725 4016 integra
736 3951 766 3998 et
789 3961 846 3999 non
871 3945 979 4000 babens
1034 3944 1136 4014 lapidis
1164 3959 1250 4015 snper
1274 3961 1360 4016 quem
1384 3944 1476 3998 nubes
1503 3959 1567 3998 cum
1588 3943 1690 3996 throno
1713 3947 1740 3996 et
1764 3942 1882 3997 descen·

126 4034 219 4088 ullam
235 4034 330 4088 locum
356 4033 561 4104 interruptum,
588 4039 615 4088 et
639 4032 705 4104 pars
728 4035 784 4087 alia
811 4034 918 4088 scilicet
935 4034 976 4088 la·
1034 4032 1207 4087 denteiueo
1222 4034 1315 4103 posita
1335 4038 1410 4101 sunt,
1435 4033 1476 4088 ita
1497 4034 1573 4104 qnod
1597 4033 1670 4102 lapis
1693 4031 1724 4084 iu
1752 4031 1880 4086 altitudi-

126 4121 211 4192 pidee
232 4123 433 4178 extenderetur
457 4123 492 4176 ab
515 4123 620 4194 angulo
633 4121 852 4193 septentrionali
867 4121 901 4176 ed
924 4139 975 4176 en·
1033 4138 1100 4176 nem
1114 4128 1264 4178 erectuset
1281 4139 1363 4177 mons
1388 4121 1418 4176 in
1440 4121 1620 4176 latitudinem
1642 4125 1776 4174 extensus
1801 4119 1881 4174 vide-

126 4211 231 4280 gnlum
246 4210 452 4266 occidentalem
472 4211 551 4265 etad
576 4211 714 4281 angulum
735 4210 929 4265 meridianum
951 4217 980 4265 et
1032 4211 1175 4266 tm·:hoc
1194 4212 1332 4282 estquod
1351 4211 1381 4266 in
1402 4217 1518 4282 potente
1539 4227 1571 4264 ac
1596 4210 1663 4264 farti
1689 4225 1776 4279 opere
1798 4213 1882 4279 pote-

125 4299 260 4354 finiretur
274 4300 304 4354 in
319 4301 426 4370 angulo
440 4299 584 4367 orientali,
600 4299 709 4354 babens
730 4300 786 4353 duo
806 4300 869 4354 loca
893 4300 979 4354 inter·
1033 4299 1112 4354 statis
1136 4300 1253 4371 superni
1281 4301 1372 4354 Patris
1399 4300 1449 4372 qni
1473 4303 1604 4370 potenter
1639 4303 1787 4368 operatur,
1825 4302 1883 4351 stat

124 4394 213 4457 rupta
228 4387 302 4442 inter
327 4389 467 4458 angulum
489 4389 620 4442 videlicet
644 4387 849 4442 occidentalem
874 4395 901 4442 et
923 4405 978 4442 an·
1032 4389 1291 4460 monssignilieans
1306 4388 1402 4454 tidem,
1426 4403 1491 4459 qnae
1514 4404 1617 4457 magna
1642 4392 1685 4440 est
1711 4387 1742 4440 in
1765 4386 1880 4452 virtute,

125 4478 229 4547 gutum
249 4477 454 4532 meridianum.
470 4477 631 4547 iongitudo
651 4489 748 4532 autem
776 4477 892 4532 edificii
916 4482 978 4533 erat
1031 4478 1363 4548 petamquesnrgensin
1385 4476 1599 4531 circumcisione
1623 4476 1754 4543 Abrabae,
1784 4481 1813 4530 et
1841 4476 1882 4530 ita

126 4566 470 4636 centirmcubitornm,et
482 4567 605 4620 latitudo
620 4567 681 4636 ejus
697 4567 909 4638 quinquaginta
930 4583 978 4620 cu·
1032 4565 1282 4638 proliciensnsqne
1299 4566 1329 4620 in
1346 4565 1448 4620 Filium
1467 4565 1585 4634 superni
1609 4565 1656 4620 boi
1677 4571 1742 4636 pust
1764 4565 1880 4620 ruinam
1930 4604 1933 4614 ,

127 4653 265 4720 bitorum‚
279 4658 308 4707 et
320 4654 441 4708 altitudo
453 4653 544 4724 ipsius
570 4653 699 4724 quinque
727 4653 914 4707 cubitorum:
939 4653 978 4708 ita
1032 4656 1174 4724 serpentis
1200 4656 1313 4726 antiqui
1337 4670 1389 4726 per
1418 4653 1554 4724 Spiritum
1584 4661 1715 4708 sanctum
1738 4653 1880 4725 inspirata

127 4749 160 4794 ut
176 4741 305 4812 ejusduo
318 4742 490 4814 parieteslin
513 4747 636 4813 utreque
658 4743 747 4795 latere
773 4741 862 4812 ipsius
884 4746 979 4796 essent
1033 4741 1208 4809 bominibus,
1225 4749 1256 4797 ut
1271 4745 1301 4796 in
1320 4743 1449 4798 borritate
1468 4742 1558 4796 Patris
1588 4741 1710 4796 fideliter
1730 4747 1880 4814 operantes

127 4830 214 4884 unius
242 4830 445 4902 longitudinis,
471 4835 499 4884 et
525 4830 575 4884 alii
597 4830 686 4902 ipsius
710 4830 766 4884 diro
796 4831 920 4900 parietes
947 4830 978 4884 in
1032 4831 1114 4886 illurn
1139 4831 1257 4886 credant
1277 4832 1505 4902 omnipotentem
1534 4832 1716 4898 essetecum,
1743 4831 1793 4902 qni
1819 4835 1879 4886 tam

123 4919 220 4974 trente
234 4924 263 4974 et
276 4919 307 4974 in
322 4921 378 4974 fine
394 4921 465 4991 ejus,
484 4920 568 4974 nnius
583 4918 752 4974 latitudinis,
774 4919 829 4973 Sed
849 4925 877 4972 et
899 4919 978 4974 idem
1032 4935 1168 4991 magnum
1179 4921 1291 4974 bostem
1306 4937 1441 4992 superare
1457 4918 1559 4991 potuit,
1577 4919 1615 4972 ita
1630 4919 1705 4990 quod
1729 4936 1781 4989 per
1802 4935 1879 4974 eam·

124 5014 251 5078 quatuor
265 5009 389 5078 parietes
417 5008 525 5079 ubique
547 5007 577 5061 iu
601 5006 720 5061 circuitu
744 5007 834 5077 ipsius
861 5007 975 5062 aedilicii
995 5009 1097 5081 fldem
1123 5008 1321 5064 eredulitatem
1346 5008 1482 5065 sublevati
1497 5009 1531 5063 ad
1559 5007 1680 5080 gloriam
1709 5007 1789 5062 illam
1810 5024 1878 5078 per-

124 5096 244 5167 sequetis
259 5102 321 5152 erat
331 5097 500 5164 altitudinis,
521 5097 644 5166 exeeptis
668 5097 891 5168 propugnaculis
916 5097 977 5166 ejus
1031 5095 1153 5164 tingant,
1173 5093 1281 5163 deque
1304 5093 1435 5150 diabolus
1455 5109 1506 5164 per
1529 5091 1694 5163 superbiam
1724 5107 1806 5146 snam
1827 5093 1876 5147 de-

124 5201 191 5256 quse
212 5184 424 5256 aliquantulum
435 5185 602 5240 eminebant
611 5184 794 5239 altitudinem
808 5183 906 5254 ipsius.
925 5185 976 5239 La·
1029 5181 1227 5254 jectnsperiit.

124 5274 218 5328 titudo
228 5279 325 5328 autem
352 5275 429 5328 inter
453 5275 549 5345 ipsum
572 5274 726 5329 editicium
741 5277 771 5327 et
794 5274 977 5344 splendorem
1066 5275 1158 5342 atquo
1174 5271 1252 5326 idem
1265 5285 1346 5326 mons
1360 5270 1470 5341 positus
1481 5275 1523 5326 est
1538 5271 1574 5326 ad
1597 5269 1720 5326 radicem
1745 5268 1875 5340 predicti

125 5379 160 5418 ex
176 5362 311 5433 praedicto
327 5363 434 5417 circulo
456 5379 486 5418 se
503 5363 533 5416 in
560 5362 734 5433 profundum
753 5360 857 5432 ¹abyssi
879 5367 975 5416 erten-
1031 5359 1134 5432 lapidis
1164 5361 1332 5433 mysterium
1363 5359 1474 5414 timoris
1499 5359 1612 5416 Domini
1636 5359 1777 5428 habentis,
1809 5360 1877 5432 quia

125 5452 240 5506 dentem
261 5458 323 5507 erat
338 5453 368 5506 in
383 5451 486 5506 vertice
502 5451 649 5507 orientalis
664 5451 762 5523 anguli
775 5450 861 5505 unius
875 5450 974 5520 palmi,
1031 5449 1101 5504 fides
1116 5451 1266 5522 conjuncta
1281 5455 1324 5504 est
1338 5447 1487 5502 stabilitati
1498 5449 1611 5504 timoris
1632 5448 1755 5510 Domini.
1788 5454 1817 5502 et
1836 5450 1873 5504 ti·

125 5539 193 5593 alibi
206 5546 314 5604 erstem,
329 5540 357 5594 id
375 5545 421 5604 ‚est
447 5540 474 5593 in
497 5541 711 5612 septentrionali
737 5545 767 5594 et
790 5541 819 5594 in
844 5539 975 5593 oeciden·
1031 5538 1219 5592 morltomini
1234 5539 1319 5592 etiam
1340 5536 1498 5591 tortitudini
1514 5538 1589 5600 fidei,
1619 5538 1724 5592 scilicet
1745 5551 1810 5592 eum
1839 5538 1873 5591 de
