3984 6034
846 146 874 203 S.
895 146 1132 205 uttuuaauuls

982 281 1145 339 structum
1160 299 1217 339 non
1231 282 1321 351 dabit,
1338 283 1405 356 quia
1417 283 1529 354 justum
1546 283 1663 339 modam
1678 281 1865 340 involutionis

306 279 514 336 RESPONSUM
533 280 778 337 uttumauhts.

239 369 287 424 Ne
298 366 339 422 ss't
351 366 507 435 instabilis,
520 384 590 423 nese
603 384 681 424 nonu
693 371 844 426 scrutetur.

156 456 274 512 Provide
297 472 334 512 ne
357 455 410 512 tihi
433 457 470 512 sit
492 456 633 512 circuiens
654 473 736 512 mens
757 457 963 527 instabilitatis,

119 545 150 601 in
169 562 227 617 qua
244 543 337 602 nubes
356 544 535 616 sapphirinei
555 545 659 601 coloris
678 562 817 618 apparere
836 563 895 602 non
910 564 964 619 po·

1018 387 1077 426 susa
1093 387 1150 426 non
1173 371 1270 427 habet.
1290 372 1324 427 Et
1345 371 1419 427 sicca
1433 376 1509 428 terra
1533 387 1598 444 quas
1616 387 1716 428 saxosa
1738 375 1781 427 ast
1794 387 1864 442 ger-

1018 457 1109 514 mInat
1131 459 1228 531 spinas
1250 464 1336 531 atqua
1362 459 1432 515 alias
1458 459 1576 515 inutiles
1602 460 1724 528 herbas,
1751 461 1792 515 sic
1819 459 1864 516 in·

1018 562 1144 619 congrua
1160 547 1344 617 absIInautia,
1360 563 1425 619 quse
1440 563 1499 604 uon
1514 547 1600 603 habet
1611 549 1721 619 justum
1746 546 1864 603 modum

1813 149 1866 204 aso
1980 119 1981 154 ³

119 639 184 703 test,
199 639 228 689 et
251 651 316 706 quae
339 633 428 690 etiam
450 634 618 705 frequenter
639 635 731 691 lucem
755 637 825 692 solis
843 637 962 709 obtegit.
1018 641 1174 692 otrentum
1196 641 1312 705 statum,
1331 637 1487 708 prosternit
1504 652 1618 691 carnem
1638 636 1774 704 homiuis,
1795 637 1866 708 quis

117 723 253 794 Idaguum
268 727 366 776 autem
384 722 511 777 studium
528 721 612 788 hahe,
631 726 665 776 ut
677 723 706 777 iu
722 724 878 780 stabilitate
894 731 963 791 stes,
1017 739 1076 779 uon
1096 725 1181 780 datur
1195 723 1221 779 ei
1242 724 1370 780 viriditas
1384 723 1469 794 justa
1490 724 1663 780 reiectionis.
1680 725 1762 800 Uuda
1776 723 1863 780 etiam

119 827 172 866 nec
198 825 436 882 unamquamque
465 825 569 864 vanam
597 827 629 865 ac
656 813 773 868 stultam
803 812 965 884 inquisilio-
1018 812 1105 868 homo
1127 813 1237 870 arescit.
1259 814 1312 870 Ubi
1335 814 1388 869 hoc
1415 818 1466 882 cst,
1489 819 1566 870 certe
1590 814 1631 869 ibi
1652 814 1787 885 peribunt
1814 829 1864 868 vo·

118 912 186 952 uem
212 898 358 965 scruteris,
384 897 522 969 quoniam
548 899 599 970 qni
624 900 678 954 hoc
700 900 819 967 iaciunt,
844 917 921 973 sepe
947 917 965 956 a
1017 902 1110 958 latites
1133 902 1261 969 virtutes,
1288 902 1396 958 scilicet
1421 902 1568 958 humilitas
1593 908 1621 957 et
1644 902 1767 958 charitas
1794 901 1864 973 pul-

118 985 259 1042 charitate
283 987 388 1043 Christi
410 986 522 1058 decepti
545 989 662 1044 cadunt.
686 989 765 1045 Sicut
787 990 876 1046 etiam
899 1007 963 1062 sap·
1017 990 1226 1047 charrimorum
1254 992 1368 1060 tiorum,
1397 990 1534 1063 quoniam
1568 991 1659 1047 nimIa
1690 991 1864 1048 abstinentia

118 1075 252 1146 phitinea
272 1076 363 1130 nubes
383 1092 435 1147 per
454 1077 681 1132 circumeuntem
702 1083 828 1134 meatem
845 1079 963 1136 instabi-
1018 1081 1095 1130 caret
1122 1075 1264 1130 viriditate
1295 1075 1443 1143 virtutum,
1473 1076 1522 1130 sed
1549 1074 1590 1130 ibi
1617 1075 1717 1131 crescit
1744 1080 1864 1130 ventosa

117 1162 206 1218 litatis
234 1162 388 1235 obtegitur,
413 1163 624 1236 amplexionem
649 1165 755 1221 Christi
783 1169 909 1236 attende,
936 1173 964 1224 et
1017 1163 1094 1218 fama
1119 1163 1293 1229 inutilitatis,
1317 1163 1416 1234 ibique
1441 1163 1597 1234 insurgunt
1623 1163 1708 1218 multi
1737 1169 1863 1218 tarrores

118 1252 216 1307 omnia
236 1252 311 1308 bona
329 1252 364 1306 ab
388 1269 423 1307 eo
447 1268 554 1324 quaere,
571 1258 600 1307 at
622 1254 664 1309 illi
687 1271 774 1327 opera
798 1261 848 1312 tua
867 1257 963 1312 mani-
1017 1253 1100 1324 qussi
1122 1252 1213 1308 sancti
1236 1253 1302 1319 siut,
1328 1257 1357 1306 et
1379 1252 1469 1306 sancti
1493 1268 1551 1306 nou
1577 1259 1653 1306 sant.
1679 1252 1733 1318 Qui
1757 1251 1786 1306 in
1809 1251 1863 1306 hac

117 1339 200 1406 festa,
219 1344 250 1394 et
270 1340 332 1411 ipse
357 1339 408 1395 tibi
431 1340 641 1396 beatitudiuem
666 1343 753 1413 dabit,
768 1344 836 1416 quia
856 1345 963 1417 absque
1017 1342 1141 1396 vanitate
1164 1347 1241 1410 sunt,
1266 1341 1445 1396 iracundiam
1474 1340 1581 1396 hahent
1607 1346 1636 1396 et
1661 1357 1721 1396 uon
1748 1356 1860 1410 pacem,

118 1444 153 1484 eo
168 1433 296 1484 vanaest
313 1428 391 1483 salus
412 1428 553 1497 homiuis;
571 1430 640 1501 quia
653 1431 746 1502 gratia
765 1437 793 1488 et
813 1434 889 1488 salus
904 1450 963 1490 non
1017 1435 1103 1501 elque
1127 1429 1157 1484 in
1180 1429 1277 1485 mulda
1302 1429 1430 1486 moribus
1452 1429 1511 1485 suis
1533 1429 1650 1484 inutiles
1671 1435 1747 1484 sunl.
1772 1431 1862 1484 Homo

117 1532 170 1586 per
184 1515 342 1584 hominem,
359 1517 406 1572 sed
422 1533 475 1589 per
489 1518 579 1572 Deum
601 1518 732 1587 habetur,
750 1520 800 1574 ubi
814 1525 844 1574 et
857 1525 963 1576 sauctae
1017 1518 1068 1590 qui
1091 1520 1150 1573 vult
1172 1521 1304 1591 regalem
1320 1519 1407 1574 vitatu
1429 1519 1457 1574 in
1480 1519 1603 1590 spiritali
1623 1519 1724 1574 habitu
1744 1517 1861 1585 habere,

117 1603 282 1676 Scripturas,
300 1620 366 1678 quaa
385 1605 420 1661 de
436 1605 533 1660 divino
551 1605 630 1661 tonte
647 1607 752 1675 ssuuut,
767 1623 908 1664 mammas
926 1608 962 1663 ad
982 1585 1143 1664 Btabescat
1167 1609 1197 1662 in
1229 1607 1373 1664 deliciosis
1402 1608 1495 1680 epulis
1527 1608 1755 1679 incongruorum
1787 1605 1864 1663 cibo·
1980 1645 1981 1652 ι

115 1693 260 1764 sugendas
283 1693 451 1749 homiuibus
471 1695 613 1765 prebent.
640 1696 721 1751 Disce
742 1712 812 1767 ergo
830 1702 864 1752 ut
888 1697 963 1754 hauc
1016 1709 1092 1760 rum,
1115 1693 1150 1750 dc
1167 1694 1273 1766 quibus
1292 1694 1407 1750 lasciuia
1422 1694 1524 1766 surgit,
1547 1693 1729 1764 tabescatque
1753 1693 1783 1748 in
1804 1693 1863 1748 Ior-

117 1782 272 1837 vanitateru
294 1781 397 1853 fugias,
418 1799 481 1855 quas
504 1783 598 1838 lucem
623 1783 692 1838 solis
713 1784 834 1855 obtegit,
855 1785 963 1842 scilicet
1016 1782 1126 1840 tissima
1150 1782 1224 1848 riuo,
1243 1782 1274 1838 iu
1296 1799 1353 1856 quo
1377 1783 1492 1838 luxuria
1516 1783 1646 1854 palpitat,
1671 1783 1776 1838 stalla
1799 1797 1863 1836 mo-

1015 1871 1111 1925 vauh'a
1131 1870 1208 1926 mala
1230 1871 1341 1926 nullutn
1364 1871 1516 1926 sanitatem
1541 1870 1685 1926 habentia.
1705 1871 1770 1926 Iissc
1791 1869 1863 1926 casti

1015 1959 1147 2014 homines
1169 1959 1296 2015 animam
1319 1975 1400 2015 suam
1422 1959 1574 2031 diligentes
1596 1959 1726 2031 tugIant;
1744 1959 1794 2014 sed
1818 1964 1861 2013 ta·

1016 2052 1181 2108 mauseolo
1207 2048 1352 2104 frumento
1373 2053 1503 2114 utantur,
1524 2053 1553 2104 st
1573 2049 1599 2102 vi
1624 2054 1708 2120 potus
1729 2049 1779 2120 qui
1802 2063 1861 2102 non

1015 2135 1118 2207 flagrat
1132 2138 1163 2192 iu
1181 2137 1248 2208 Igne
1267 2137 1371 2192 coloris
1387 2137 1440 2192 sul.
1459 2137 1541 2202 Quod
1561 2137 1672 2193 homini
1693 2136 1729 2193 ad
1748 2151 1861 2192 vescan-

1015 2225 1085 2280 dum
1104 2225 1178 2294 dedI,
1200 2241 1259 2281 non
1283 2226 1382 2280 aufero
1404 2225 1445 2296 ei;
1468 2226 1517 2280 sed
1540 2225 1692 2281 horribiles
1715 2225 1793 2282 cibos
1816 2239 1862 2282 ue

1016 2314 1085 2382 scio,
1105 2313 1172 2386 quia
1191 2314 1301 2369 vanitas
1316 2314 1346 2370 iu
1368 2314 1410 2370 eis
1430 2317 1482 2369 est.
1500 2315 1555 2369 Sed
1571 2319 1669 2369 tamen
1690 2331 1741 2386 per
1757 2315 1861 2370 Incon-

1015 2418 1117 2474 gruam
1137 2403 1339 2459 abstinentiam
1361 2403 1441 2458 nulla
1457 2402 1554 2458 anima
1571 2402 1662 2474 iuglat
1682 2404 1791 2468 adme,
1811 2400 1861 2456 sed

1015 2491 1045 2546 iu
1060 2495 1139 2546 recta
1154 2506 1290 2546 mansura
1304 2490 1377 2546 mihi
1396 2491 1542 2547 adhaereat
1556 2493 1655 2554 horno.
1673 2496 1702 2546 et
1715 2490 1797 2545 illum
1812 2505 1860 2544 re-

1015 2579 1131 2651 priarn,
1148 2595 1200 2635 uec
1224 2581 1299 2635 ullus
1322 2580 1409 2635 homo
1433 2585 1523 2635 certet
1546 2580 1576 2635 iu
1599 2580 1714 2635 fremitu
1729 2579 1861 2634 dantium

116 1885 183 1940 quse
198 1869 346 1925 homiuem
360 1885 379 1924 a
398 1870 511 1926 Christo
528 1875 651 1942 separat,
667 1876 696 1926 et
712 1872 744 1926 in
762 1877 903 1930 aternam
919 1873 962 1929 ri·

115 1973 174 2026 sss,
188 1962 217 2012 et
231 1974 247 2012 a
259 1956 372 2014 Christo
387 1959 581 2015 coronaberis.

388 2065 554 2122 EPISTOLA
574 2066 686 2123 XCVIII.

134 2167 164 2204 ιι.
183 2166 333 2207 ssuarrsan
350 2169 379 2207 m
399 2166 669 2209 wmunaaswmasus
687 2171 722 2209 sn
741 2169 942 2212 armachanus.

120 2240 159 2296 Ut
171 2256 202 2295 se
215 2255 343 2314 suusque
355 2240 386 2296 in
397 2241 528 2310 fitiorum
539 2259 659 2299 numero
669 2243 823 2300 admittere
832 2243 911 2313 uelit,
927 2261 963 2300 cc

387 2311 520 2384 presidia
537 2314 685 2384 adjurare.

152 2399 319 2456 Hrnuscaam
354 2401 481 2458 dominus
517 2407 546 2457 ct
581 2403 668 2458 matri
703 2403 960 2470 reverendissimae,

116 2488 197 2543 omni
216 2490 299 2545 laude
323 2490 511 2562 dignissimae,
536 2493 571 2548 tt.
595 2490 645 2547 ilci
668 2491 762 2565 gratia
779 2493 855 2548 dicta
873 2493 961 2548 abba·

115 2575 184 2632 tlssa
224 2576 255 2632 iu
293 2579 575 2648 wethderswinkele,
609 2597 674 2636 cum
710 2580 845 2637 omthus
882 2597 961 2636 soro·

115 2664 195 2720 ribus
220 2665 289 2731 suis,
312 2667 429 2724 filialem
453 2668 637 2725 dilectionem
666 2673 696 2724 et
722 2685 838 2726 omnem
865 2670 961 2741 subje-
1015 2684 1133 2724 suorum
1157 2685 1206 2740 pro
1224 2685 1282 2724 uon
1302 2668 1422 2724 emerito
1442 2668 1562 2740 praemio
1582 2669 1611 2724 in
1632 2667 1861 2740 operibus,qnia

114 2754 250 2811 ctionem.
1016 2756 1053 2812 do
1082 2756 1236 2827 unicquue
1260 2757 1342 2827 juxta
1371 2757 1546 2824 mercedem,
1571 2757 1729 2812 secuudum
1759 2755 1862 2810 marita

150 2843 290 2908 Quoniam
313 2844 433 2901 odorem
452 2846 611 2903 sanctitatis
629 2851 731 2903 restrae
746 2848 833 2920 longa
847 2848 962 2920 lateque
981 2861 1078 2935 Caua,
1095 2851 1128 2900 ut
1139 2861 1185 2900 me
1198 2849 1286 2900 amat.

114 2949 167 3004 per
181 2933 279 2988 orbem
296 2939 381 2990 terra
395 2935 532 2992 diffusum
547 2937 599 2992 Dei
613 2937 707 3009 gratia
725 2936 755 2992 in
772 2941 886 2993 tantum
898 2953 958 2992 cra·

114 3022 187 3077 risse
209 3023 404 3093 cognorimus,
421 3029 452 3079 at
472 3025 535 3095 jam
555 3025 585 3078 in
603 3030 665 3102 toto
686 3025 797 3080 mundo
821 3025 960 3080 virtutum
1103 3041 1131 3079 a.
1151 3039 1304 3080 aaaarrssn
1323 3039 1356 3078 na
1376 3038 1498 3079 auruum
1516 3039 1552 3078 an
1570 3038 1771 3078 sinuessanus.

114 3114 275 3165 vestrarum
290 3110 416 3183 insigma
432 3113 467 3168 ab
485 3113 626 3168 universis
641 3114 770 3169 IIchesiae
789 3113 856 3170 tiliis
872 3115 960 3186 digna
1042 3112 1267 3184 congratulatur
1280 3112 1316 3167 dc
1330 3110 1384 3167 Dei
1394 3110 1487 3179 donia
1501 3113 1637 3183 optatque
1651 3126 1715 3166 eum
1730 3110 1833 3166 uidere

115 3199 297 3255 veneratione
332 3202 616 3271 commendarentur,
648 3219 702 3258 nos
736 3219 863 3275 quoque,
893 3203 961 3258 licat
1051 3201 1179 3256 Itominoe
1194 3206 1223 3256 at
1239 3201 1324 3256 matri
1339 3203 1373 3257 II.
1390 3201 1501 3256 dilectas
1518 3205 1547 3254 et
1563 3199 1765 3255 venerahiIIIn
1781 3198 1861 3255 Chri-

114 3285 243 3358 indigme
267 3287 399 3359 specialis
421 3289 582 3346 dilectionIs
601 3290 764 3362 privilcho,
784 3291 960 3347 matcruItati
1015 3294 1058 3344 sto
1085 3305 1202 3361 suasque
1224 3289 1385 3345 dilectionis
1411 3288 1531 3353 intima,
1557 3289 1589 3343 II.
1618 3286 1771 3354 abbatissa,
1794 3287 1861 3342 licet

115 3378 217 3430 vestra
238 3375 340 3429 ascribi
365 3381 510 3446 optantes,
535 3381 677 3448 quantum
702 3377 769 3432 licet
790 3392 844 3449 pro
869 3377 961 3434 nostri
1014 3377 1170 3445 immerita,
1201 3378 1236 3433 de
1264 3377 1395 3445 althena,
1422 3383 1452 3432 et
1483 3377 1625 3447 peccatrix
1654 3377 1796 3447 paenitens
1823 3376 1860 3432 ad

115 3460 265 3532 parvitate,
304 3467 391 3519 mutas
428 3463 563 3536 dignitati
601 3469 701 3520 restrae
733 3466 958 3538 congaudemus.
1015 3466 1102 3538 pedes
1118 3467 1184 3522 lesu
1200 3481 1267 3522 curn
1287 3466 1375 3522 liaris
1393 3466 1504 3532 sedens,
1520 3465 1661 3522 Dilectum
1679 3477 1763 3519 suum
1786 3463 1861 3520 vidc-

115 3550 304 3623 Quapropter,
324 3551 489 3608 dulcissima
512 3558 613 3621 mater,
638 3554 812 3609 sanctitatem
837 3560 960 3611 vacuam
1015 3569 1046 3610 rc
1060 3554 1144 3610 sicuti
1158 3559 1208 3610 est.

115 3643 176 3695 toto
189 3640 285 3696 cordis
305 3640 405 3696 affectu
421 3641 619 3713 imploramus,
640 3647 672 3697 ut
688 3657 742 3696 uos
755 3642 883 3698 libanum
899 3644 960 3699 Ioco
1051 3643 1271 3714 Cougratulator
1291 3648 1392 3698 vestras
1414 3640 1597 3708 beatitudiuI,
1619 3639 1748 3696 omnium
1776 3640 1859 3696 femi·

1302 2934 1468 2992 EPISTOLA
1486 2934 1574 2990 XOEII.

116 3729 253 3800 recipere,
274 3735 303 3785 et
320 3735 485 3786 sanctarum
503 3745 621 3801 precum
640 3734 800 3788 vestrarum
819 3732 961 3789 tutamiue
1016 3747 1118 3788 aarum
1139 3731 1331 3796 allectissima,
1355 3747 1430 3804 quae,
1455 3731 1528 3786 sicut
1550 3729 1580 3784 in
1607 3729 1718 3784 chIctis
1741 3729 1861 3784 eviden-

114 3819 265 3875 coniovera
286 3818 455 3890 dignemini,
477 3824 631 3891 quatenus,
654 3819 753 3874 vestris
774 3821 961 3876 sanctissImis
1015 3819 1134 3876 tissimis
1155 3820 1271 3892 probari
1290 3825 1395 3891 potest,
1419 3835 1506 3890 quem
1527 3818 1623 3890 diligIt
1641 3818 1736 3872 anima
1757 3821 1859 3885 vestra,

115 3906 325 3978 opitulantibus
346 3907 466 3973 meritis,
486 3913 610 3980 arreptoe
630 3907 682 3962 vin
702 3908 829 3964 stadium
843 3910 960 3966 tandem
1016 3913 1158 3982 quantum
1177 3907 1345 3964 mortalibus
1359 3907 1495 3980 possibile
1511 3911 1565 3974 est,
1586 3906 1747 3972 tumuistis,
1763 3907 1862 3976 etjam

115 3994 283 4066 contingere
305 4011 479 4051 mereamur.
496 3997 554 4066 ligo
571 4001 669 4051 autem
689 4012 754 4068 quas
775 3997 886 4052 caeteris
901 4013 961 4053 non
1013 3997 1074 4069 jam
1102 3997 1253 4068 cumipse
1279 3997 1309 4052 in
1330 4003 1439 4052 secreto
1468 3995 1563 4052 cordis
1589 3994 1716 4066 periculo
1742 3995 1863 4050 feliciter

115 4083 236 4151 meritis,
253 4083 302 4137 aed
322 4085 384 4138 sola
402 4083 526 4138 nominis
539 4084 680 4155 dignilate
698 4089 835 4156 prestare
849 4084 957 4154 videor,
1015 4101 1118 4143 saccus
1142 4086 1260 4156 gustaIIs
1280 4091 1308 4140 at
1329 4085 1440 4150 videtis,
1458 4084 1594 4156 quoniam
1619 4084 1713 4138 suasis
1737 4087 1780 4138 est
1803 4084 1860 4139 uo-

115 4171 227 4226 obuisis
253 4171 386 4242 precibus
409 4170 552 4226 sanctitati
579 4177 681 4234 vestra
707 4173 848 4245 singulari
874 4174 958 4230 doro·
977 4159 1000 4213 Ῑ)
1016 4174 1121 4242 miuus,
1152 4175 1289 4247 quodque
1321 4172 1361 4228 its
1393 4189 1454 4228 esse
1488 4172 1645 4243 perpendo,
1669 4175 1782 4242 oportet
1814 4187 1861 4226 ms

114 4259 194 4314 tione
209 4274 255 4314 me
278 4259 437 4324 committo,
453 4275 538 4315 orans
562 4265 593 4315 ut
615 4261 663 4332 pio
684 4262 848 4317 orationum
869 4262 958 4318 inter·
1013 4263 1215 4336 equanimiter
1238 4262 1324 4330 ierre,
1349 4261 1427 4334 quod
1453 4262 1543 4316 multo
1567 4261 1630 4331 jam
1651 4264 1782 4331 tempore
1809 4275 1861 4330 per

113 4352 212 4416 ventu,
227 4346 267 4402 ita
281 4347 413 4403 omnium
434 4346 504 4402 mihi
520 4349 737 4405 commissarum
754 4365 853 4406 curam
873 4366 959 4424 agere
1013 4351 1122 4407 litteras
1145 4355 1251 4406 vestras
1274 4351 1390 4405 visitare
1409 4365 1456 4405 me
1481 4348 1560 4404 vobis
1582 4353 1639 4404 tam
1660 4348 1793 4403 devotam
1815 4363 1861 4402 ue

112 4436 230 4506 possim,
247 4437 323 4509 quod
339 4437 449 4509 pariter
464 4453 529 4493 cum
550 4438 607 4492 illis
625 4438 655 4493 iu
675 4445 784 4494 oeterua
802 4438 859 4494 rita
873 4438 958 4494 vestri
1012 4440 1151 4512 glcxistis.
1174 4439 1264 4496 Credo
1289 4439 1366 4494 enim
1391 4437 1467 4509 quod
1492 4437 1516 4492 si
1543 4436 1589 4491 vel
1612 4436 1648 4491 ad
1679 4441 1859 4492 momentum

112 4541 229 4581 consors
245 4525 361 4581 eIflciar.
387 4526 507 4598 Semper
527 4532 640 4598 optasse
661 4544 707 4582 me
733 4527 833 4584 scitote
848 4527 958 4600 aliquid
1011 4529 1102 4586 aciem
1122 4529 1227 4584 mentis
1244 4529 1280 4584 ab
1299 4528 1406 4582 intuitu
1423 4527 1525 4582 Ililecti
1542 4525 1628 4582 vestri
1644 4526 1800 4594 reflectere,
1817 4530 1859 4581 at-

112 4613 148 4669 de
172 4614 252 4670 vobis
273 4615 414 4686 achpere,
437 4631 489 4686 per
511 4617 590 4688 quod
612 4617 698 4672 vestri
719 4616 888 4673 memoriam
912 4618 960 4672 ha·
1012 4633 1070 4690 que
1093 4619 1195 4689 pedem
1217 4621 1295 4672 extra
1318 4616 1513 4672 habitaculum
1534 4615 1639 4687 quletis
1658 4629 1772 4670 movere
1794 4631 1858 4685 pos-

111 4701 180 4758 bere
200 4702 321 4772 possim,
336 4703 467 4759 videlicet
490 4703 600 4760 litteras
621 4706 867 4774 commonitorias,
887 4721 959 4779 quas
1012 4706 1089 4774 setis,
1106 4705 1226 4761 minime
1243 4705 1425 4772 omitteretis,
1442 4705 1513 4776 quin
1533 4703 1638 4774 saepius
1658 4719 1704 4758 me
1720 4717 1772 4774 per
1785 4718 1859 4758 uuu-

111 4806 165 4861 pro
192 4790 243 4844 Ilei
272 4807 371 4846 amore
399 4791 502 4848 libenti
527 4792 624 4848 animo
651 4810 766 4866 semper
791 4795 957 4851 observabo.
1011 4795 1084 4850 tium
1105 4799 1230 4850 vestrum
1251 4793 1393 4849 consolari
1417 4793 1559 4862 laceretis,
1574 4791 1624 4864 qui
1645 4797 1675 4847 et
1691 4807 1737 4846 me
1755 4791 1791 4846 de
1807 4796 1861 4846 sta·

110 4877 247 4943 Quaedam
270 4880 358 4936 etiam
383 4896 418 4935 ex
444 4881 590 4937 sororibus
614 4883 719 4938 nostrIs
741 4884 858 4956 speciali
886 4883 959 4940 dila·
1012 4889 1058 4940 tus
1073 4883 1158 4940 vestri
1173 4882 1309 4955 qualitate
1331 4881 1498 4949 laetificaret,
1522 4887 1552 4936 et
1571 4881 1606 4936 da
1629 4895 1694 4935 meo
1715 4880 1795 4936 vohis
1814 4895 1859 4934 re·

111 4968 205 5022 ctione
225 4983 276 5022 vos
296 4969 530 5040 complectentes,
551 4970 652 5026 vestris
672 4971 835 5042 purissimis
856 4986 960 5044 seper
1014 4971 1110 5028 ferret.
1132 4972 1203 5027 Nam
1218 4975 1247 5026 et
1267 4971 1365 5026 sinon
1385 4970 1501 5026 dabltur
1514 4968 1587 5025 mihi
1607 4969 1742 5024 dilectam
1757 4968 1858 5023 taciem

112 5057 211 5112 omnia
224 5056 628 5114 commendantorationibus.
1011 5065 1135 5116 vestram
1160 5060 1236 5115 ultra
1257 5059 1288 5113 in
1307 5059 1360 5115 hac
1379 5059 1437 5114 vita
1457 5057 1566 5124 ridere,
1586 5057 1662 5129 quad
1687 5057 1749 5112 sius
1767 5057 1859 5127 lacry-

301 5146 507 5204 IIESPONSUII
527 5147 771 5204 niuhseinais.
1013 5148 1066 5205 mis
1082 5164 1139 5205 uon
1154 5163 1272 5220 possum
1287 5147 1393 5215 dicere,
1408 5149 1471 5202 laeta
1489 5152 1586 5202 tamen
1600 5161 1714 5217 semper
1730 5145 1765 5200 da
1779 5145 1861 5200 vobis

178 5234 217 5286 In
229 5233 408 5291 abstinentia
420 5235 591 5292 amandum
604 5251 667 5292 erse
680 5234 890 5294 discretionem.
1013 5254 1073 5305 cro,
1094 5237 1202 5310 qnippe
1223 5252 1311 5309 quam
1328 5242 1360 5292 ut
1380 5235 1528 5308 propriam
1552 5235 1680 5290 aniinam
1697 5234 1785 5289 statui
1798 5233 1861 5288 dili-

147 5319 251 5376 Vivens
273 5323 329 5378 tor
352 5322 422 5378 dicit
448 5339 455 5378 :
480 5323 600 5380 Aridum
621 5325 754 5380 sabulum
777 5323 881 5382 inutile
903 5328 956 5393 est,
1013 5342 1091 5398 gers.
1109 5326 1289 5397 Quapropter
1313 5326 1396 5382 oculo
1420 5324 1561 5380 amnonis
1585 5323 1685 5380 videbo
1708 5337 1767 5390 vos,
1792 5337 1861 5394 quo-

114 5413 143 5465 et
168 5414 245 5464 terra
266 5426 331 5482 quae
352 5427 403 5484 per
424 5417 552 5468 aratrum
573 5413 662 5470 nimis
683 5414 827 5486 frangitur
849 5420 959 5471 rectum
1015 5429 1105 5486 usqua
1119 5413 1321 5484 perveniamus
1335 5411 1404 5468 illuc
1418 5428 1477 5484 quo
1493 5417 1523 5468 ct
1540 5427 1593 5467 nos
1608 5411 1731 5466 invicem
1744 5415 1861 5466 asterus·
