3984 6034
98 294 169 350 ¹265
676 296 834 352 Peisius.
849 324 885 337 -
898 296 966 352 tlu.
989 298 1019 362 v,
1040 296 1085 350 DE
1105 296 1271 353 ulscluus.
1785 304 1850 356 luto

93 425 234 482 ialerunt.
255 426 327 481 Nam
348 426 373 479 si
394 425 460 498 quis
482 425 571 481 homo
597 426 628 481 iu
648 443 682 482 os
703 442 787 482 sunm
808 431 939 498 poneret,
959 428 1065 491 Alam,
1088 442 1176 499 quiana
1199 426 1304 481 vermis
1328 427 1358 483 iu
1389 428 1486 499 aliquo
1507 429 1570 483 loco
1595 444 1647 483 suo
1673 428 1842 497 comederit,

93 513 164 569 inde
183 514 270 569 telem
293 512 491 569 infirmitatem
514 513 570 571 sibi
591 514 653 570 lere
675 516 833 570 attraheret
853 518 883 569 et
905 513 945 569 ita
1000 520 1108 570 cretam
1119 514 1239 587 accipiat
1248 520 1276 569 et
1291 514 1334 569 his
1347 520 1458 570 tentum
1472 517 1507 571 de
1518 517 1620 584 aridem
1631 523 1661 571 et
1674 532 1709 572 ex
1722 517 1768 573 hIs
1782 532 1848 572 curn

92 602 292 657 infirmaretur
314 602 395 657 velut
414 602 530 674 aliquoi
552 617 696 658 venenam
711 602 895 674 sumpsisset3
916 607 946 657 et
1000 608 1079 658 aceto
1094 620 1144 659 seu
1158 604 1224 657 rino
1243 603 1319 658 velut
1341 607 1427 659 tenue
1447 609 1619 660 caementum
1642 604 1738 665 faciat.
1761 609 1849 675 atqua

92 689 184 745 siens
203 690 289 745 etiem
311 688 348 745 ad
367 695 463 745 cotem
479 705 561 745 seam
580 697 710 762 poneret,
726 690 767 747 ita
781 692 857 764 quod
877 706 944 747 caro
998 690 1074 745 istud
1091 693 1163 758 loco,
1177 691 1229 747 uhi
1244 706 1371 746 vermem
1391 692 1509 763 patitur,
1529 708 1594 747 oum
1615 707 1711 763 penna
1725 692 1848 759 emittet,

92 778 158 848 ejus
171 777 207 832 ab
223 777 292 850 ipsis
306 778 500 845 incalesceret,
523 794 667 833 maenum
681 795 715 834 er
730 780 773 834 eis
787 780 817 833 in
837 796 868 835 se
886 786 944 834 tra·
999 786 1028 835 el
1046 781 1100 835 hoc
1116 796 1168 851 per
1181 780 1310 851 stngulos
1324 780 1384 833 dies
1401 796 1492 851 osque
1507 781 1541 835 ad
1556 780 1687 851 quietum
1710 781 1786 836 diem
1806 782 1847 836 la·

93 865 188 928 heret,
202 871 233 921 et
253 866 309 921 hoc
325 866 411 921 modo
432 866 564 921 intirmus
587 867 751 922 alliceretur
771 874 801 923 et
823 868 944 924 dolaret
998 868 1071 936 ciat,
1094 873 1193 940 postea
1217 872 1312 923 sumat
1333 870 1406 935 eloe,
1432 874 1462 922 et
1476 868 1633 923 secundnm
1649 869 1712 938 ejus
1732 869 1848 924 tertiam

270 953 336 1009 Car.
356 952 451 1008 llillll.
472 984 508 995 --
522 954 565 1009 Dr
585 955 770 1011 (ἓοιιιιιιοιιι.
999 960 1111 1028 partem
1136 970 1274 1027 myrram,
1289 960 1318 1008 st
1336 953 1423 1009 simol
1438 961 1524 1021 terat,
1548 959 1634 1027 atque
1654 971 1688 1010 ex
1712 955 1757 1010 his
1780 972 1847 1011 cum

129 1040 283 1095 Cornelioa
296 1042 361 1113 plus
374 1041 411 1096 de
430 1042 522 1097 ualido
537 1058 603 1098 aare
616 1057 704 1114 qnam
719 1044 755 1099 de
770 1042 876 1114 trigido
890 1048 942 1098 est
999 1044 1104 1099 recenti
1126 1059 1192 1099 cera
1212 1060 1264 1114 ayn
1283 1044 1388 1117 plaster
1407 1050 1498 1115 paret,
1524 1048 1553 1099 et
1574 1043 1731 1099 canabineo
1751 1060 1848 1115 panno

93 1129 174 1197 etun
189 1144 277 1185 arene
297 1129 449 1201 reperitur.
470 1130 543 1185 Etsi
564 1131 650 1187 alicui
669 1132 785 1203 unguis
806 1132 842 1187 de
865 1132 944 1187 nari·
998 1137 1185 1205 superponat,
1203 1138 1231 1187 et
1253 1132 1294 1187 ita
1319 1148 1406 1203 super
1426 1133 1520 1187 locum
1546 1132 1654 1187 doloris
1674 1148 1725 1204 per
1741 1133 1849 1189 duode-

93 1216 149 1271 bus
173 1215 246 1280 lloit,
267 1217 366 1273 vinum
390 1218 505 1285 caietae,
524 1224 554 1272 et
568 1218 704 1273 calefacto
721 1220 868 1275 cornelion
892 1220 944 1274 im·
998 1222 1055 1277 cim
1069 1221 1130 1277 dies
1146 1221 1224 1293 liget.
1245 1222 1315 1277 llam
1330 1225 1408 1276 creta
1422 1220 1514 1275 calida
1534 1225 1578 1276 est
1591 1226 1621 1276 et
1636 1222 1714 1277 crido
1732 1221 1847 1293 frigide,

93 1320 182 1375 pone,
198 1310 228 1360 et
241 1306 282 1360 sic
297 1305 339 1361 illi
354 1306 390 1361 ad
405 1305 564 1363 bibendum
579 1308 627 1374 da,
643 1313 672 1363 st
690 1308 808 1379 sangnis
826 1308 943 1365 elllnare
998 1310 1163 1365 etsiccalor
1175 1316 1260 1365 creto
1274 1325 1340 1365 cum
1355 1308 1512 1380 frigiditate
1528 1308 1615 1364 cridae
1629 1316 1657 1364 et
1673 1324 1739 1364 cum
1754 1311 1849 1364 calore

94 1392 227 1449 cessabit.
998 1402 1027 1454 et
1044 1399 1177 1453 acumine
1201 1399 1262 1453 vini
1284 1402 1460 1469 temperatus
1480 1412 1593 1453 vermes
1614 1398 1846 1453 commortificat.

281 1480 346 1536 Car.
366 1480 454 1536 xxiii.
475 1510 508 1523 -
528 1482 570 1537 llo
587 1485 758 1539 Διιιιιτιο.
999 1488 1054 1544 Sed
1065 1487 1213 1541 morales
1229 1486 1353 1558 myrrhas
1364 1490 1541 1557 augmentat,
1551 1485 1719 1557 putredines
1734 1500 1848 1540 eornm·

128 1569 311 1624 Alabastrum
346 1585 399 1624 nec
431 1574 541 1625 rectum
574 1572 710 1639 calorem,
745 1587 799 1627 nec
831 1580 943 1627 rectum
1000 1577 1064 1631 dem
1080 1577 1208 1630 ulcerum
1224 1575 1358 1641 extrahit,
1375 1574 1551 1629 eteumdem
1568 1574 1664 1629 locum
1680 1579 1772 1629 sanat.

91 1657 184 1728 frigus
207 1657 239 1711 in
259 1674 289 1712 se
312 1657 410 1727 hebet,
435 1660 483 1714 sed
507 1660 538 1714 in
561 1665 685 1731 utroque
704 1661 787 1732 qussi
810 1662 985 1761 tepidumB
1119 1663 1184 1718 Gar.
1205 1662 1293 1717 XXVI.
1314 1692 1348 1703 -
1369 1662 1408 1716 lla
1426 1661 1549 1717 Cosanis
1569 1660 1726 1715 menorans.

92 1749 147 1811 est,
163 1744 205 1799 ita
226 1745 410 1817 quodetiam
433 1746 579 1803 modiciae
599 1747 632 1802 in
656 1749 765 1805 colere
783 1764 842 1805 noa
859 1764 944 1821 repe-
1033 1749 1136 1807 Ctetsri
1157 1748 1267 1819 lapidas
1281 1748 1331 1820 qui
1346 1748 1377 1803 in
1396 1748 1508 1804 diversa
1528 1753 1605 1802 terra
1620 1752 1649 1801 et
1668 1745 1788 1801 diversis
1801 1761 1846 1801 re-

92 1832 178 1887 ritur.
998 1838 1131 1909 globibus
1152 1837 1209 1893 orti
1223 1842 1297 1905 sunt,
1312 1843 1341 1892 et
1361 1836 1487 1891 diuersas
1511 1842 1627 1891 naturas
1646 1840 1733 1905 atquc
1754 1834 1848 1889 diver·

316 1922 383 1980 cas.
402 1923 478 1979 xxv.
499 1952 534 1963 -
553 1924 594 1979 lla
612 1925 713 1980 Cauca
997 1942 1044 1981 sos
1068 1926 1177 1981 colores
1201 1926 1237 1981 de
1253 1926 1337 1981 terris
1353 1926 1503 1996 inquibus
1522 1925 1583 1980 nati
1604 1930 1683 1991 sunt,
1700 1922 1755 1979 sibi
1778 1938 1846 1977 oon-

129 2007 196 2067 Cslx
220 2009 329 2065 calidos
349 2014 402 2078 est,
424 2010 460 2065 de
484 2026 542 2083 qno
566 2017 644 2067 creta
662 2011 705 2077 tlt,
724 2027 790 2068 cum
810 2012 944 2069 incensos
996 2012 1126 2081 trahunt,
1149 2014 1184 2068 ad
1214 2014 1423 2069 medicamento
1455 2028 1512 2068 non
1539 2014 1667 2070 multum
1682 2012 1787 2078 valent,
1815 2014 1848 2066 ut

92 2097 192 2163 luerit,
215 2097 293 2153 unde
317 2104 347 2153 et
371 2105 449 2154 creta
479 2099 580 2155 calida.
610 2101 771 2156 Nemeum
798 2101 861 2155 calx
892 2116 944 2172 per
996 2115 1135 2169 marmor,
1168 2104 1336 2169 amasstcin,
1359 2102 1514 2168 oculstcin,
1538 2102 1695 2169 ducksteyn,
1725 2100 1845 2165 sooclten,

93 2186 192 2257 ignem
209 2186 242 2241 in
264 2186 413 2257 pulsarem
435 2188 585 2259 redigitur,
615 2188 707 2260 magis
731 2188 891 2256 roboratur,
914 2195 944 2245 et
996 2196 1026 2245 et
1043 2190 1161 2259 similes,
1186 2190 1255 2261 quie
1279 2189 1369 2245 nimia
1387 2190 1543 2245 humiditas
1568 2195 1619 2244 aut
1632 2188 1723 2243 nimia
1736 2188 1847 2243 siccitas

92 2278 200 2329 terram
212 2290 246 2330 ac
261 2290 380 2330 annam
394 2274 463 2347 igne
474 2292 527 2331 sno
540 2276 732 2347 conglutinat.
748 2278 802 2333 Sed
818 2276 842 2333 si
858 2280 943 2333 homo
995 2277 1027 2332 in
1044 2278 1086 2333 eis
1102 2284 1155 2345 est,
1173 2294 1239 2350 quae
1263 2280 1341 2332 recta
1361 2276 1487 2333 siccitate
1509 2293 1567 2332 oon
1586 2280 1774 2348 temperetur,
1798 2279 1848 2329 aot

93 2368 145 2416 sut
158 2377 246 2432 pecua
260 2362 296 2417 de
311 2364 387 2417 calce
404 2364 573 2429 comederit,
589 2364 728 2420 tortitudo
747 2366 852 2421 caloris
865 2366 944 2420 illius
995 2366 1027 2421 in
1042 2366 1147 2437 quibua
1163 2365 1253 2421 nimia
1263 2366 1374 2421 siccitas
1384 2372 1428 2421 est
1438 2382 1501 2437 ques
1514 2370 1592 2422 recta
1604 2364 1775 2421 humiditate
1789 2378 1847 2419 non

94 2451 294 2507 comedentem
324 2451 446 2507 destruit
466 2458 496 2507 et
518 2452 660 2507 infirmari
682 2453 758 2508 facil.
781 2454 871 2509 llomo
891 2470 942 2508 aar·
996 2453 1189 2509 humectatur.

501 2549 661 2606 exuttctu
679 2550 784 2606 tlueu
803 2551 954 2608 Tausius
973 2550 1160 2621 (QUARTUS)
1181 2552 1227 2607 ul:
1248 2550 1441 2609 LAPIDIBUS.

302 2822 573 2933 INCIPIT
617 2822 834 2934 Lluuli
877 2822 1212 2953 QUARTUS
1258 2802 1633 2952 (QUINTUS).

803 3050 870 3138 DE
903 3048 1137 3141 PISGIBUS.

719 3336 1217 3443 PRAEFATIO.

128 3538 250 3605 Quidam
265 3536 356 3609 pisces
372 3539 449 3604 sunt,
466 3536 515 3607 qni
538 3536 574 3591 de
593 3540 696 3591 natura
711 3551 762 3590 sna
783 3536 858 3591 circa
871 3536 939 3591 lun·
959 3536 1065 3593 Cdum
1083 3536 1148 3607 plus
1173 3535 1381 3590 confortantur.
1397 3540 1425 3588 et
1440 3539 1509 3589 tunc
1530 3535 1636 3589 iterum
1657 3536 1789 3603 teucheot,
1807 3534 1847 3588 ita

94 3628 165 3683 dnm
182 3624 269 3681 maris
284 3624 480 3680 etilominum
493 3628 658 3691 versamur,
674 3626 703 3678 et
716 3623 758 3679 ibi
773 3640 943 3695 pascuosae
996 3625 1074 3697 qood
1097 3624 1192 3680 saltim
1222 3624 1361 3679 allartio
1386 3638 1477 3695 usque
1503 3623 1538 3679 ad
1562 3627 1734 3679 autumnum
1757 3625 1846 3692 rosim

93 3719 238 3789 quaerant,
260 3716 289 3769 et
303 3712 425 3769 lundurn
442 3711 483 3768 ita
500 3712 620 3780 sulcant,
633 3712 712 3767 velut
729 3712 811 3784 porci
825 3718 943 3778 terram,
997 3728 1082 3767 sunm
1097 3712 1258 3767 effundunt.

94 3809 123 3862 et
140 3804 180 3861 ibi
206 3802 346 3876 quasdam
368 3801 477 3857 radices
502 3802 532 3856 in
549 3800 721 3873 quibusdam
743 3800 841 3856 herbis
863 3815 943 3855 com·
1032 3800 1087 3856 Sed
1112 3800 1167 3855 alii·
1184 3800 1275 3874 pisces
1296 3799 1438 3871 suntdal
1462 3798 1494 3854 In
1515 3799 1671 3855 medietate
1693 3802 1721 3853 et
1742 3798 1773 3854 in
1795 3816 1846 3870 pu·

94 3894 194 3961 edunt,
212 3891 315 3963 quibus
330 3890 380 3945 diu
401 3890 511 3957 vivunt,
536 3894 564 3944 at
578 3889 634 3945 alia
654 3904 835 3961 quacunque
850 3886 944 3962 pastui
998 3888 1081 3945 ritate
1105 3889 1193 3944 maris
1216 3893 1244 3944 et
1267 3888 1391 3944 aliorum
1420 3886 1575 3943 fluviorum
1607 3888 1754 3959 praeprue
1782 3903 1844 3942 rer·

94 3998 146 4038 suo
167 3978 352 4044 conveniunt,
377 3978 417 4033 ibi
440 3991 554 4049 semper
577 3984 713 4050 quaerunt
738 3978 784 4046 (l),
807 3982 835 4034 et
856 3976 942 4031 etiem
997 3982 1099 4033 santur
1112 3981 1141 4032 et
1158 3978 1197 4032 ibi
1214 3992 1319 4050 pascua
1334 3992 1386 4031 sna
1400 3980 1545 4049 quierunt,
1560 3980 1588 4031 et
1605 3976 1644 4032 ibi
1657 3976 1742 4031 eliam
1758 3990 1846 4049 quas-

94 4069 241 4127 Interdum
270 4068 330 4122 fere
358 4066 393 4122 ad
429 4065 613 4122 medietatem
636 4066 766 4137 ipsorum
792 4065 943 4139 [aquarum
997 4067 1062 4122 dem
1077 4067 1181 4122 herbas
1203 4068 1234 4121 in
1255 4066 1503 4139 proeminentibus
1521 4065 1645 4137 scopulis
1660 4065 1742 4121 valde
1763 4080 1845 4120 sanes

94 4158 150 4229 ed]
166 4157 334 4224 escendunt,
351 4160 380 4211 et
394 4155 542 4211 interdum
562 4155 596 4211 ad
612 4154 735 4210 fundum
755 4154 942 4220 descendunt,
997 4154 1159 4223 inveniunt,
1185 4153 1220 4209 de
1244 4153 1348 4225 quibus
1370 4158 1537 4226 pascuntur,
1562 4152 1669 4208 scilicet
1691 4168 1757 4225 quoe
1781 4158 1844 4209 tan-

95 4250 123 4302 et
145 4245 185 4300 ibi
208 4246 354 4317 praecipue
372 4248 500 4299 manent.
527 4244 562 4299 lit
586 4259 652 4299 caro
676 4244 797 4299 istorum
813 4242 943 4315 aliquan·
996 4248 1056 4299 tam
1076 4244 1227 4299 sanitatem
1244 4243 1275 4298 in
1294 4258 1323 4297 se
1345 4243 1462 4310 habant,
1477 4248 1508 4297 ut
1520 4243 1545 4297 si
1562 4242 1649 4298 homo
1662 4258 1710 4298 eas
1728 4242 1845 4298 haurire

95 4340 158 4390 tum
174 4333 270 4388 mollis
285 4339 314 4388 et
327 4332 444 4389 iollrma
460 4336 517 4402 est;
534 4348 587 4387 neo
602 4332 637 4387 sd
654 4330 864 4387 comedendum
882 4330 945 4386 soni
996 4338 1103 4404 posset,
1126 4348 1242 4388 omnem
1266 4331 1463 4388 infirmitatem
1479 4347 1531 4404 per
1545 4332 1622 4403 ipsas
1637 4348 1653 4386 a
1672 4348 1702 4387 se
1717 4332 1846 4403 depelle-

95 4427 173 4489 sunt,
196 4421 265 4494 quia
286 4420 361 4476 circa
381 4420 504 4476 lundmn
532 4435 675 4492 aquarum
694 4435 809 4493 semper
829 4434 945 4475 venan-
997 4426 1050 4477 rel.
1075 4422 1109 4475 Et
1131 4422 1222 4493 pisces
1252 4420 1301 4475 isti
1322 4422 1358 4476 ad
1385 4419 1597 4475 comedendum
1622 4418 1685 4473 sani
1711 4423 1788 4481 sunt.
1816 4423 1846 4473 et

96 4515 152 4566 tur.
177 4510 211 4565 Et
232 4510 350 4581 quidam
371 4524 406 4565 ex
431 4509 492 4565 istis
512 4509 589 4567 diam
619 4514 649 4565 et
671 4507 738 4565 solis
760 4507 944 4580 splendorem
997 4526 1062 4565 caro
1077 4510 1193 4565 illorum
1207 4510 1387 4580 aliquantum
1406 4508 1488 4564 fortis
1509 4513 1561 4573 est,
1577 4508 1646 4579 qula
1665 4507 1695 4562 in
1720 4508 1860 4579 puritate¹

94 4599 160 4670 plns
182 4596 420 4669 diligunt-quam
441 4600 555 4653 noctem
578 4602 629 4652 aut
651 4598 728 4652 lunae
748 4595 942 4668 splendorem.
996 4613 1137 4670 aquarum
1161 4597 1306 4669 precipue
1335 4600 1410 4652 sunt.
1441 4595 1496 4651 Sed
1520 4602 1619 4651 mmen
1643 4594 1788 4650 interdurn
1810 4594 1845 4648 ad

94 4684 216 4750 Quidem
234 4700 301 4739 sero
323 4688 436 4738 noctem
451 4688 480 4739 et
501 4676 577 4739 lunae
591 4684 775 4757 splendorem
794 4683 886 4755 magis
900 4682 945 4738 di·
997 4686 1120 4742 fundum
1144 4685 1320 4741 descendunt
1336 4690 1365 4741 et
1382 4685 1528 4740 interdum
1548 4683 1721 4749 ascendunt3
1743 4682 1845 4754 praeci·

94 4773 198 4845 ligant,
224 4788 313 4845 quam
337 4771 414 4829 diem
445 4777 474 4828 et
505 4773 572 4828 solis
599 4774 791 4845 splendorem.
822 4771 944 4839 Quidam
999 4790 1055 4845 pue
1068 4778 1163 4829 autem
1178 4773 1208 4829 iu
1224 4774 1378 4829 medietate
1391 4773 1521 4845 Ipsorum
1541 4772 1695 4827 fluviorum
1712 4776 1779 4825 sunt
1794 4770 1843 4843 (2).

95 4867 192 4917 sutem
208 4877 242 4916 er
259 4861 321 4916 Istis
343 4866 436 4916 totum
457 4864 547 4931 rupim
570 4866 741 4934 sunm·post
755 4860 886 4917 ordinem
901 4860 943 4916 el·
961 4838 983 4892 D
999 4865 1032 4919 Et
1049 4862 1136 4918 etiarn
1156 4863 1283 4919 minores
1304 4860 1360 4917 illis
1384 4861 1509 4932 piscibus
1524 4860 1659 4929 existunt,
1684 4875 1750 4932 quae
1771 4860 1846 4915 clrca

95 4950 229 5016 landant,
251 4950 282 5005 id
300 4953 344 5004 est
363 4950 496 5020 leychent,
511 4955 666 5022 antequam
682 4950 718 5007 ab
737 4949 792 5005 hac
805 4949 944 5005 allusione
998 4951 1119 5006 fundum
1135 4949 1260 5005 libenter
1277 4956 1448 5019 versantur;
1462 4948 1622 5022 etquidem
1638 4964 1673 5004 ex
1692 4948 1732 5004 eis
1753 4948 1846 5019 magis

95 5038 242 5107 desistant,
267 5038 308 5093 ita
337 5042 370 5093 ut
391 5041 546 5110 postquam
574 5039 698 5109 petopeto
731 5038 892 5106 effundunt,
917 5043 945 5093 ct
999 5036 1076 5096 diem
1090 5046 1118 5095 et
1138 5040 1227 5095 solem
1242 5037 1378 5111 diligunt,
1390 5055 1477 5111 quam
1499 5044 1612 5093 noctem
1628 5043 1778 5109 autquain
1800 5037 1845 5091 lu-

95 5128 136 5182 ite
148 5127 218 5182 dum
239 5142 293 5197 per
315 5127 414 5183 omnia
427 5142 445 5182 a
459 5128 547 5196 rupim
565 5133 626 5183 eta
642 5128 739 5183 mibbe
760 5129 943 5191 evacuantur,
999 5144 1082 5197 nam;
1098 5128 1215 5200 quidam
1237 5134 1333 5183 autem
1351 5125 1443 5198 magis
1457 5128 1555 5183 lumen
1570 5132 1599 5181 et
1615 5132 1742 5194 noctem,
1757 5142 1844 5197 quam

96 5214 211 5271 ctideo
233 5216 320 5271 eham
340 5214 523 5286 aliquantum
546 5215 742 5283 debilitantur,
765 5214 868 5287 quiin
893 5214 945 5269 hac
998 5218 1076 5272 diem
1097 5222 1148 5271 aut
1174 5217 1275 5271 solem.
1308 5215 1360 5271 Sed
1391 5221 1420 5271 et
1451 5216 1569 5288 quidam
1597 5231 1631 5271 ex
1655 5216 1725 5287 ipsis
1752 5220 1844 5270 totuin

96 5304 237 5361 ellusiooe
252 5304 307 5358 hoo
326 5304 415 5359 modo
434 5303 582 5359 festinant.
597 5303 720 5369 Quidam
740 5306 837 5359 entem
850 5318 885 5356 ex
904 5302 945 5355 eis
998 5308 1085 5374 rupim
1115 5320 1200 5360 suum
1229 5310 1383 5376 antequem
1416 5309 1528 5360 cessent
1551 5304 1703 5360 effundunt
1727 5308 1757 5361 et
1778 5302 1845 5359 iude

96 5394 126 5448 in
147 5392 200 5447 hac
222 5391 361 5447 allusione
382 5392 564 5447 intervallum
584 5391 702 5460 habent,
727 5396 755 5447 et
781 5393 946 5463 exspectent
999 5394 1179 5466 ailquantum
1212 5392 1408 5449 debilitantur.
1445 5392 1565 5458 Quidam
1597 5396 1694 5449 autem
1727 5393 1756 5448 in
1793 5392 1846 5447 hec

133 5525 173 5599 (l)
192 5524 608 5597 stou-quarmomed.
1037 5524 1076 5597 (a)
1096 5524 1603 5597 mouendus-meamea.
