<?xml version="1.0" encoding="UTF-8"?>
<!DOCTYPE html PUBLIC "-//W3C//DTD XHTML 1.0 Transitional//EN"
    "http://www.w3.org/TR/xhtml1/DTD/xhtml1-transitional.dtd">
<html xmlns="http://www.w3.org/1999/xhtml" xml:lang="en" lang="en">
 <head>
  <title>
</title>
<meta http-equiv="Content-Type" content="text/html;charset=utf-8" />
  <meta name='ocr-system' content='tesseract 3.04.00' />
  <meta name='ocr-capabilities' content='ocr_page ocr_carea ocr_par ocr_line ocrx_word'/>
</head>
<body>
  <div class='ocr_page' id='page_1' title='image "./patrologiaecurs125unkngoog/patrologiaecurs125unkngoog_0180.png"; bbox 0 0 3984 6034; ppageno 0'>
   <div class='ocr_carea' id='block_1_1' title="bbox 171 157 1933 229">
    <p class='ocr_par' dir='ltr' id='par_1_1' title="bbox 171 157 1933 229">
     <span class='ocr_line' id='line_1_1' title="bbox 171 157 1933 229; baseline 0.001 -5"><span class='ocrx_word' id='word_1_1' title='bbox 171 168 219 224; x_wconf 78' lang='lat' dir='ltr'><strong>aar</strong></span> <span class='ocrx_word' id='word_1_2' title='bbox 910 173 938 227; x_wconf 93' lang='lat' dir='ltr'><strong>s.</strong></span> <span class='ocrx_word' id='word_1_3' title='bbox 959 169 1195 227; x_wconf 82' lang='lat' dir='ltr'><strong>arnoncmors</strong></span> <span class='ocrx_word' id='word_1_4' title='bbox 1868 157 1933 229; x_wconf 75' lang='lat' dir='ltr'><strong>aaa</strong></span> 
     </span>
    </p>
   </div>
   <div class='ocr_carea' id='block_1_2' title="bbox 166 296 1931 2876">
    <p class='ocr_par' dir='ltr' id='par_1_2' title="bbox 166 296 1931 2876">
     <span class='ocr_line' id='line_1_2' title="bbox 170 296 1931 378; baseline 0.006 -26"><span class='ocrx_word' id='word_1_5' title='bbox 170 297 252 352; x_wconf 87' lang='lat' dir='ltr'><strong>iones</strong></span> <span class='ocrx_word' id='word_1_6' title='bbox 266 301 337 370; x_wconf 88' lang='lat' dir='ltr'><strong>quot</strong></span> <span class='ocrx_word' id='word_1_7' title='bbox 356 301 424 352; x_wconf 90' lang='lat' dir='ltr'><strong>sunt</strong></span> <span class='ocrx_word' id='word_1_8' title='bbox 445 296 477 353; x_wconf 93' lang='lat' dir='ltr'><strong>in</strong></span> <span class='ocrx_word' id='word_1_9' title='bbox 499 297 586 353; x_wconf 94' lang='lat' dir='ltr'><strong>domo</strong></span> <span class='ocrx_word' id='word_1_10' title='bbox 615 297 729 354; x_wconf 79' lang='lat' dir='ltr'><strong>bomini</strong></span> <span class='ocrx_word' id='word_1_11' title='bbox 752 303 867 356; x_wconf 72' lang='lat' dir='ltr'><strong>eterna</strong></span> <span class='ocrx_word' id='word_1_12' title='bbox 890 302 1015 356; x_wconf 92' lang='lat' dir='ltr'><strong>mansio·</strong></span> <span class='ocrx_word' id='word_1_13' title='bbox 1033 304 1171 358; x_wconf 79' lang='lat' dir='ltr'><strong>Asanroa</strong></span> <span class='ocrx_word' id='word_1_14' title='bbox 1185 301 1285 372; x_wconf 85' lang='lat' dir='ltr'><strong>templi</strong></span> <span class='ocrx_word' id='word_1_15' title='bbox 1299 301 1410 358; x_wconf 92' lang='lat' dir='ltr'><strong>nuntiis</strong></span> <span class='ocrx_word' id='word_1_16' title='bbox 1431 301 1655 374; x_wconf 78' lang='lat' dir='ltr'><strong>Babyloniorum</strong></span> <span class='ocrx_word' id='word_1_17' title='bbox 1678 303 1802 378; x_wconf 88' lang='lat' dir='ltr'><strong>apernit,</strong></span> <span class='ocrx_word' id='word_1_18' title='bbox 1828 307 1931 362; x_wconf 84' lang='lat' dir='ltr'><strong>Deum</strong></span> 
     </span>
     <span class='ocr_line' id='line_1_3' title="bbox 171 386 1930 468; baseline 0.005 -26"><span class='ocrx_word' id='word_1_19' title='bbox 171 403 232 444; x_wconf 91' lang='lat' dir='ltr'><strong>nes.</strong></span> <span class='ocrx_word' id='word_1_20' title='bbox 246 386 352 442; x_wconf 86' lang='lat' dir='ltr'><strong>Vatata.</strong></span> <span class='ocrx_word' id='word_1_21' title='bbox 1069 389 1101 445; x_wconf 92' lang='lat' dir='ltr'><strong>in</strong></span> <span class='ocrx_word' id='word_1_22' title='bbox 1122 391 1176 447; x_wconf 91' lang='lat' dir='ltr'><strong>hoc</strong></span> <span class='ocrx_word' id='word_1_23' title='bbox 1201 391 1326 464; x_wconf 88' lang='lat' dir='ltr'><strong>graviter</strong></span> <span class='ocrx_word' id='word_1_24' title='bbox 1349 391 1477 448; x_wconf 78' lang='lat' dir='ltr'><strong>offendit.</strong></span> <span class='ocrx_word' id='word_1_25' title='bbox 1501 391 1580 448; x_wconf 87' lang='lat' dir='ltr'><strong>Beati</strong></span> <span class='ocrx_word' id='word_1_26' title='bbox 1598 392 1642 448; x_wconf 92' lang='lat' dir='ltr'><strong>illi</strong></span> <span class='ocrx_word' id='word_1_27' title='bbox 1669 391 1719 465; x_wconf 88' lang='lat' dir='ltr'><strong>qui</strong></span> <span class='ocrx_word' id='word_1_28' title='bbox 1743 409 1796 449; x_wconf 92' lang='lat' dir='ltr'><strong>nos</strong></span> <span class='ocrx_word' id='word_1_29' title='bbox 1818 410 1930 468; x_wconf 84' lang='lat' dir='ltr'><strong>pecca-</strong></span> 
     </span>
     <span class='ocr_line' id='line_1_4' title="bbox 356 475 1928 552; baseline 0.004 -20"><span class='ocrx_word' id='word_1_30' title='bbox 356 475 563 533; x_wconf 72' lang='lat' dir='ltr'><strong>Responsum</strong></span> <span class='ocrx_word' id='word_1_31' title='bbox 586 479 827 536; x_wconf 72' lang='lat' dir='ltr'><strong>attumulatus.</strong></span> <span class='ocrx_word' id='word_1_32' title='bbox 1070 479 1191 536; x_wconf 87' lang='lat' dir='ltr'><strong>toresin</strong></span> <span class='ocrx_word' id='word_1_33' title='bbox 1214 483 1326 536; x_wconf 88' lang='lat' dir='ltr'><strong>tanturn</strong></span> <span class='ocrx_word' id='word_1_34' title='bbox 1355 480 1534 552; x_wconf 70' lang='lat' dir='ltr'><strong>praecellunt,</strong></span> <span class='ocrx_word' id='word_1_35' title='bbox 1558 486 1589 537; x_wconf 92' lang='lat' dir='ltr'><strong>nt</strong></span> <span class='ocrx_word' id='word_1_36' title='bbox 1611 483 1737 538; x_wconf 87' lang='lat' dir='ltr'><strong>coelestia</strong></span> <span class='ocrx_word' id='word_1_37' title='bbox 1766 483 1928 550; x_wconf 68' lang='lat' dir='ltr'><strong>amentur,</strong></span> 
     </span>
     <span class='ocr_line' id='line_1_5' title="bbox 281 565 1927 644; baseline 0.003 -22"><span class='ocrx_word' id='word_1_38' title='bbox 281 565 320 622; x_wconf 88' lang='lat' dir='ltr'><strong>Ut</strong></span> <span class='ocrx_word' id='word_1_39' title='bbox 335 565 375 621; x_wconf 88' lang='lat' dir='ltr'><strong>ud</strong></span> <span class='ocrx_word' id='word_1_40' title='bbox 391 567 482 623; x_wconf 84' lang='lat' dir='ltr'><strong>Deum</strong></span> <span class='ocrx_word' id='word_1_41' title='bbox 494 566 621 640; x_wconf 72' lang='lat' dir='ltr'><strong>suspiret</strong></span> <span class='ocrx_word' id='word_1_42' title='bbox 636 585 690 640; x_wconf 86' lang='lat' dir='ltr'><strong>per</strong></span> <span class='ocrx_word' id='word_1_43' title='bbox 702 567 910 641; x_wconf 66' lang='lat' dir='ltr'><strong>presidentium.</strong></span> <span class='ocrx_word' id='word_1_44' title='bbox 1070 567 1100 623; x_wconf 92' lang='lat' dir='ltr'><strong>in</strong></span> <span class='ocrx_word' id='word_1_45' title='bbox 1120 568 1172 624; x_wconf 87' lang='lat' dir='ltr'><strong>viis</strong></span> <span class='ocrx_word' id='word_1_46' title='bbox 1190 570 1250 624; x_wconf 90' lang='lat' dir='ltr'><strong>suis</strong></span> <span class='ocrx_word' id='word_1_47' title='bbox 1270 569 1403 641; x_wconf 89' lang='lat' dir='ltr'><strong>spiritum</strong></span> <span class='ocrx_word' id='word_1_48' title='bbox 1429 569 1609 627; x_wconf 81' lang='lat' dir='ltr'>discretionis</span> <span class='ocrx_word' id='word_1_49' title='bbox 1636 587 1670 626; x_wconf 82' lang='lat' dir='ltr'><strong>ex</strong></span> <span class='ocrx_word' id='word_1_50' title='bbox 1686 571 1732 627; x_wconf 91' lang='lat' dir='ltr'><strong>his</strong></span> <span class='ocrx_word' id='word_1_51' title='bbox 1754 588 1805 644; x_wconf 90' lang='lat' dir='ltr'><strong>per</strong></span> <span class='ocrx_word' id='word_1_52' title='bbox 1819 577 1927 628; x_wconf 85' lang='lat' dir='ltr'><strong>tenta·</strong></span> 
     </span>
     <span class='ocr_line' id='line_1_6' title="bbox 206 654 1926 731; baseline 0.004 -22"><span class='ocrx_word' id='word_1_53' title='bbox 206 654 284 710; x_wconf 74' lang='lat' dir='ltr'><strong>Mens</strong></span> <span class='ocrx_word' id='word_1_54' title='bbox 299 659 348 710; x_wconf 90' lang='lat' dir='ltr'><strong>tua</strong></span> <span class='ocrx_word' id='word_1_55' title='bbox 371 660 402 710; x_wconf 87' lang='lat' dir='ltr'><strong>nt</strong></span> <span class='ocrx_word' id='word_1_56' title='bbox 422 657 480 712; x_wconf 89' lang='lat' dir='ltr'><strong>ales</strong></span> <span class='ocrx_word' id='word_1_57' title='bbox 507 656 616 723; x_wconf 91' lang='lat' dir='ltr'><strong>circuit,</strong></span> <span class='ocrx_word' id='word_1_58' title='bbox 646 663 676 711; x_wconf 87' lang='lat' dir='ltr'><strong>ot</strong></span> <span class='ocrx_word' id='word_1_59' title='bbox 696 673 930 730; x_wconf 79' lang='lat' dir='ltr'><strong>unamquamque</strong></span> <span class='ocrx_word' id='word_1_60' title='bbox 949 674 1017 713; x_wconf 89' lang='lat' dir='ltr'><strong>cau·</strong></span> <span class='ocrx_word' id='word_1_61' title='bbox 1070 655 1179 713; x_wconf 89' lang='lat' dir='ltr'><strong>tionem</strong></span> <span class='ocrx_word' id='word_1_62' title='bbox 1199 658 1291 730; x_wconf 89' lang='lat' dir='ltr'><strong>magis</strong></span> <span class='ocrx_word' id='word_1_63' title='bbox 1313 674 1400 731; x_wconf 84' lang='lat' dir='ltr'><strong>qnam</strong></span> <span class='ocrx_word' id='word_1_64' title='bbox 1425 675 1476 731; x_wconf 87' lang='lat' dir='ltr'><strong>per</strong></span> <span class='ocrx_word' id='word_1_65' title='bbox 1496 659 1709 723; x_wconf 78' lang='lat' dir='ltr'><strong>revelationem,</strong></span> <span class='ocrx_word' id='word_1_66' title='bbox 1739 663 1795 716; x_wconf 86' lang='lat' dir='ltr'><strong>lteu</strong></span> <span class='ocrx_word' id='word_1_67' title='bbox 1821 661 1926 726; x_wconf 89' lang='lat' dir='ltr'><strong>dante,</strong></span> 
     </span>
     <span class='ocr_line' id='line_1_7' title="bbox 171 743 1927 818; baseline 0.003 -20"><span class='ocrx_word' id='word_1_68' title='bbox 171 759 232 798; x_wconf 90' lang='lat' dir='ltr'><strong>sam</strong></span> <span class='ocrx_word' id='word_1_69' title='bbox 247 743 352 816; x_wconf 87' lang='lat' dir='ltr'><strong>inqua</strong></span> <span class='ocrx_word' id='word_1_70' title='bbox 372 746 450 801; x_wconf 91' lang='lat' dir='ltr'><strong>vadit</strong></span> <span class='ocrx_word' id='word_1_71' title='bbox 470 745 598 816; x_wconf 75' lang='lat' dir='ltr'><strong>disponit</strong></span> <span class='ocrx_word' id='word_1_72' title='bbox 624 752 653 800; x_wconf 88' lang='lat' dir='ltr'><strong>et</strong></span> <span class='ocrx_word' id='word_1_73' title='bbox 671 746 781 801; x_wconf 90' lang='lat' dir='ltr'><strong>dividit.</strong></span> <span class='ocrx_word' id='word_1_74' title='bbox 807 747 923 803; x_wconf 89' lang='lat' dir='ltr'><strong>luitinm</strong></span> <span class='ocrx_word' id='word_1_75' title='bbox 938 747 1016 802; x_wconf 87' lang='lat' dir='ltr'><strong>onim</strong></span> <span class='ocrx_word' id='word_1_76' title='bbox 1071 751 1240 817; x_wconf 88' lang='lat' dir='ltr'><strong>proventum</strong></span> <span class='ocrx_word' id='word_1_77' title='bbox 1275 747 1463 818; x_wconf 77' lang='lat' dir='ltr'><strong>proiecerunt,</strong></span> <span class='ocrx_word' id='word_1_78' title='bbox 1489 747 1702 818; x_wconf 71' lang='lat' dir='ltr'><strong>prestolentur,</strong></span> <span class='ocrx_word' id='word_1_79' title='bbox 1737 753 1766 804; x_wconf 92' lang='lat' dir='ltr'><strong>et</strong></span> <span class='ocrx_word' id='word_1_80' title='bbox 1797 749 1927 804; x_wconf 84' lang='lat' dir='ltr'><strong>interius</strong></span> 
     </span>
     <span class='ocr_line' id='line_1_8' title="bbox 170 833 1929 907; baseline 0.001 -20"><span class='ocrx_word' id='word_1_81' title='bbox 170 836 253 888; x_wconf 88' lang='lat' dir='ltr'><strong>tunm</strong></span> <span class='ocrx_word' id='word_1_82' title='bbox 278 840 477 890; x_wconf 87' lang='lat' dir='ltr'><strong>consecratum</strong></span> <span class='ocrx_word' id='word_1_83' title='bbox 501 834 564 903; x_wconf 87' lang='lat' dir='ltr'><strong>init,</strong></span> <span class='ocrx_word' id='word_1_84' title='bbox 589 835 658 907; x_wconf 86' lang='lat' dir='ltr'><strong>quia</strong></span> <span class='ocrx_word' id='word_1_85' title='bbox 672 836 764 906; x_wconf 88' lang='lat' dir='ltr'><strong>gratia</strong></span> <span class='ocrx_word' id='word_1_86' title='bbox 792 835 842 891; x_wconf 86' lang='lat' dir='ltr'><strong>Dei</strong></span> <span class='ocrx_word' id='word_1_87' title='bbox 854 842 882 890; x_wconf 85' lang='lat' dir='ltr'><strong>te</strong></span> <span class='ocrx_word' id='word_1_88' title='bbox 900 836 940 891; x_wconf 88' lang='lat' dir='ltr'><strong>ita</strong></span> <span class='ocrx_word' id='word_1_89' title='bbox 959 837 1016 890; x_wconf 91' lang='lat' dir='ltr'><strong>im·</strong></span> <span class='ocrx_word' id='word_1_90' title='bbox 1070 833 1156 889; x_wconf 85' lang='lat' dir='ltr'><strong>etiam</strong></span> <span class='ocrx_word' id='word_1_91' title='bbox 1172 833 1249 905; x_wconf 90' lang='lat' dir='ltr'><strong>apud</strong></span> <span class='ocrx_word' id='word_1_92' title='bbox 1264 834 1396 890; x_wconf 90' lang='lat' dir='ltr'><strong>homines</strong></span> <span class='ocrx_word' id='word_1_93' title='bbox 1415 834 1450 889; x_wconf 88' lang='lat' dir='ltr'><strong>de</strong></span> <span class='ocrx_word' id='word_1_94' title='bbox 1465 833 1624 892; x_wconf 82' lang='lat' dir='ltr'><strong>visionibus</strong></span> <span class='ocrx_word' id='word_1_95' title='bbox 1649 833 1709 890; x_wconf 89' lang='lat' dir='ltr'><strong>suis</strong></span> <span class='ocrx_word' id='word_1_96' title='bbox 1723 835 1835 892; x_wconf 90' lang='lat' dir='ltr'><strong>discant</strong></span> <span class='ocrx_word' id='word_1_97' title='bbox 1854 851 1929 907; x_wconf 74' lang='lat' dir='ltr'><strong>quas</strong></span> 
     </span>
     <span class='ocr_line' id='line_1_9' title="bbox 171 921 1930 996; baseline 0.001 -19"><span class='ocrx_word' id='word_1_98' title='bbox 171 921 244 986; x_wconf 88' lang='lat' dir='ltr'><strong>buit,</strong></span> <span class='ocrx_word' id='word_1_99' title='bbox 259 924 335 994; x_wconf 83' lang='lat' dir='ltr'><strong>quod</strong></span> <span class='ocrx_word' id='word_1_100' title='bbox 359 922 478 978; x_wconf 87' lang='lat' dir='ltr'><strong>virtutos</strong></span> <span class='ocrx_word' id='word_1_101' title='bbox 502 927 531 978; x_wconf 92' lang='lat' dir='ltr'><strong>et</strong></span> <span class='ocrx_word' id='word_1_102' title='bbox 553 923 610 979; x_wconf 90' lang='lat' dir='ltr'><strong>alia</strong></span> <span class='ocrx_word' id='word_1_103' title='bbox 631 925 723 978; x_wconf 90' lang='lat' dir='ltr'><strong>multa</strong></span> <span class='ocrx_word' id='word_1_104' title='bbox 740 924 815 980; x_wconf 87' lang='lat' dir='ltr'><strong>bona</strong></span> <span class='ocrx_word' id='word_1_105' title='bbox 838 941 940 996; x_wconf 89' lang='lat' dir='ltr'><strong>capere</strong></span> <span class='ocrx_word' id='word_1_106' title='bbox 964 941 1017 996; x_wconf 92' lang='lat' dir='ltr'><strong>po·</strong></span> <span class='ocrx_word' id='word_1_107' title='bbox 1071 924 1217 996; x_wconf 86' lang='lat' dir='ltr'><strong>proterant</strong></span> <span class='ocrx_word' id='word_1_108' title='bbox 1236 924 1280 978; x_wconf 89' lang='lat' dir='ltr'><strong>vel</strong></span> <span class='ocrx_word' id='word_1_109' title='bbox 1300 939 1366 994; x_wconf 77' lang='lat' dir='ltr'><strong>qna</strong></span> <span class='ocrx_word' id='word_1_110' title='bbox 1389 922 1536 978; x_wconf 74' lang='lat' dir='ltr'><strong>reuocant.</strong></span> <span class='ocrx_word' id='word_1_111' title='bbox 1562 923 1606 978; x_wconf 91' lang='lat' dir='ltr'><strong>Sic</strong></span> <span class='ocrx_word' id='word_1_112' title='bbox 1628 939 1765 994; x_wconf 87' lang='lat' dir='ltr'><strong>namque,</strong></span> <span class='ocrx_word' id='word_1_113' title='bbox 1791 924 1848 979; x_wconf 83' lang='lat' dir='ltr'><strong>Deo</strong></span> <span class='ocrx_word' id='word_1_114' title='bbox 1868 925 1930 979; x_wconf 89' lang='lat' dir='ltr'><strong>do-</strong></span> 
     </span>
     <span class='ocr_line' id='line_1_10' title="bbox 170 1010 1925 1086; baseline 0.001 -20"><span class='ocrx_word' id='word_1_115' title='bbox 170 1015 223 1066; x_wconf 86' lang='lat' dir='ltr'><strong>tes.</strong></span> <span class='ocrx_word' id='word_1_116' title='bbox 247 1010 368 1076; x_wconf 85' lang='lat' dir='ltr'><strong>Quidam</strong></span> <span class='ocrx_word' id='word_1_117' title='bbox 401 1027 468 1067; x_wconf 88' lang='lat' dir='ltr'><strong>vero</strong></span> <span class='ocrx_word' id='word_1_118' title='bbox 491 1012 599 1068; x_wconf 78' lang='lat' dir='ltr'><strong>ventosi</strong></span> <span class='ocrx_word' id='word_1_119' title='bbox 620 1017 698 1080; x_wconf 89' lang='lat' dir='ltr'><strong>snut,</strong></span> <span class='ocrx_word' id='word_1_120' title='bbox 723 1018 752 1068; x_wconf 90' lang='lat' dir='ltr'><strong>ct</strong></span> <span class='ocrx_word' id='word_1_121' title='bbox 767 1014 802 1068; x_wconf 88' lang='lat' dir='ltr'><strong>de</strong></span> <span class='ocrx_word' id='word_1_122' title='bbox 828 1013 972 1069; x_wconf 74' lang='lat' dir='ltr'><strong>viriditate</strong></span> <span class='ocrx_word' id='word_1_123' title='bbox 989 1017 1018 1068; x_wconf 90' lang='lat' dir='ltr'><strong>et</strong></span> <span class='ocrx_word' id='word_1_124' title='bbox 1071 1029 1139 1068; x_wconf 91' lang='lat' dir='ltr'><strong>num</strong></span> <span class='ocrx_word' id='word_1_125' title='bbox 1153 1012 1282 1083; x_wconf 90' lang='lat' dir='ltr'><strong>ipsorum</strong></span> <span class='ocrx_word' id='word_1_126' title='bbox 1299 1027 1351 1084; x_wconf 90' lang='lat' dir='ltr'><strong>per</strong></span> <span class='ocrx_word' id='word_1_127' title='bbox 1366 1011 1561 1068; x_wconf 86' lang='lat' dir='ltr'><strong>humilitatem</strong></span> <span class='ocrx_word' id='word_1_128' title='bbox 1577 1012 1760 1083; x_wconf 86' lang='lat' dir='ltr'><strong>disponente,</strong></span> <span class='ocrx_word' id='word_1_129' title='bbox 1784 1013 1925 1086; x_wconf 79' lang='lat' dir='ltr'><strong>quaedam</strong></span> 
     </span>
     <span class='ocr_line' id='line_1_11' title="bbox 172 1098 1931 1174; baseline 0.002 -20"><span class='ocrx_word' id='word_1_130' title='bbox 172 1098 345 1155; x_wconf 84' lang='lat' dir='ltr'><strong>humiditate</strong></span> <span class='ocrx_word' id='word_1_131' title='bbox 371 1106 465 1167; x_wconf 78' lang='lat' dir='ltr'><strong>terrm,</strong></span> <span class='ocrx_word' id='word_1_132' title='bbox 494 1116 526 1155; x_wconf 84' lang='lat' dir='ltr'><strong>ac</strong></span> <span class='ocrx_word' id='word_1_133' title='bbox 549 1101 584 1156; x_wconf 90' lang='lat' dir='ltr'><strong>de</strong></span> <span class='ocrx_word' id='word_1_134' title='bbox 606 1101 811 1174; x_wconf 88' lang='lat' dir='ltr'><strong>aerestaqnis</strong></span> <span class='ocrx_word' id='word_1_135' title='bbox 829 1102 1017 1174; x_wconf 89' lang='lat' dir='ltr'><strong>comprehen·</strong></span> <span class='ocrx_word' id='word_1_136' title='bbox 1071 1100 1261 1172; x_wconf 86' lang='lat' dir='ltr'><strong>subsigillant,</strong></span> <span class='ocrx_word' id='word_1_137' title='bbox 1287 1116 1340 1155; x_wconf 90' lang='lat' dir='ltr'><strong>nec</strong></span> <span class='ocrx_word' id='word_1_138' title='bbox 1361 1117 1395 1154; x_wconf 87' lang='lat' dir='ltr'><strong>ea</strong></span> <span class='ocrx_word' id='word_1_139' title='bbox 1417 1099 1568 1172; x_wconf 86' lang='lat' dir='ltr'><strong>proterunt</strong></span> <span class='ocrx_word' id='word_1_140' title='bbox 1590 1116 1656 1173; x_wconf 81' lang='lat' dir='ltr'><strong>quoa</strong></span> <span class='ocrx_word' id='word_1_141' title='bbox 1675 1101 1861 1171; x_wconf 90' lang='lat' dir='ltr'><strong>apostolicam</strong></span> <span class='ocrx_word' id='word_1_142' title='bbox 1895 1109 1931 1157; x_wconf 85' lang='lat' dir='ltr'><strong>et</strong></span> 
     </span>
     <span class='ocr_line' id='line_1_12' title="bbox 170 1186 1926 1263; baseline 0.003 -22"><span class='ocrx_word' id='word_1_143' title='bbox 170 1186 280 1243; x_wconf 90' lang='lat' dir='ltr'><strong>sionem</strong></span> <span class='ocrx_word' id='word_1_144' title='bbox 296 1204 348 1260; x_wconf 91' lang='lat' dir='ltr'><strong>per</strong></span> <span class='ocrx_word' id='word_1_145' title='bbox 360 1189 571 1244; x_wconf 86' lang='lat' dir='ltr'><strong>sensualitatem</strong></span> <span class='ocrx_word' id='word_1_146' title='bbox 594 1189 709 1245; x_wconf 89' lang='lat' dir='ltr'><strong>habent.</strong></span> <span class='ocrx_word' id='word_1_147' title='bbox 728 1190 804 1246; x_wconf 86' lang='lat' dir='ltr'><strong>Deus</strong></span> <span class='ocrx_word' id='word_1_148' title='bbox 828 1207 963 1263; x_wconf 90' lang='lat' dir='ltr'><strong>namque,</strong></span> <span class='ocrx_word' id='word_1_149' title='bbox 984 1195 1017 1246; x_wconf 91' lang='lat' dir='ltr'><strong>nt</strong></span> <span class='ocrx_word' id='word_1_150' title='bbox 1071 1189 1288 1245; x_wconf 88' lang='lat' dir='ltr'><strong>ecclesiasticam</strong></span> <span class='ocrx_word' id='word_1_151' title='bbox 1334 1187 1545 1244; x_wconf 88' lang='lat' dir='ltr'><strong>institutionem</strong></span> <span class='ocrx_word' id='word_1_152' title='bbox 1599 1193 1796 1261; x_wconf 83' lang='lat' dir='ltr'><strong>permoveant.</strong></span> <span class='ocrx_word' id='word_1_153' title='bbox 1841 1191 1926 1258; x_wconf 80' lang='lat' dir='ltr'><strong>Here,</strong></span> 
     </span>
     <span class='ocr_line' id='line_1_13' title="bbox 171 1275 1929 1352; baseline 0.003 -23"><span class='ocrx_word' id='word_1_154' title='bbox 171 1275 226 1331; x_wconf 87' lang='lat' dir='ltr'><strong>sibi</strong></span> <span class='ocrx_word' id='word_1_155' title='bbox 244 1278 361 1348; x_wconf 87' lang='lat' dir='ltr'><strong>placuit,</strong></span> <span class='ocrx_word' id='word_1_156' title='bbox 381 1276 451 1333; x_wconf 80' lang='lat' dir='ltr'><strong>Fiat</strong></span> <span class='ocrx_word' id='word_1_157' title='bbox 472 1277 553 1345; x_wconf 88' lang='lat' dir='ltr'><strong>dixit,</strong></span> <span class='ocrx_word' id='word_1_158' title='bbox 584 1277 613 1337; x_wconf 87' lang='lat' dir='ltr'><strong>in</strong></span> <span class='ocrx_word' id='word_1_159' title='bbox 640 1295 698 1350; x_wconf 82' lang='lat' dir='ltr'><strong>qno</strong></span> <span class='ocrx_word' id='word_1_160' title='bbox 723 1279 817 1334; x_wconf 90' lang='lat' dir='ltr'><strong>omnis</strong></span> <span class='ocrx_word' id='word_1_161' title='bbox 835 1286 964 1335; x_wconf 86' lang='lat' dir='ltr'><strong>creatura</strong></span> <span class='ocrx_word' id='word_1_162' title='bbox 985 1280 1017 1336; x_wconf 92' lang='lat' dir='ltr'><strong>iu</strong></span> <span class='ocrx_word' id='word_1_163' title='bbox 1070 1277 1198 1352; x_wconf 88' lang='lat' dir='ltr'><strong>prudens</strong></span> <span class='ocrx_word' id='word_1_164' title='bbox 1211 1277 1329 1344; x_wconf 83' lang='lat' dir='ltr'><strong>tamine,</strong></span> <span class='ocrx_word' id='word_1_165' title='bbox 1345 1277 1471 1346; x_wconf 88' lang='lat' dir='ltr'><strong>attende,</strong></span> <span class='ocrx_word' id='word_1_166' title='bbox 1485 1277 1554 1349; x_wconf 89' lang='lat' dir='ltr'><strong>quia</strong></span> <span class='ocrx_word' id='word_1_167' title='bbox 1573 1277 1679 1332; x_wconf 90' lang='lat' dir='ltr'><strong>mulier</strong></span> <span class='ocrx_word' id='word_1_168' title='bbox 1698 1277 1803 1333; x_wconf 87' lang='lat' dir='ltr'><strong>timens</strong></span> <span class='ocrx_word' id='word_1_169' title='bbox 1827 1279 1929 1334; x_wconf 85' lang='lat' dir='ltr'><strong>Deum</strong></span> 
     </span>
     <span class='ocr_line' id='line_1_14' title="bbox 171 1363 1928 1439; baseline 0.001 -20"><span class='ocrx_word' id='word_1_170' title='bbox 171 1380 276 1436; x_wconf 90' lang='lat' dir='ltr'><strong>genere</strong></span> <span class='ocrx_word' id='word_1_171' title='bbox 292 1383 344 1421; x_wconf 91' lang='lat' dir='ltr'><strong>sno</strong></span> <span class='ocrx_word' id='word_1_172' title='bbox 359 1366 506 1438; x_wconf 88' lang='lat' dir='ltr'><strong>processit,</strong></span> <span class='ocrx_word' id='word_1_173' title='bbox 520 1367 666 1439; x_wconf 88' lang='lat' dir='ltr'><strong>quomodo</strong></span> <span class='ocrx_word' id='word_1_174' title='bbox 680 1368 873 1439; x_wconf 87' lang='lat' dir='ltr'><strong>scriptumest</strong></span> <span class='ocrx_word' id='word_1_175' title='bbox 888 1386 895 1424; x_wconf 76' lang='grc' dir='ltr'><strong><em>ε</em></strong></span> <span class='ocrx_word' id='word_1_176' title='bbox 921 1369 1018 1425; x_wconf 85' lang='lat' dir='ltr'><strong>Seruet</strong></span> <span class='ocrx_word' id='word_1_177' title='bbox 1070 1367 1132 1438; x_wconf 88' lang='lat' dir='ltr'><strong>ipsa</strong></span> <span class='ocrx_word' id='word_1_178' title='bbox 1155 1363 1328 1423; x_wconf 83' lang='lat' dir='ltr'><strong>laudabitur.</strong></span> <span class='ocrx_word' id='word_1_179' title='bbox 1359 1365 1468 1421; x_wconf 83' lang='lat' dir='ltr'><strong>Dicitur</strong></span> <span class='ocrx_word' id='word_1_180' title='bbox 1492 1365 1569 1437; x_wconf 89' lang='lat' dir='ltr'><strong>quod</strong></span> <span class='ocrx_word' id='word_1_181' title='bbox 1584 1366 1694 1421; x_wconf 88' lang='lat' dir='ltr'><strong>elevata</strong></span> <span class='ocrx_word' id='word_1_182' title='bbox 1706 1366 1737 1421; x_wconf 89' lang='lat' dir='ltr'><strong>in</strong></span> <span class='ocrx_word' id='word_1_183' title='bbox 1756 1365 1928 1422; x_wconf 87' lang='lat' dir='ltr'><strong>coelestibus</strong></span> 
     </span>
     <span class='ocr_line' id='line_1_15' title="bbox 171 1453 1926 1530; baseline -0.001 -20"><span class='ocrx_word' id='word_1_184' title='bbox 171 1453 282 1510; x_wconf 71' lang='lat' dir='ltr'><strong>locutura</strong></span> <span class='ocrx_word' id='word_1_185' title='bbox 296 1457 384 1523; x_wconf 86' lang='lat' dir='ltr'><strong>Deus,</strong></span> <span class='ocrx_word' id='word_1_186' title='bbox 398 1456 641 1525; x_wconf 78' lang='lat' dir='ltr'><strong>duobaecoudici,</strong></span> <span class='ocrx_word' id='word_1_187' title='bbox 656 1457 726 1529; x_wconf 84' lang='lat' dir='ltr'><strong>quio</strong></span> <span class='ocrx_word' id='word_1_188' title='bbox 743 1461 870 1530; x_wconf 85' lang='lat' dir='ltr'><strong>potestus</strong></span> <span class='ocrx_word' id='word_1_189' title='bbox 894 1457 948 1514; x_wconf 89' lang='lat' dir='ltr'><strong>Dei</strong></span> <span class='ocrx_word' id='word_1_190' title='bbox 964 1462 1016 1527; x_wconf 88' lang='lat' dir='ltr'><strong>est,</strong></span> <span class='ocrx_word' id='word_1_191' title='bbox 1071 1458 1163 1512; x_wconf 90' lang='lat' dir='ltr'><strong>multa</strong></span> <span class='ocrx_word' id='word_1_192' title='bbox 1189 1455 1296 1523; x_wconf 89' lang='lat' dir='ltr'><strong>videas,</strong></span> <span class='ocrx_word' id='word_1_193' title='bbox 1323 1459 1352 1510; x_wconf 89' lang='lat' dir='ltr'><strong>et</strong></span> <span class='ocrx_word' id='word_1_194' title='bbox 1373 1454 1465 1510; x_wconf 90' lang='lat' dir='ltr'><strong>multa</strong></span> <span class='ocrx_word' id='word_1_195' title='bbox 1490 1471 1542 1526; x_wconf 88' lang='lat' dir='ltr'><strong>per</strong></span> <span class='ocrx_word' id='word_1_196' title='bbox 1577 1455 1749 1526; x_wconf 73' lang='lat' dir='ltr'><strong>scriniorum</strong></span> <span class='ocrx_word' id='word_1_197' title='bbox 1781 1455 1926 1527; x_wconf 81' lang='lat' dir='ltr'><strong>proferas,</strong></span> 
     </span>
     <span class='ocr_line' id='line_1_16' title="bbox 170 1541 1929 1618; baseline 0 -21"><span class='ocrx_word' id='word_1_198' title='bbox 170 1546 199 1597; x_wconf 90' lang='lat' dir='ltr'><strong>et</strong></span> <span class='ocrx_word' id='word_1_199' title='bbox 214 1541 277 1612; x_wconf 86' lang='lat' dir='ltr'><strong>tibi,</strong></span> <span class='ocrx_word' id='word_1_200' title='bbox 300 1543 428 1611; x_wconf 80' lang='lat' dir='ltr'><strong>Bmuiue,</strong></span> <span class='ocrx_word' id='word_1_201' title='bbox 452 1543 660 1614; x_wconf 74' lang='lat' dir='ltr'><strong>misericordia,</strong></span> <span class='ocrx_word' id='word_1_202' title='bbox 684 1544 754 1618; x_wconf 82' lang='lat' dir='ltr'><strong>quia</strong></span> <span class='ocrx_word' id='word_1_203' title='bbox 782 1551 813 1601; x_wconf 86' lang='lat' dir='ltr'><strong>tu</strong></span> <span class='ocrx_word' id='word_1_204' title='bbox 832 1547 934 1603; x_wconf 84' lang='lat' dir='ltr'><strong>reddes</strong></span> <span class='ocrx_word' id='word_1_205' title='bbox 955 1547 1018 1603; x_wconf 82' lang='lat' dir='ltr'><strong>uui·</strong></span> <span class='ocrx_word' id='word_1_206' title='bbox 1071 1544 1271 1617; x_wconf 88' lang='lat' dir='ltr'><strong>atquemcdos</strong></span> <span class='ocrx_word' id='word_1_207' title='bbox 1293 1543 1361 1599; x_wconf 93' lang='lat' dir='ltr'><strong>novi</strong></span> <span class='ocrx_word' id='word_1_208' title='bbox 1385 1543 1520 1600; x_wconf 87' lang='lat' dir='ltr'><strong>carminis</strong></span> <span class='ocrx_word' id='word_1_209' title='bbox 1547 1543 1625 1611; x_wconf 88' lang='lat' dir='ltr'><strong>edas,</strong></span> <span class='ocrx_word' id='word_1_210' title='bbox 1640 1559 1705 1598; x_wconf 89' lang='lat' dir='ltr'><strong>cum</strong></span> <span class='ocrx_word' id='word_1_211' title='bbox 1721 1543 1793 1600; x_wconf 90' lang='lat' dir='ltr'><strong>nibil</strong></span> <span class='ocrx_word' id='word_1_212' title='bbox 1815 1543 1929 1598; x_wconf 86' lang='lat' dir='ltr'><strong>horum</strong></span> 
     </span>
     <span class='ocr_line' id='line_1_17' title="bbox 170 1602 1930 1708; baseline 0.001 -22"><span class='ocrx_word' id='word_1_213' title='bbox 170 1630 368 1704; x_wconf 83' lang='lat' dir='ltr'><strong>cuiquejuuto</strong></span> <span class='ocrx_word' id='word_1_214' title='bbox 389 1649 477 1705; x_wconf 84' lang='lat' dir='ltr'><strong>opere</strong></span> <span class='ocrx_word' id='word_1_215' title='bbox 490 1650 546 1689; x_wconf 81' lang='lat' dir='ltr'><strong>suu</strong></span> <span class='ocrx_word' id='word_1_216' title='bbox 571 1633 662 1706; x_wconf 83' lang='lat' dir='ltr'><strong>(Paul.</strong></span> <span class='ocrx_word' id='word_1_217' title='bbox 680 1635 748 1706; x_wconf 82' lang='lat' dir='ltr'><strong>nn).</strong></span> <span class='ocrx_word' id='word_1_218' title='bbox 768 1637 838 1691; x_wconf 86' lang='lat' dir='ltr'><strong>Nam</strong></span> <span class='ocrx_word' id='word_1_219' title='bbox 852 1652 905 1707; x_wconf 90' lang='lat' dir='ltr'><strong>per</strong></span> <span class='ocrx_word' id='word_1_220' title='bbox 915 1638 1018 1708; x_wconf 89' lang='lat' dir='ltr'><strong>jussio-</strong></span> <span class='ocrx_word' id='word_1_221' title='bbox 1036 1602 1058 1656; x_wconf 69' lang='lat' dir='ltr'>B</span> <span class='ocrx_word' id='word_1_222' title='bbox 1071 1633 1214 1690; x_wconf 89' lang='lat' dir='ltr'><strong>didiceris.</strong></span> <span class='ocrx_word' id='word_1_223' title='bbox 1231 1634 1324 1705; x_wconf 85' lang='lat' dir='ltr'><strong>Super</strong></span> <span class='ocrx_word' id='word_1_224' title='bbox 1336 1633 1381 1689; x_wconf 89' lang='lat' dir='ltr'><strong>bis</strong></span> <span class='ocrx_word' id='word_1_225' title='bbox 1394 1647 1577 1705; x_wconf 89' lang='lat' dir='ltr'><strong>nequequam</strong></span> <span class='ocrx_word' id='word_1_226' title='bbox 1602 1632 1751 1699; x_wconf 87' lang='lat' dir='ltr'><strong>miramur,</strong></span> <span class='ocrx_word' id='word_1_227' title='bbox 1778 1632 1847 1705; x_wconf 87' lang='lat' dir='ltr'><strong>qnia</strong></span> <span class='ocrx_word' id='word_1_228' title='bbox 1862 1647 1930 1688; x_wconf 88' lang='lat' dir='ltr'><strong>non</strong></span> 
     </span>
     <span class='ocr_line' id='line_1_18' title="bbox 172 1721 1927 1795; baseline 0.001 -21"><span class='ocrx_word' id='word_1_229' title='bbox 172 1736 238 1775; x_wconf 87' lang='lat' dir='ltr'><strong>nem</strong></span> <span class='ocrx_word' id='word_1_230' title='bbox 254 1737 335 1776; x_wconf 90' lang='lat' dir='ltr'><strong>suam</strong></span> <span class='ocrx_word' id='word_1_231' title='bbox 364 1722 439 1777; x_wconf 87' lang='lat' dir='ltr'><strong>Dans</strong></span> <span class='ocrx_word' id='word_1_232' title='bbox 457 1722 684 1789; x_wconf 87' lang='lat' dir='ltr'><strong>omniacreavit,</strong></span> <span class='ocrx_word' id='word_1_233' title='bbox 706 1724 803 1779; x_wconf 87' lang='lat' dir='ltr'><strong>ethoc</strong></span> <span class='ocrx_word' id='word_1_234' title='bbox 830 1724 919 1780; x_wconf 86' lang='lat' dir='ltr'><strong>semel</strong></span> <span class='ocrx_word' id='word_1_235' title='bbox 940 1724 1017 1795; x_wconf 83' lang='lat' dir='ltr'><strong>fecit,</strong></span> <span class='ocrx_word' id='word_1_236' title='bbox 1071 1722 1212 1778; x_wconf 84' lang='lat' dir='ltr'><strong>excedunt</strong></span> <span class='ocrx_word' id='word_1_237' title='bbox 1234 1721 1406 1778; x_wconf 89' lang='lat' dir='ltr'><strong>munditiam</strong></span> <span class='ocrx_word' id='word_1_238' title='bbox 1434 1727 1463 1776; x_wconf 91' lang='lat' dir='ltr'><strong>et</strong></span> <span class='ocrx_word' id='word_1_239' title='bbox 1488 1721 1707 1776; x_wconf 89' lang='lat' dir='ltr'><strong>sanctimoniam</strong></span> <span class='ocrx_word' id='word_1_240' title='bbox 1734 1726 1826 1790; x_wconf 87' lang='lat' dir='ltr'><strong>tuam,</strong></span> <span class='ocrx_word' id='word_1_241' title='bbox 1858 1721 1927 1776; x_wconf 87' lang='lat' dir='ltr'><strong>sine</strong></span> 
     </span>
     <span class='ocr_line' id='line_1_19' title="bbox 171 1809 1929 1886; baseline 0.001 -23"><span class='ocrx_word' id='word_1_242' title='bbox 171 1809 287 1880; x_wconf 89' lang='lat' dir='ltr'><strong>quando</strong></span> <span class='ocrx_word' id='word_1_243' title='bbox 312 1809 380 1866; x_wconf 82' lang='lat' dir='ltr'><strong>Fiat</strong></span> <span class='ocrx_word' id='word_1_244' title='bbox 401 1809 487 1879; x_wconf 78' lang='lat' dir='ltr'><strong>dirit3</strong></span> <span class='ocrx_word' id='word_1_245' title='bbox 510 1816 539 1867; x_wconf 89' lang='lat' dir='ltr'><strong>ct</strong></span> <span class='ocrx_word' id='word_1_246' title='bbox 558 1813 589 1866; x_wconf 91' lang='lat' dir='ltr'><strong>in</strong></span> <span class='ocrx_word' id='word_1_247' title='bbox 607 1811 661 1866; x_wconf 91' lang='lat' dir='ltr'><strong>hoc</strong></span> <span class='ocrx_word' id='word_1_248' title='bbox 679 1812 766 1868; x_wconf 88' lang='lat' dir='ltr'><strong>etiam</strong></span> <span class='ocrx_word' id='word_1_249' title='bbox 787 1811 844 1868; x_wconf 90' lang='lat' dir='ltr'><strong>dno</strong></span> <span class='ocrx_word' id='word_1_250' title='bbox 865 1813 1018 1886; x_wconf 81' lang='lat' dir='ltr'><strong>intellexit,</strong></span> <span class='ocrx_word' id='word_1_251' title='bbox 1072 1811 1176 1883; x_wconf 89' lang='lat' dir='ltr'><strong>quibus</strong></span> <span class='ocrx_word' id='word_1_252' title='bbox 1191 1810 1260 1866; x_wconf 89' lang='lat' dir='ltr'><strong>talia</strong></span> <span class='ocrx_word' id='word_1_253' title='bbox 1273 1810 1308 1866; x_wconf 89' lang='lat' dir='ltr'><strong>ab</strong></span> <span class='ocrx_word' id='word_1_254' title='bbox 1323 1809 1442 1866; x_wconf 91' lang='lat' dir='ltr'><strong>homine</strong></span> <span class='ocrx_word' id='word_1_255' title='bbox 1454 1825 1513 1864; x_wconf 91' lang='lat' dir='ltr'><strong>non</strong></span> <span class='ocrx_word' id='word_1_256' title='bbox 1534 1809 1697 1880; x_wconf 90' lang='lat' dir='ltr'><strong>capiuntur.</strong></span> <span class='ocrx_word' id='word_1_257' title='bbox 1725 1809 1802 1865; x_wconf 91' lang='lat' dir='ltr'><strong>Scire</strong></span> <span class='ocrx_word' id='word_1_258' title='bbox 1822 1815 1929 1864; x_wconf 86' lang='lat' dir='ltr'><strong>autern</strong></span> 
     </span>
     <span class='ocr_line' id='line_1_20' title="bbox 171 1897 1929 1973; baseline 0 -21"><span class='ocrx_word' id='word_1_259' title='bbox 171 1897 279 1953; x_wconf 88' lang='lat' dir='ltr'><strong>scilicet</strong></span> <span class='ocrx_word' id='word_1_260' title='bbox 299 1899 368 1970; x_wconf 88' lang='lat' dir='ltr'><strong>quia</strong></span> <span class='ocrx_word' id='word_1_261' title='bbox 390 1915 495 1972; x_wconf 87' lang='lat' dir='ltr'><strong>magna</strong></span> <span class='ocrx_word' id='word_1_262' title='bbox 522 1904 649 1971; x_wconf 89' lang='lat' dir='ltr'><strong>potestas</strong></span> <span class='ocrx_word' id='word_1_263' title='bbox 671 1900 737 1967; x_wconf 88' lang='lat' dir='ltr'><strong>init,</strong></span> <span class='ocrx_word' id='word_1_264' title='bbox 760 1902 838 1973; x_wconf 88' lang='lat' dir='ltr'><strong>quod</strong></span> <span class='ocrx_word' id='word_1_265' title='bbox 867 1903 942 1958; x_wconf 87' lang='lat' dir='ltr'><strong>Deus</strong></span> <span class='ocrx_word' id='word_1_266' title='bbox 965 1904 1018 1958; x_wconf 93' lang='lat' dir='ltr'><strong>ho·</strong></span> <span class='ocrx_word' id='word_1_267' title='bbox 1070 1915 1224 1970; x_wconf 88' lang='lat' dir='ltr'><strong>possumus</strong></span> <span class='ocrx_word' id='word_1_268' title='bbox 1240 1897 1379 1971; x_wconf 88' lang='lat' dir='ltr'><strong>quidquid</strong></span> <span class='ocrx_word' id='word_1_269' title='bbox 1394 1897 1434 1954; x_wconf 91' lang='lat' dir='ltr'><strong>ibi</strong></span> <span class='ocrx_word' id='word_1_270' title='bbox 1450 1899 1485 1954; x_wconf 91' lang='lat' dir='ltr'><strong>de</strong></span> <span class='ocrx_word' id='word_1_271' title='bbox 1509 1897 1614 1953; x_wconf 72' lang='lat' dir='ltr'><strong>sancus</strong></span> <span class='ocrx_word' id='word_1_272' title='bbox 1639 1897 1793 1962; x_wconf 88' lang='lat' dir='ltr'><strong>revelatur,</strong></span> <span class='ocrx_word' id='word_1_273' title='bbox 1816 1897 1929 1952; x_wconf 89' lang='lat' dir='ltr'><strong>innuat</strong></span> 
     </span>
     <span class='ocr_line' id='line_1_21' title="bbox 171 1985 1926 2062; baseline 0 -21"><span class='ocrx_word' id='word_1_274' title='bbox 171 1985 245 2042; x_wconf 88' lang='lat' dir='ltr'><strong>mini</strong></span> <span class='ocrx_word' id='word_1_275' title='bbox 263 1987 357 2056; x_wconf 86' lang='lat' dir='ltr'><strong>legem</strong></span> <span class='ocrx_word' id='word_1_276' title='bbox 373 1988 451 2044; x_wconf 89' lang='lat' dir='ltr'><strong>dedit</strong></span> <span class='ocrx_word' id='word_1_277' title='bbox 467 2004 474 2043; x_wconf 78' lang='grc' dir='ltr'>ι</span> <span class='ocrx_word' id='word_1_278' title='bbox 490 1989 567 2045; x_wconf 90' lang='lat' dir='ltr'><strong>unde</strong></span> <span class='ocrx_word' id='word_1_279' title='bbox 581 1994 611 2044; x_wconf 89' lang='lat' dir='ltr'><strong>et</strong></span> <span class='ocrx_word' id='word_1_280' title='bbox 625 1988 666 2044; x_wconf 90' lang='lat' dir='ltr'><strong>illi</strong></span> <span class='ocrx_word' id='word_1_281' title='bbox 685 1989 735 2062; x_wconf 88' lang='lat' dir='ltr'><strong>qui</strong></span> <span class='ocrx_word' id='word_1_282' title='bbox 762 1991 897 2046; x_wconf 89' lang='lat' dir='ltr'><strong>omnibns</strong></span> <span class='ocrx_word' id='word_1_283' title='bbox 921 1991 1017 2046; x_wconf 91' lang='lat' dir='ltr'><strong>domi·</strong></span> <span class='ocrx_word' id='word_1_284' title='bbox 1071 1988 1212 2061; x_wconf 73' lang='lat' dir='ltr'><strong>gloriam,</strong></span> <span class='ocrx_word' id='word_1_285' title='bbox 1227 1987 1366 2060; x_wconf 90' lang='lat' dir='ltr'><strong>quidquid</strong></span> <span class='ocrx_word' id='word_1_286' title='bbox 1379 1986 1427 2042; x_wconf 90' lang='lat' dir='ltr'><strong>hic</strong></span> <span class='ocrx_word' id='word_1_287' title='bbox 1445 1986 1527 2042; x_wconf 89' lang='lat' dir='ltr'><strong>abest</strong></span> <span class='ocrx_word' id='word_1_288' title='bbox 1544 1987 1641 2058; x_wconf 88' lang='lat' dir='ltr'><strong>agitur</strong></span> <span class='ocrx_word' id='word_1_289' title='bbox 1656 1987 1726 2058; x_wconf 73' lang='grc' dir='ltr'><strong>(ἳὸ),</strong></span> <span class='ocrx_word' id='word_1_290' title='bbox 1747 1987 1842 2059; x_wconf 83' lang='lat' dir='ltr'><strong>exigat</strong></span> <span class='ocrx_word' id='word_1_291' title='bbox 1867 1987 1926 2042; x_wconf 91' lang='lat' dir='ltr'><strong>hu·</strong></span> 
     </span>
     <span class='ocr_line' id='line_1_22' title="bbox 171 2075 1926 2149; baseline -0.001 -18"><span class='ocrx_word' id='word_1_292' title='bbox 171 2080 258 2131; x_wconf 88' lang='lat' dir='ltr'><strong>natur</strong></span> <span class='ocrx_word' id='word_1_293' title='bbox 278 2075 487 2146; x_wconf 87' lang='lat' dir='ltr'><strong>misericordia,</strong></span> <span class='ocrx_word' id='word_1_294' title='bbox 511 2077 579 2149; x_wconf 85' lang='lat' dir='ltr'><strong>quia</strong></span> <span class='ocrx_word' id='word_1_295' title='bbox 606 2093 659 2148; x_wconf 87' lang='lat' dir='ltr'><strong>per</strong></span> <span class='ocrx_word' id='word_1_296' title='bbox 682 2079 912 2135; x_wconf 87' lang='lat' dir='ltr'><strong>incarnationem</strong></span> <span class='ocrx_word' id='word_1_297' title='bbox 935 2096 1017 2135; x_wconf 89' lang='lat' dir='ltr'><strong>suam</strong></span> <span class='ocrx_word' id='word_1_298' title='bbox 1070 2075 1240 2132; x_wconf 88' lang='lat' dir='ltr'><strong>miliationis</strong></span> <span class='ocrx_word' id='word_1_299' title='bbox 1254 2076 1386 2131; x_wconf 86' lang='lat' dir='ltr'><strong>termam.</strong></span> <span class='ocrx_word' id='word_1_300' title='bbox 1403 2075 1459 2130; x_wconf 84' lang='lat' dir='ltr'><strong>Nos</strong></span> <span class='ocrx_word' id='word_1_301' title='bbox 1474 2079 1571 2130; x_wconf 89' lang='lat' dir='ltr'><strong>antem</strong></span> <span class='ocrx_word' id='word_1_302' title='bbox 1591 2075 1723 2148; x_wconf 87' lang='lat' dir='ltr'><strong>quamvis</strong></span> <span class='ocrx_word' id='word_1_303' title='bbox 1741 2091 1759 2130; x_wconf 92' lang='lat' dir='ltr'><strong>a</strong></span> <span class='ocrx_word' id='word_1_304' title='bbox 1781 2079 1809 2130; x_wconf 88' lang='lat' dir='ltr'><strong>ta</strong></span> <span class='ocrx_word' id='word_1_305' title='bbox 1830 2075 1926 2147; x_wconf 89' lang='lat' dir='ltr'><strong>longe</strong></span> 
     </span>
     <span class='ocr_line' id='line_1_23' title="bbox 172 2163 1929 2240; baseline -0.001 -20"><span class='ocrx_word' id='word_1_306' title='bbox 172 2165 266 2220; x_wconf 91' lang='lat' dir='ltr'><strong>reddit</strong></span> <span class='ocrx_word' id='word_1_307' title='bbox 280 2181 346 2237; x_wconf 80' lang='lat' dir='ltr'><strong>qma</strong></span> <span class='ocrx_word' id='word_1_308' title='bbox 364 2165 512 2221; x_wconf 89' lang='lat' dir='ltr'><strong>reddenda</strong></span> <span class='ocrx_word' id='word_1_309' title='bbox 529 2171 607 2232; x_wconf 70' lang='lat' dir='ltr'><strong>sunt·</strong></span> <span class='ocrx_word' id='word_1_310' title='bbox 622 2166 761 2238; x_wconf 85' lang='lat' dir='ltr'><strong>qnoniam</strong></span> <span class='ocrx_word' id='word_1_311' title='bbox 782 2167 937 2239; x_wconf 88' lang='lat' dir='ltr'><strong>unicuique</strong></span> <span class='ocrx_word' id='word_1_312' title='bbox 952 2185 1019 2240; x_wconf 86' lang='lat' dir='ltr'><strong>pec·</strong></span> <span class='ocrx_word' id='word_1_313' title='bbox 1071 2165 1156 2238; x_wconf 87' lang='lat' dir='ltr'><strong>positi</strong></span> <span class='ocrx_word' id='word_1_314' title='bbox 1175 2165 1274 2233; x_wconf 88' lang='lat' dir='ltr'><strong>simus,</strong></span> <span class='ocrx_word' id='word_1_315' title='bbox 1298 2163 1434 2220; x_wconf 87' lang='lat' dir='ltr'><strong>fiduciam</strong></span> <span class='ocrx_word' id='word_1_316' title='bbox 1458 2163 1488 2218; x_wconf 93' lang='lat' dir='ltr'><strong>iu</strong></span> <span class='ocrx_word' id='word_1_317' title='bbox 1514 2167 1542 2218; x_wconf 88' lang='lat' dir='ltr'><strong>to</strong></span> <span class='ocrx_word' id='word_1_318' title='bbox 1567 2163 1714 2232; x_wconf 89' lang='lat' dir='ltr'><strong>habentes,</strong></span> <span class='ocrx_word' id='word_1_319' title='bbox 1744 2164 1878 2236; x_wconf 70' lang='lat' dir='ltr'><strong>quaedam</strong></span> <span class='ocrx_word' id='word_1_320' title='bbox 1909 2181 1929 2219; x_wconf 89' lang='lat' dir='ltr'><strong>a</strong></span> 
     </span>
     <span class='ocr_line' id='line_1_24' title="bbox 172 2251 1927 2326; baseline -0.001 -17"><span class='ocrx_word' id='word_1_321' title='bbox 172 2258 234 2309; x_wconf 91' lang='lat' dir='ltr'><strong>cata</strong></span> <span class='ocrx_word' id='word_1_322' title='bbox 266 2253 386 2309; x_wconf 87' lang='lat' dir='ltr'><strong>dimittit</strong></span> <span class='ocrx_word' id='word_1_323' title='bbox 411 2254 461 2326; x_wconf 84' lang='lat' dir='ltr'><strong>qui</strong></span> <span class='ocrx_word' id='word_1_324' title='bbox 488 2269 522 2309; x_wconf 87' lang='lat' dir='ltr'><strong>ea</strong></span> <span class='ocrx_word' id='word_1_325' title='bbox 559 2270 612 2325; x_wconf 87' lang='lat' dir='ltr'><strong>por</strong></span> <span class='ocrx_word' id='word_1_326' title='bbox 647 2255 845 2325; x_wconf 75' lang='lat' dir='ltr'><strong>poenitentiam</strong></span> <span class='ocrx_word' id='word_1_327' title='bbox 877 2256 955 2312; x_wconf 89' lang='lat' dir='ltr'><strong>videt</strong></span> <span class='ocrx_word' id='word_1_328' title='bbox 989 2262 1019 2314; x_wconf 87' lang='lat' dir='ltr'><strong>et</strong></span> <span class='ocrx_word' id='word_1_329' title='bbox 1071 2259 1099 2310; x_wconf 83' lang='lat' dir='ltr'><strong>te</strong></span> <span class='ocrx_word' id='word_1_330' title='bbox 1113 2253 1250 2326; x_wconf 85' lang='lat' dir='ltr'><strong>petimus,</strong></span> <span class='ocrx_word' id='word_1_331' title='bbox 1274 2251 1393 2322; x_wconf 89' lang='lat' dir='ltr'><strong>scilicet,</strong></span> <span class='ocrx_word' id='word_1_332' title='bbox 1418 2251 1557 2325; x_wconf 91' lang='lat' dir='ltr'><strong>qnoniam</strong></span> <span class='ocrx_word' id='word_1_333' title='bbox 1581 2252 1699 2325; x_wconf 88' lang='lat' dir='ltr'><strong>plurimi</strong></span> <span class='ocrx_word' id='word_1_334' title='bbox 1723 2253 1779 2326; x_wconf 54' lang='grc' dir='ltr'><strong>(ιθ)</strong></span> <span class='ocrx_word' id='word_1_335' title='bbox 1800 2258 1927 2307; x_wconf 92' lang='lat' dir='ltr'><strong>conten·</strong></span> 
     </span>
     <span class='ocr_line' id='line_1_25' title="bbox 172 2339 1928 2416; baseline -0.001 -18"><span class='ocrx_word' id='word_1_336' title='bbox 172 2342 332 2414; x_wconf 90' lang='lat' dir='ltr'><strong>cognoscit;</strong></span> <span class='ocrx_word' id='word_1_337' title='bbox 360 2342 409 2397; x_wconf 91' lang='lat' dir='ltr'><strong>sed</strong></span> <span class='ocrx_word' id='word_1_338' title='bbox 424 2341 475 2413; x_wconf 91' lang='lat' dir='ltr'><strong>qni</strong></span> <span class='ocrx_word' id='word_1_339' title='bbox 494 2358 527 2397; x_wconf 89' lang='lat' dir='ltr'><strong>ea</strong></span> <span class='ocrx_word' id='word_1_340' title='bbox 547 2359 600 2398; x_wconf 88' lang='lat' dir='ltr'><strong>uec</strong></span> <span class='ocrx_word' id='word_1_341' title='bbox 625 2342 733 2410; x_wconf 85' lang='lat' dir='ltr'><strong>videre,</strong></span> <span class='ocrx_word' id='word_1_342' title='bbox 764 2358 818 2398; x_wconf 91' lang='lat' dir='ltr'><strong>nec</strong></span> <span class='ocrx_word' id='word_1_343' title='bbox 845 2359 1018 2416; x_wconf 79' lang='lat' dir='ltr'><strong>cognoscere</strong></span> <span class='ocrx_word' id='word_1_344' title='bbox 1071 2343 1144 2398; x_wconf 92' lang='lat' dir='ltr'><strong>dnnt</strong></span> <span class='ocrx_word' id='word_1_345' title='bbox 1158 2343 1233 2414; x_wconf 86' lang='lat' dir='ltr'><strong>qnod</strong></span> <span class='ocrx_word' id='word_1_346' title='bbox 1246 2341 1403 2414; x_wconf 88' lang='lat' dir='ltr'><strong>paternitas</strong></span> <span class='ocrx_word' id='word_1_347' title='bbox 1418 2345 1448 2396; x_wconf 89' lang='lat' dir='ltr'><strong>et</strong></span> <span class='ocrx_word' id='word_1_348' title='bbox 1463 2339 1595 2396; x_wconf 88' lang='lat' dir='ltr'><strong>divinitas</strong></span> <span class='ocrx_word' id='word_1_349' title='bbox 1617 2344 1691 2398; x_wconf 84' lang='lat' dir='ltr'><strong>Dens</strong></span> <span class='ocrx_word' id='word_1_350' title='bbox 1706 2357 1765 2397; x_wconf 90' lang='lat' dir='ltr'><strong>uon</strong></span> <span class='ocrx_word' id='word_1_351' title='bbox 1786 2341 1833 2411; x_wconf 88' lang='lat' dir='ltr'><strong>sit,</strong></span> <span class='ocrx_word' id='word_1_352' title='bbox 1850 2339 1928 2414; x_wconf 88' lang='lat' dir='ltr'><strong>quid</strong></span> 
     </span>
     <span class='ocr_line' id='line_1_26' title="bbox 169 2429 1927 2512; baseline 0.001 -28"><span class='ocrx_word' id='word_1_353' title='bbox 169 2430 241 2497; x_wconf 87' lang='lat' dir='ltr'><strong>vnlt,</strong></span> <span class='ocrx_word' id='word_1_354' title='bbox 257 2429 343 2501; x_wconf 87' lang='lat' dir='ltr'><strong>ejicit,</strong></span> <span class='ocrx_word' id='word_1_355' title='bbox 360 2446 392 2485; x_wconf 89' lang='lat' dir='ltr'><strong>ac</strong></span> <span class='ocrx_word' id='word_1_356' title='bbox 406 2446 472 2484; x_wconf 88' lang='lat' dir='ltr'><strong>eum</strong></span> <span class='ocrx_word' id='word_1_357' title='bbox 484 2429 514 2485; x_wconf 93' lang='lat' dir='ltr'><strong>in</strong></span> <span class='ocrx_word' id='word_1_358' title='bbox 529 2435 635 2486; x_wconf 88' lang='lat' dir='ltr'><strong>rectam</strong></span> <span class='ocrx_word' id='word_1_359' title='bbox 655 2431 875 2512; x_wconf 71' lang='lat' dir='ltr'><strong>retributionem</strong></span> <span class='ocrx_word' id='word_1_360' title='bbox 895 2449 1017 2503; x_wconf 89' lang='lat' dir='ltr'><strong>operum</strong></span> <span class='ocrx_word' id='word_1_361' title='bbox 1072 2433 1138 2489; x_wconf 90' lang='lat' dir='ltr'><strong>inda</strong></span> <span class='ocrx_word' id='word_1_362' title='bbox 1154 2433 1183 2489; x_wconf 93' lang='lat' dir='ltr'><strong>in</strong></span> <span class='ocrx_word' id='word_1_363' title='bbox 1198 2433 1361 2488; x_wconf 86' lang='lat' dir='ltr'><strong>coelestibus</strong></span> <span class='ocrx_word' id='word_1_364' title='bbox 1376 2431 1492 2499; x_wconf 86' lang='lat' dir='ltr'><strong>sentiss,</strong></span> <span class='ocrx_word' id='word_1_365' title='bbox 1510 2431 1593 2487; x_wconf 90' lang='lat' dir='ltr'><strong>nobis</strong></span> <span class='ocrx_word' id='word_1_366' title='bbox 1613 2448 1758 2504; x_wconf 80' lang='lat' dir='ltr'><strong>exponere</strong></span> <span class='ocrx_word' id='word_1_367' title='bbox 1774 2435 1803 2487; x_wconf 91' lang='lat' dir='ltr'><strong>et</strong></span> <span class='ocrx_word' id='word_1_368' title='bbox 1824 2435 1927 2486; x_wconf 88' lang='lat' dir='ltr'><strong>trane-</strong></span> 
     </span>
     <span class='ocr_line' id='line_1_27' title="bbox 170 2518 1719 2593; baseline 0.001 -21"><span class='ocrx_word' id='word_1_369' title='bbox 170 2534 288 2573; x_wconf 90' lang='lat' dir='ltr'><strong>suornm</strong></span> <span class='ocrx_word' id='word_1_370' title='bbox 312 2518 409 2574; x_wconf 88' lang='lat' dir='ltr'><strong>mittit.</strong></span> <span class='ocrx_word' id='word_1_371' title='bbox 437 2518 565 2575; x_wconf 88' lang='lat' dir='ltr'><strong>Primum</strong></span> <span class='ocrx_word' id='word_1_372' title='bbox 593 2520 670 2574; x_wconf 93' lang='lat' dir='ltr'><strong>enim</strong></span> <span class='ocrx_word' id='word_1_373' title='bbox 692 2520 829 2591; x_wconf 80' lang='lat' dir='ltr'><strong>angelum</strong></span> <span class='ocrx_word' id='word_1_374' title='bbox 853 2520 903 2593; x_wconf 88' lang='lat' dir='ltr'><strong>qui</strong></span> <span class='ocrx_word' id='word_1_375' title='bbox 925 2538 955 2577; x_wconf 91' lang='lat' dir='ltr'><strong>se</strong></span> <span class='ocrx_word' id='word_1_376' title='bbox 969 2522 1018 2578; x_wconf 91' lang='lat' dir='ltr'><strong>iu·</strong></span> <span class='ocrx_word' id='word_1_377' title='bbox 1071 2521 1186 2579; x_wconf 87' lang='lat' dir='ltr'><strong>mittere</strong></span> <span class='ocrx_word' id='word_1_378' title='bbox 1201 2537 1261 2578; x_wconf 91' lang='lat' dir='ltr'><strong>non</strong></span> <span class='ocrx_word' id='word_1_379' title='bbox 1277 2521 1402 2576; x_wconf 87' lang='lat' dir='ltr'><strong>dillerus.</strong></span> <span class='ocrx_word' id='word_1_380' title='bbox 1418 2521 1517 2577; x_wconf 85' lang='lat' dir='ltr'><strong>Valeat</strong></span> <span class='ocrx_word' id='word_1_381' title='bbox 1531 2520 1646 2576; x_wconf 87' lang='lat' dir='ltr'><strong>dilectio</strong></span> <span class='ocrx_word' id='word_1_382' title='bbox 1660 2527 1719 2576; x_wconf 90' lang='lat' dir='ltr'><strong>tna.</strong></span> 
     </span>
     <span class='ocr_line' id='line_1_28' title="bbox 166 2607 1734 2684; baseline 0.003 -22"><span class='ocrx_word' id='word_1_383' title='bbox 166 2607 246 2680; x_wconf 80' lang='lat' dir='ltr'><strong>juste</strong></span> <span class='ocrx_word' id='word_1_384' title='bbox 270 2607 413 2675; x_wconf 82' lang='lat' dir='ltr'><strong>exaltavit,</strong></span> <span class='ocrx_word' id='word_1_385' title='bbox 440 2607 469 2661; x_wconf 91' lang='lat' dir='ltr'><strong>in</strong></span> <span class='ocrx_word' id='word_1_386' title='bbox 502 2607 595 2662; x_wconf 87' lang='lat' dir='ltr'><strong>lacum</strong></span> <span class='ocrx_word' id='word_1_387' title='bbox 628 2607 751 2663; x_wconf 76' lang='lat' dir='ltr'><strong>miseria</strong></span> <span class='ocrx_word' id='word_1_388' title='bbox 768 2609 842 2664; x_wconf 85' lang='lat' dir='ltr'><strong>Deus</strong></span> <span class='ocrx_word' id='word_1_389' title='bbox 865 2610 974 2678; x_wconf 87' lang='lat' dir='ltr'><strong>stravit,</strong></span> <span class='ocrx_word' id='word_1_390' title='bbox 990 2615 1019 2666; x_wconf 86' lang='lat' dir='ltr'><strong>at</strong></span> <span class='ocrx_word' id='word_1_391' title='bbox 1261 2627 1468 2684; x_wconf 70' lang='lat' dir='ltr'><strong>flgspopspp</strong></span> <span class='ocrx_word' id='word_1_392' title='bbox 1488 2627 1734 2684; x_wconf 65' lang='lat' dir='ltr'><strong>fflgpgflfflfflg</strong></span> 
     </span>
     <span class='ocr_line' id='line_1_29' title="bbox 170 2695 1929 2791; baseline 0.002 -40"><span class='ocrx_word' id='word_1_393' title='bbox 170 2696 257 2752; x_wconf 88' lang='lat' dir='ltr'><strong>etiam</strong></span> <span class='ocrx_word' id='word_1_394' title='bbox 287 2695 414 2766; x_wconf 89' lang='lat' dir='ltr'><strong>primum</strong></span> <span class='ocrx_word' id='word_1_395' title='bbox 444 2695 593 2752; x_wconf 90' lang='lat' dir='ltr'><strong>homiuem</strong></span> <span class='ocrx_word' id='word_1_396' title='bbox 618 2701 738 2768; x_wconf 87' lang='lat' dir='ltr'><strong>propter</strong></span> <span class='ocrx_word' id='word_1_397' title='bbox 765 2696 915 2753; x_wconf 88' lang='lat' dir='ltr'><strong>stultitiam</strong></span> <span class='ocrx_word' id='word_1_398' title='bbox 939 2714 1017 2754; x_wconf 83' lang='lat' dir='ltr'><strong>vanae</strong></span> <span class='ocrx_word' id='word_1_399' title='bbox 1071 2737 1116 2790; x_wconf 60' lang='lat' dir='ltr'><strong>Re</strong></span> <span class='ocrx_word' id='word_1_400' title='bbox 1188 2734 1236 2789; x_wconf 57' lang='lat' dir='ltr'><strong>de,</strong></span> <span class='ocrx_word' id='word_1_401' title='bbox 1255 2731 1409 2790; x_wconf 47' lang='lat' dir='ltr'><strong>⁸·an</strong></span> <span class='ocrx_word' id='word_1_402' title='bbox 1424 2731 1480 2788; x_wconf 50' lang='lat' dir='ltr'><strong>,ibi</strong></span> <span class='ocrx_word' id='word_1_403' title='bbox 1498 2734 1727 2791; x_wconf 60' lang='lat' dir='ltr'><strong><em>mmmmm</em></strong></span> <span class='ocrx_word' id='word_1_404' title='bbox 1762 2750 1824 2790; x_wconf 57' lang='lat' dir='ltr'><strong>me</strong></span> <span class='ocrx_word' id='word_1_405' title='bbox 1867 2735 1929 2791; x_wconf 62' lang='lat' dir='ltr'><em>m</em></span> 
     </span>
     <span class='ocr_line' id='line_1_30' title="bbox 170 2750 1866 2876; baseline 0.003 -37"><span class='ocrx_word' id='word_1_406' title='bbox 170 2784 271 2857; x_wconf 78' lang='lat' dir='ltr'><strong>gloriae</strong></span> <span class='ocrx_word' id='word_1_407' title='bbox 294 2785 324 2839; x_wconf 90' lang='lat' dir='ltr'><strong>in</strong></span> <span class='ocrx_word' id='word_1_408' title='bbox 352 2800 495 2840; x_wconf 86' lang='lat' dir='ltr'><strong>carcerem</strong></span> <span class='ocrx_word' id='word_1_409' title='bbox 518 2784 605 2857; x_wconf 82' lang='lat' dir='ltr'><strong>hrrjus</strong></span> <span class='ocrx_word' id='word_1_410' title='bbox 628 2785 730 2841; x_wconf 92' lang='lat' dir='ltr'><strong>mnndi</strong></span> <span class='ocrx_word' id='word_1_411' title='bbox 756 2784 843 2841; x_wconf 88' lang='lat' dir='ltr'><strong>misit.</strong></span> <span class='ocrx_word' id='word_1_412' title='bbox 864 2789 933 2842; x_wconf 82' lang='lat' dir='ltr'><strong>Nam</strong></span> <span class='ocrx_word' id='word_1_413' title='bbox 956 2787 1019 2843; x_wconf 94' lang='lat' dir='ltr'><strong>unl·</strong></span> <span class='ocrx_word' id='word_1_414' title='bbox 1115 2750 1187 2807; x_wconf 52' lang='lat' dir='ltr'><strong>qm</strong></span> <span class='ocrx_word' id='word_1_415' title='bbox 1231 2803 1394 2876; x_wconf 57' lang='lat' dir='ltr'><strong>palmam</strong></span> <span class='ocrx_word' id='word_1_416' title='bbox 1418 2806 1445 2861; x_wconf 64' lang='lat' dir='ltr'><strong>,t</strong></span> <span class='ocrx_word' id='word_1_417' title='bbox 1465 2802 1602 2860; x_wconf 59' lang='lat' dir='ltr'><strong>divinita,</strong></span> <span class='ocrx_word' id='word_1_418' title='bbox 1621 2807 1694 2860; x_wconf 63' lang='lat' dir='ltr'><strong>pm</strong></span> <span class='ocrx_word' id='word_1_419' title='bbox 1712 2805 1760 2860; x_wconf 61' lang='lat' dir='ltr'><strong>,gg</strong></span> <span class='ocrx_word' id='word_1_420' title='bbox 1847 2750 1866 2806; x_wconf 61' lang='lat' dir='ltr'><strong><em>q</em></strong></span> 
     </span>
    </p>
   </div>
   <div class='ocr_carea' id='block_1_3' title="bbox 169 2873 1925 2984">
    <p class='ocr_par' dir='ltr' id='par_1_3' title="bbox 169 2873 1925 2984">
     <span class='ocr_line' id='line_1_31' title="bbox 169 2873 1925 2984; baseline 0.009 -56"><span class='ocrx_word' id='word_1_421' title='bbox 169 2874 319 2946; x_wconf 87' lang='lat' dir='ltr'><strong>lumopns</strong></span> <span class='ocrx_word' id='word_1_422' title='bbox 349 2889 433 2929; x_wconf 91' lang='lat' dir='ltr'><strong>suum</strong></span> <span class='ocrx_word' id='word_1_423' title='bbox 455 2889 575 2929; x_wconf 92' lang='lat' dir='ltr'><strong>vacnum</strong></span> <span class='ocrx_word' id='word_1_424' title='bbox 609 2873 766 2929; x_wconf 91' lang='lat' dir='ltr'><strong>constitnit.</strong></span> <span class='ocrx_word' id='word_1_425' title='bbox 801 2875 914 2931; x_wconf 83' lang='lat' dir='ltr'><strong>Primus</strong></span> <span class='ocrx_word' id='word_1_426' title='bbox 939 2875 1056 2958; x_wconf 70' lang='lat' dir='ltr'><strong>enimc</strong></span> <span class='ocrx_word' id='word_1_427' title='bbox 1108 2910 1465 2984; x_wconf 52' lang='lat' dir='ltr'><strong>Egopauporculafmm</strong></span> <span class='ocrx_word' id='word_1_428' title='bbox 1486 2910 1518 2966; x_wconf 68' lang='lat' dir='ltr'><strong>in</strong></span> <span class='ocrx_word' id='word_1_429' title='bbox 1540 2911 1619 2966; x_wconf 68' lang='lat' dir='ltr'>sumo</span> <span class='ocrx_word' id='word_1_430' title='bbox 1647 2915 1808 2967; x_wconf 60' lang='lat' dir='ltr'><strong>,mmmm</strong></span> <span class='ocrx_word' id='word_1_431' title='bbox 1835 2927 1925 2968; x_wconf 69' lang='lat' dir='ltr'><strong>mon„</strong></span> 
     </span>
    </p>
   </div>
   <div class='ocr_carea' id='block_1_4' title="bbox 169 2961 1019 3816">
    <p class='ocr_par' dir='ltr' id='par_1_4' title="bbox 169 2961 1019 3816">
     <span class='ocr_line' id='line_1_32' title="bbox 169 2961 1016 3033; baseline 0.002 -17"><span class='ocrx_word' id='word_1_432' title='bbox 169 2963 291 3033; x_wconf 88' lang='lat' dir='ltr'><strong>angclus</strong></span> <span class='ocrx_word' id='word_1_433' title='bbox 320 2977 456 3033; x_wconf 88' lang='lat' dir='ltr'><strong>magnam</strong></span> <span class='ocrx_word' id='word_1_434' title='bbox 479 2961 628 3016; x_wconf 88' lang='lat' dir='ltr'><strong>scientiam</strong></span> <span class='ocrx_word' id='word_1_435' title='bbox 653 2965 681 3016; x_wconf 85' lang='lat' dir='ltr'><strong>et</strong></span> <span class='ocrx_word' id='word_1_436' title='bbox 706 2961 877 3031; x_wconf 87' lang='lat' dir='ltr'><strong>sapientiam</strong></span> <span class='ocrx_word' id='word_1_437' title='bbox 904 2963 1016 3032; x_wconf 91' lang='lat' dir='ltr'><strong>habuit,</strong></span> 
     </span>
     <span class='ocr_line' id='line_1_33' title="bbox 170 3049 1019 3122; baseline 0.006 -18"><span class='ocrx_word' id='word_1_438' title='bbox 170 3051 221 3106; x_wconf 89' lang='lat' dir='ltr'><strong>ssd</strong></span> <span class='ocrx_word' id='word_1_439' title='bbox 244 3055 364 3122; x_wconf 89' lang='lat' dir='ltr'><strong>propter</strong></span> <span class='ocrx_word' id='word_1_440' title='bbox 386 3064 521 3121; x_wconf 86' lang='lat' dir='ltr'><strong>magnam</strong></span> <span class='ocrx_word' id='word_1_441' title='bbox 545 3049 685 3104; x_wconf 89' lang='lat' dir='ltr'><strong>malitiam</strong></span> <span class='ocrx_word' id='word_1_442' title='bbox 708 3066 789 3104; x_wconf 91' lang='lat' dir='ltr'><strong>suam</strong></span> <span class='ocrx_word' id='word_1_443' title='bbox 812 3051 950 3107; x_wconf 90' lang='lat' dir='ltr'><strong>honorem</strong></span> <span class='ocrx_word' id='word_1_444' title='bbox 965 3053 1019 3109; x_wconf 81' lang='lat' dir='ltr'><strong>Do</strong></span> 
     </span>
     <span class='ocr_line' id='line_1_34' title="bbox 171 3137 1017 3210; baseline 0.001 -16"><span class='ocrx_word' id='word_1_445' title='bbox 171 3139 252 3194; x_wconf 91' lang='lat' dir='ltr'><strong>mino</strong></span> <span class='ocrx_word' id='word_1_446' title='bbox 280 3155 333 3193; x_wconf 89' lang='lat' dir='ltr'><strong>sno</strong></span> <span class='ocrx_word' id='word_1_447' title='bbox 355 3138 524 3210; x_wconf 86' lang='lat' dir='ltr'><strong>impendere</strong></span> <span class='ocrx_word' id='word_1_448' title='bbox 542 3137 647 3205; x_wconf 92' lang='lat' dir='ltr'><strong>noluit,</strong></span> <span class='ocrx_word' id='word_1_449' title='bbox 674 3143 704 3192; x_wconf 93' lang='lat' dir='ltr'><strong>et</strong></span> <span class='ocrx_word' id='word_1_450' title='bbox 728 3137 845 3207; x_wconf 91' lang='lat' dir='ltr'><strong>corruit,</strong></span> <span class='ocrx_word' id='word_1_451' title='bbox 860 3155 893 3195; x_wconf 86' lang='lat' dir='ltr'><strong>ae</strong></span> <span class='ocrx_word' id='word_1_452' title='bbox 909 3140 949 3194; x_wconf 89' lang='lat' dir='ltr'><strong>sic</strong></span> <span class='ocrx_word' id='word_1_453' title='bbox 970 3157 1017 3196; x_wconf 88' lang='lat' dir='ltr'><strong>re·</strong></span> 
     </span>
     <span class='ocr_line' id='line_1_35' title="bbox 170 3225 1017 3298; baseline 0.006 -18"><span class='ocrx_word' id='word_1_454' title='bbox 170 3225 285 3282; x_wconf 88' lang='lat' dir='ltr'><strong>mansit.</strong></span> <span class='ocrx_word' id='word_1_455' title='bbox 312 3227 402 3281; x_wconf 90' lang='lat' dir='ltr'><strong>llomo</strong></span> <span class='ocrx_word' id='word_1_456' title='bbox 424 3230 522 3281; x_wconf 88' lang='lat' dir='ltr'><strong>autem</strong></span> <span class='ocrx_word' id='word_1_457' title='bbox 548 3241 602 3296; x_wconf 89' lang='lat' dir='ltr'><strong>per</strong></span> <span class='ocrx_word' id='word_1_458' title='bbox 625 3229 741 3296; x_wconf 90' lang='lat' dir='ltr'><strong>gustum</strong></span> <span class='ocrx_word' id='word_1_459' title='bbox 768 3227 825 3282; x_wconf 91' lang='lat' dir='ltr'><strong>cibi</strong></span> <span class='ocrx_word' id='word_1_460' title='bbox 846 3227 943 3298; x_wconf 91' lang='lat' dir='ltr'><strong>lapsus</strong></span> <span class='ocrx_word' id='word_1_461' title='bbox 963 3235 1017 3285; x_wconf 90' lang='lat' dir='ltr'><strong>ast.</strong></span> 
     </span>
     <span class='ocr_line' id='line_1_36' title="bbox 170 3314 1018 3388; baseline 0.005 -17"><span class='ocrx_word' id='word_1_462' title='bbox 170 3315 350 3388; x_wconf 81' lang='lat' dir='ltr'><strong>Quapropter</strong></span> <span class='ocrx_word' id='word_1_463' title='bbox 374 3315 462 3371; x_wconf 82' lang='lat' dir='ltr'><strong>Filius</strong></span> <span class='ocrx_word' id='word_1_464' title='bbox 483 3314 534 3371; x_wconf 86' lang='lat' dir='ltr'><strong>ltei</strong></span> <span class='ocrx_word' id='word_1_465' title='bbox 563 3314 734 3371; x_wconf 85' lang='lat' dir='ltr'><strong>sacrificium</strong></span> <span class='ocrx_word' id='word_1_466' title='bbox 763 3332 816 3387; x_wconf 92' lang='lat' dir='ltr'><strong>pro</strong></span> <span class='ocrx_word' id='word_1_467' title='bbox 841 3324 958 3388; x_wconf 89' lang='lat' dir='ltr'><strong>peccato</strong></span> <span class='ocrx_word' id='word_1_468' title='bbox 979 3319 1018 3374; x_wconf 92' lang='lat' dir='ltr'><strong>il-</strong></span> 
     </span>
     <span class='ocr_line' id='line_1_37' title="bbox 170 3403 1018 3476; baseline 0.004 -16"><span class='ocrx_word' id='word_1_469' title='bbox 170 3403 227 3460; x_wconf 90' lang='lat' dir='ltr'><strong>lius</strong></span> <span class='ocrx_word' id='word_1_470' title='bbox 250 3420 279 3459; x_wconf 89' lang='lat' dir='ltr'><strong>se</strong></span> <span class='ocrx_word' id='word_1_471' title='bbox 297 3404 430 3475; x_wconf 80' lang='lat' dir='ltr'><strong>praebuit.</strong></span> <span class='ocrx_word' id='word_1_472' title='bbox 458 3404 538 3459; x_wconf 87' lang='lat' dir='ltr'><strong>Unde</strong></span> <span class='ocrx_word' id='word_1_473' title='bbox 563 3405 693 3459; x_wconf 89' lang='lat' dir='ltr'><strong>ethomo</strong></span> <span class='ocrx_word' id='word_1_474' title='bbox 716 3405 767 3475; x_wconf 89' lang='lat' dir='ltr'><strong>qui</strong></span> <span class='ocrx_word' id='word_1_475' title='bbox 791 3420 844 3476; x_wconf 90' lang='lat' dir='ltr'><strong>per</strong></span> <span class='ocrx_word' id='word_1_476' title='bbox 870 3406 1018 3464; x_wconf 83' lang='lat' dir='ltr'><strong>scientiam</strong></span> 
     </span>
     <span class='ocr_line' id='line_1_38' title="bbox 171 3491 1017 3564; baseline 0.001 -15"><span class='ocrx_word' id='word_1_477' title='bbox 171 3491 285 3550; x_wconf 87' lang='lat' dir='ltr'><strong>boniet</strong></span> <span class='ocrx_word' id='word_1_478' title='bbox 306 3492 375 3549; x_wconf 88' lang='lat' dir='ltr'><strong>mali</strong></span> <span class='ocrx_word' id='word_1_479' title='bbox 402 3509 432 3548; x_wconf 88' lang='lat' dir='ltr'><strong>se</strong></span> <span class='ocrx_word' id='word_1_480' title='bbox 458 3493 582 3549; x_wconf 91' lang='lat' dir='ltr'><strong>multum</strong></span> <span class='ocrx_word' id='word_1_481' title='bbox 600 3508 732 3564; x_wconf 85' lang='lat' dir='ltr'><strong>peccasse</strong></span> <span class='ocrx_word' id='word_1_482' title='bbox 756 3493 930 3559; x_wconf 87' lang='lat' dir='ltr'><strong>recordatur,</strong></span> <span class='ocrx_word' id='word_1_483' title='bbox 951 3511 1017 3550; x_wconf 90' lang='lat' dir='ltr'><strong>cum</strong></span> 
     </span>
     <span class='ocr_line' id='line_1_39' title="bbox 171 3581 1017 3654; baseline 0.001 -17"><span class='ocrx_word' id='word_1_484' title='bbox 171 3582 207 3637; x_wconf 89' lang='lat' dir='ltr'><strong>ad</strong></span> <span class='ocrx_word' id='word_1_485' title='bbox 224 3583 315 3640; x_wconf 84' lang='lat' dir='ltr'><strong>boum</strong></span> <span class='ocrx_word' id='word_1_486' title='bbox 336 3582 471 3654; x_wconf 89' lang='lat' dir='ltr'><strong>suspirat,</strong></span> <span class='ocrx_word' id='word_1_487' title='bbox 487 3581 584 3637; x_wconf 91' lang='lat' dir='ltr'><strong>denno</strong></span> <span class='ocrx_word' id='word_1_488' title='bbox 611 3597 664 3653; x_wconf 87' lang='lat' dir='ltr'><strong>par</strong></span> <span class='ocrx_word' id='word_1_489' title='bbox 689 3582 887 3653; x_wconf 75' lang='lat' dir='ltr'><strong>paenitentiam</strong></span> <span class='ocrx_word' id='word_1_490' title='bbox 914 3581 945 3638; x_wconf 93' lang='lat' dir='ltr'><strong>in</strong></span> <span class='ocrx_word' id='word_1_491' title='bbox 960 3584 1017 3639; x_wconf 88' lang='lat' dir='ltr'><strong>lleo</strong></span> 
     </span>
     <span class='ocr_line' id='line_1_40' title="bbox 171 3669 1019 3740; baseline 0.001 -14"><span class='ocrx_word' id='word_1_492' title='bbox 171 3673 339 3727; x_wconf 88' lang='lat' dir='ltr'><strong>renascitur.</strong></span> <span class='ocrx_word' id='word_1_493' title='bbox 365 3673 407 3727; x_wconf 89' lang='grc' dir='ltr'><strong>Τιι</strong></span> <span class='ocrx_word' id='word_1_494' title='bbox 422 3675 530 3737; x_wconf 87' lang='lat' dir='ltr'><strong>antem,</strong></span> <span class='ocrx_word' id='word_1_495' title='bbox 545 3687 563 3724; x_wconf 94' lang='lat' dir='ltr'><strong>o</strong></span> <span class='ocrx_word' id='word_1_496' title='bbox 587 3669 639 3738; x_wconf 87' lang='lat' dir='ltr'><strong>tili,</strong></span> <span class='ocrx_word' id='word_1_497' title='bbox 659 3671 706 3726; x_wconf 90' lang='lat' dir='ltr'><strong>die</strong></span> <span class='ocrx_word' id='word_1_498' title='bbox 726 3686 759 3727; x_wconf 88' lang='lat' dir='ltr'><strong>ac</strong></span> <span class='ocrx_word' id='word_1_499' title='bbox 780 3676 864 3727; x_wconf 87' lang='lat' dir='ltr'><strong>nocte</strong></span> <span class='ocrx_word' id='word_1_500' title='bbox 878 3671 966 3740; x_wconf 88' lang='lat' dir='ltr'><strong>disce,</strong></span> <span class='ocrx_word' id='word_1_501' title='bbox 987 3675 1019 3727; x_wconf 87' lang='lat' dir='ltr'><strong>nt</strong></span> 
     </span>
     <span class='ocr_line' id='line_1_41' title="bbox 170 3760 454 3816; baseline -0.004 -1"><span class='ocrx_word' id='word_1_502' title='bbox 170 3761 202 3815; x_wconf 90' lang='lat' dir='ltr'><strong>in</strong></span> <span class='ocrx_word' id='word_1_503' title='bbox 217 3767 358 3816; x_wconf 73' lang='lat' dir='ltr'><strong>{aternum</strong></span> <span class='ocrx_word' id='word_1_504' title='bbox 368 3760 454 3815; x_wconf 74' lang='lat' dir='ltr'><strong>uvas.</strong></span> 
     </span>
    </p>
   </div>
   <div class='ocr_carea' id='block_1_5' title="bbox 171 3864 1017 4011">
    <p class='ocr_par' dir='ltr' id='par_1_5' title="bbox 171 3864 1017 4011">
     <span class='ocr_line' id='line_1_42' title="bbox 455 3864 764 3922; baseline -0.006 -2"><span class='ocrx_word' id='word_1_505' title='bbox 455 3864 618 3922; x_wconf 70' lang='lat' dir='ltr'><strong>nerstein</strong></span> <span class='ocrx_word' id='word_1_506' title='bbox 644 3865 764 3921; x_wconf 84' lang='lat' dir='ltr'><strong>cxxvtt.</strong></span> 
     </span>
     <span class='ocr_line' id='line_1_43' title="bbox 171 3969 1017 4011; baseline 0.002 -3"><span class='ocrx_word' id='word_1_507' title='bbox 171 3971 198 4010; x_wconf 91' lang='lat' dir='ltr'><strong>v.</strong></span> <span class='ocrx_word' id='word_1_508' title='bbox 232 3969 398 4010; x_wconf 82' lang='lat' dir='ltr'><strong>aaarsrsrsrs</strong></span> <span class='ocrx_word' id='word_1_509' title='bbox 431 3969 554 4010; x_wconf 82' lang='lat' dir='ltr'><strong>asorsrav</strong></span> <span class='ocrx_word' id='word_1_510' title='bbox 584 3969 722 4010; x_wconf 83' lang='lat' dir='ltr'><strong>raaonoes</strong></span> <span class='ocrx_word' id='word_1_511' title='bbox 755 3971 791 4010; x_wconf 77' lang='lat' dir='ltr'><strong>ao</strong></span> <span class='ocrx_word' id='word_1_512' title='bbox 817 3971 1017 4011; x_wconf 76' lang='lat' dir='ltr'><strong>morcarum.</strong></span> 
     </span>
    </p>
   </div>
   <div class='ocr_carea' id='block_1_6' title="bbox 171 4059 1020 4201">
    <p class='ocr_par' dir='ltr' id='par_1_6' title="bbox 171 4059 1020 4201">
     <span class='ocr_line' id='line_1_44' title="bbox 171 4059 1020 4134; baseline 0.002 -18"><span class='ocrx_word' id='word_1_513' title='bbox 171 4060 276 4126; x_wconf 76' lang='lat' dir='ltr'><strong>Quarti</strong></span> <span class='ocrx_word' id='word_1_514' title='bbox 295 4077 317 4115; x_wconf 89' lang='lat' dir='ltr'><strong>o</strong></span> <span class='ocrx_word' id='word_1_515' title='bbox 337 4062 439 4115; x_wconf 76' lang='lat' dir='ltr'><strong>amicto</strong></span> <span class='ocrx_word' id='word_1_516' title='bbox 466 4059 649 4132; x_wconf 76' lang='lat' dir='ltr'><strong>Hitdcporde</strong></span> <span class='ocrx_word' id='word_1_517' title='bbox 673 4077 713 4116; x_wconf 83' lang='lat' dir='ltr'><strong>uu</strong></span> <span class='ocrx_word' id='word_1_518' title='bbox 741 4059 800 4115; x_wconf 92' lang='lat' dir='ltr'><strong>dici</strong></span> <span class='ocrx_word' id='word_1_519' title='bbox 825 4060 927 4132; x_wconf 83' lang='lat' dir='ltr'><strong>possit,</strong></span> <span class='ocrx_word' id='word_1_520' title='bbox 943 4061 1020 4134; x_wconf 82' lang='lat' dir='ltr'><strong>quod</strong></span> 
     </span>
     <span class='ocr_line' id='line_1_45' title="bbox 295 4129 894 4201; baseline 0.002 -16"><span class='ocrx_word' id='word_1_521' title='bbox 295 4130 460 4201; x_wconf 82' lang='lat' dir='ltr'><strong>paternitas</strong></span> <span class='ocrx_word' id='word_1_522' title='bbox 476 4133 504 4185; x_wconf 89' lang='lat' dir='ltr'><strong>et</strong></span> <span class='ocrx_word' id='word_1_523' title='bbox 526 4129 663 4187; x_wconf 81' lang='lat' dir='ltr'><strong>diuinitus</strong></span> <span class='ocrx_word' id='word_1_524' title='bbox 684 4132 761 4186; x_wconf 85' lang='lat' dir='ltr'><strong>Deus</strong></span> <span class='ocrx_word' id='word_1_525' title='bbox 772 4148 830 4188; x_wconf 84' lang='lat' dir='ltr'><strong>auu</strong></span> <span class='ocrx_word' id='word_1_526' title='bbox 843 4131 894 4188; x_wconf 82' lang='lat' dir='ltr'><strong>rit.</strong></span> 
     </span>
    </p>
   </div>
   <div class='ocr_carea' id='block_1_7' title="bbox 1071 2999 1924 4132">
    <p class='ocr_par' dir='ltr' id='par_1_7' title="bbox 1071 2999 1924 4132">
     <span class='ocr_line' id='line_1_46' title="bbox 1072 2999 1924 3070; baseline -0.001 -13"><span class='ocrx_word' id='word_1_527' title='bbox 1072 3001 1108 3057; x_wconf 88' lang='lat' dir='ltr'><strong>tis</strong></span> <span class='ocrx_word' id='word_1_528' title='bbox 1127 2999 1228 3056; x_wconf 84' lang='lat' dir='ltr'><strong>excelsi</strong></span> <span class='ocrx_word' id='word_1_529' title='bbox 1244 3000 1308 3056; x_wconf 88' lang='lat' dir='ltr'><strong>dieo</strong></span> <span class='ocrx_word' id='word_1_530' title='bbox 1325 2999 1394 3056; x_wconf 86' lang='lat' dir='ltr'><strong>:Sol</strong></span> <span class='ocrx_word' id='word_1_531' title='bbox 1411 2999 1521 3055; x_wconf 88' lang='lat' dir='ltr'><strong>lumine</strong></span> <span class='ocrx_word' id='word_1_532' title='bbox 1547 3015 1599 3054; x_wconf 90' lang='lat' dir='ltr'><strong>eno</strong></span> <span class='ocrx_word' id='word_1_533' title='bbox 1621 2999 1778 3070; x_wconf 86' lang='lat' dir='ltr'><strong>descendit,</strong></span> <span class='ocrx_word' id='word_1_534' title='bbox 1795 3005 1822 3055; x_wconf 90' lang='lat' dir='ltr'><strong>et</strong></span> <span class='ocrx_word' id='word_1_535' title='bbox 1844 3003 1924 3057; x_wconf 90' lang='lat' dir='ltr'><strong>mul-</strong></span> 
     </span>
     <span class='ocr_line' id='line_1_47' title="bbox 1071 3087 1921 3160; baseline 0 -14"><span class='ocrx_word' id='word_1_536' title='bbox 1071 3095 1116 3146; x_wconf 87' lang='lat' dir='ltr'><strong>tas</strong></span> <span class='ocrx_word' id='word_1_537' title='bbox 1138 3087 1352 3160; x_wconf 77' lang='lat' dir='ltr'><strong>indignationes</strong></span> <span class='ocrx_word' id='word_1_538' title='bbox 1376 3087 1607 3144; x_wconf 87' lang='lat' dir='ltr'><strong>vicissitudinum</strong></span> <span class='ocrx_word' id='word_1_539' title='bbox 1629 3088 1758 3145; x_wconf 87' lang='lat' dir='ltr'><strong>locorum</strong></span> <span class='ocrx_word' id='word_1_540' title='bbox 1784 3089 1921 3146; x_wconf 89' lang='lat' dir='ltr'><strong>illustrat.</strong></span> 
     </span>
     <span class='ocr_line' id='line_1_48' title="bbox 1072 3175 1924 3249; baseline -0.001 -16"><span class='ocrx_word' id='word_1_541' title='bbox 1072 3179 1107 3234; x_wconf 86' lang='lat' dir='ltr'><strong>Et</strong></span> <span class='ocrx_word' id='word_1_542' title='bbox 1125 3177 1175 3247; x_wconf 92' lang='lat' dir='ltr'><strong>sic,</strong></span> <span class='ocrx_word' id='word_1_543' title='bbox 1198 3193 1215 3233; x_wconf 93' lang='lat' dir='ltr'><strong>o</strong></span> <span class='ocrx_word' id='word_1_544' title='bbox 1239 3182 1269 3232; x_wconf 91' lang='lat' dir='ltr'><strong>tn</strong></span> <span class='ocrx_word' id='word_1_545' title='bbox 1293 3177 1439 3248; x_wconf 86' lang='lat' dir='ltr'><strong>magister,</strong></span> <span class='ocrx_word' id='word_1_546' title='bbox 1468 3175 1498 3231; x_wconf 91' lang='lat' dir='ltr'><strong>in</strong></span> <span class='ocrx_word' id='word_1_547' title='bbox 1514 3177 1732 3249; x_wconf 86' lang='lat' dir='ltr'><strong>magistratione</strong></span> <span class='ocrx_word' id='word_1_548' title='bbox 1760 3178 1866 3234; x_wconf 90' lang='lat' dir='ltr'><strong>multos</strong></span> <span class='ocrx_word' id='word_1_549' title='bbox 1881 3177 1924 3232; x_wconf 93' lang='lat' dir='ltr'><strong>ri-</strong></span> 
     </span>
     <span class='ocr_line' id='line_1_49' title="bbox 1072 3264 1924 3337; baseline 0.002 -15"><span class='ocrx_word' id='word_1_550' title='bbox 1072 3269 1154 3323; x_wconf 86' lang='lat' dir='ltr'><strong>vulos</strong></span> <span class='ocrx_word' id='word_1_551' title='bbox 1168 3266 1198 3322; x_wconf 93' lang='lat' dir='ltr'><strong>in</strong></span> <span class='ocrx_word' id='word_1_552' title='bbox 1217 3265 1366 3337; x_wconf 88' lang='lat' dir='ltr'><strong>scripturis</strong></span> <span class='ocrx_word' id='word_1_553' title='bbox 1389 3264 1489 3332; x_wconf 87' lang='lat' dir='ltr'><strong>habes,</strong></span> <span class='ocrx_word' id='word_1_554' title='bbox 1505 3281 1578 3337; x_wconf 89' lang='lat' dir='ltr'><strong>qnos</strong></span> <span class='ocrx_word' id='word_1_555' title='bbox 1593 3265 1669 3320; x_wconf 91' lang='lat' dir='ltr'><strong>inter</strong></span> <span class='ocrx_word' id='word_1_556' title='bbox 1687 3265 1758 3320; x_wconf 88' lang='lat' dir='ltr'><strong>alios</strong></span> <span class='ocrx_word' id='word_1_557' title='bbox 1774 3267 1924 3324; x_wconf 87' lang='lat' dir='ltr'><strong>interdum</strong></span> 
     </span>
     <span class='ocr_line' id='line_1_50' title="bbox 1073 3353 1923 3428; baseline 0 -18"><span class='ocrx_word' id='word_1_558' title='bbox 1073 3355 1194 3428; x_wconf 88' lang='lat' dir='ltr'><strong>spargis,</strong></span> <span class='ocrx_word' id='word_1_559' title='bbox 1219 3353 1326 3410; x_wconf 87' lang='lat' dir='ltr'><strong>scilicet</strong></span> <span class='ocrx_word' id='word_1_560' title='bbox 1349 3354 1557 3426; x_wconf 89' lang='lat' dir='ltr'><strong>intermagnos</strong></span> <span class='ocrx_word' id='word_1_561' title='bbox 1581 3359 1609 3409; x_wconf 91' lang='lat' dir='ltr'><strong>et</strong></span> <span class='ocrx_word' id='word_1_562' title='bbox 1634 3369 1745 3426; x_wconf 88' lang='lat' dir='ltr'><strong>parvos.</strong></span> <span class='ocrx_word' id='word_1_563' title='bbox 1767 3353 1821 3410; x_wconf 87' lang='lat' dir='ltr'><strong>Sed</strong></span> <span class='ocrx_word' id='word_1_564' title='bbox 1839 3355 1923 3410; x_wconf 89' lang='lat' dir='ltr'><strong>valde</strong></span> 
     </span>
     <span class='ocr_line' id='line_1_51' title="bbox 1072 3441 1920 3515; baseline -0.002 -15"><span class='ocrx_word' id='word_1_565' title='bbox 1072 3446 1205 3500; x_wconf 89' lang='lat' dir='ltr'><strong>tremisco</strong></span> <span class='ocrx_word' id='word_1_566' title='bbox 1219 3448 1339 3515; x_wconf 89' lang='lat' dir='ltr'><strong>propter</strong></span> <span class='ocrx_word' id='word_1_567' title='bbox 1361 3441 1502 3498; x_wconf 88' lang='lat' dir='ltr'><strong>humilem</strong></span> <span class='ocrx_word' id='word_1_568' title='bbox 1522 3441 1646 3498; x_wconf 84' lang='lat' dir='ltr'><strong>termam</strong></span> <span class='ocrx_word' id='word_1_569' title='bbox 1675 3457 1740 3514; x_wconf 78' lang='lat' dir='ltr'><strong>qua</strong></span> <span class='ocrx_word' id='word_1_570' title='bbox 1759 3441 1789 3497; x_wconf 95' lang='lat' dir='ltr'><strong>in</strong></span> <span class='ocrx_word' id='word_1_571' title='bbox 1804 3458 1850 3497; x_wconf 89' lang='lat' dir='ltr'><strong>ms</strong></span> <span class='ocrx_word' id='word_1_572' title='bbox 1865 3449 1920 3498; x_wconf 88' lang='lat' dir='ltr'><strong>eet.</strong></span> 
     </span>
     <span class='ocr_line' id='line_1_52' title="bbox 1074 3529 1918 3602; baseline -0.002 -14"><span class='ocrx_word' id='word_1_573' title='bbox 1074 3535 1154 3588; x_wconf 83' lang='lat' dir='ltr'><strong>Nunc</strong></span> <span class='ocrx_word' id='word_1_574' title='bbox 1168 3532 1235 3588; x_wconf 88' lang='lat' dir='ltr'><strong>andi</strong></span> <span class='ocrx_word' id='word_1_575' title='bbox 1252 3548 1259 3588; x_wconf 80' lang='grc' dir='ltr'>ι</span> <span class='ocrx_word' id='word_1_576' title='bbox 1277 3533 1336 3587; x_wconf 83' lang='lat' dir='ltr'><strong>Rex</strong></span> <span class='ocrx_word' id='word_1_577' title='bbox 1350 3529 1380 3586; x_wconf 93' lang='lat' dir='ltr'><strong>in</strong></span> <span class='ocrx_word' id='word_1_578' title='bbox 1404 3530 1477 3586; x_wconf 89' lang='lat' dir='ltr'><strong>sulio</strong></span> <span class='ocrx_word' id='word_1_579' title='bbox 1491 3547 1543 3586; x_wconf 90' lang='lat' dir='ltr'><strong>suo</strong></span> <span class='ocrx_word' id='word_1_580' title='bbox 1563 3529 1648 3599; x_wconf 89' lang='lat' dir='ltr'><strong>sedit,</strong></span> <span class='ocrx_word' id='word_1_581' title='bbox 1676 3535 1704 3585; x_wconf 91' lang='lat' dir='ltr'><strong>et</strong></span> <span class='ocrx_word' id='word_1_582' title='bbox 1725 3547 1844 3602; x_wconf 86' lang='lat' dir='ltr'><strong>magnes</strong></span> <span class='ocrx_word' id='word_1_583' title='bbox 1868 3548 1918 3586; x_wconf 86' lang='lat' dir='ltr'><strong>eo-</strong></span> 
     </span>
     <span class='ocr_line' id='line_1_53' title="bbox 1072 3618 1924 3691; baseline -0.004 -14"><span class='ocrx_word' id='word_1_584' title='bbox 1072 3622 1186 3677; x_wconf 87' lang='lat' dir='ltr'><strong>lumnaa</strong></span> <span class='ocrx_word' id='word_1_585' title='bbox 1212 3625 1240 3674; x_wconf 88' lang='lat' dir='ltr'><strong>at</strong></span> <span class='ocrx_word' id='word_1_586' title='bbox 1267 3620 1350 3675; x_wconf 88' lang='lat' dir='ltr'><strong>valde</strong></span> <span class='ocrx_word' id='word_1_587' title='bbox 1377 3619 1523 3691; x_wconf 89' lang='lat' dir='ltr'><strong>elegantes</strong></span> <span class='ocrx_word' id='word_1_588' title='bbox 1547 3618 1578 3674; x_wconf 94' lang='lat' dir='ltr'><strong>in</strong></span> <span class='ocrx_word' id='word_1_589' title='bbox 1607 3618 1718 3690; x_wconf 86' lang='lat' dir='ltr'><strong>magnis</strong></span> <span class='ocrx_word' id='word_1_590' title='bbox 1744 3621 1924 3675; x_wconf 86' lang='lat' dir='ltr'><strong>ornamentis</strong></span> 
     </span>
     <span class='ocr_line' id='line_1_54' title="bbox 1072 3707 1920 3779; baseline -0.002 -14"><span class='ocrx_word' id='word_1_591' title='bbox 1072 3725 1169 3765; x_wconf 88' lang='lat' dir='ltr'><strong>coram</strong></span> <span class='ocrx_word' id='word_1_592' title='bbox 1190 3724 1221 3764; x_wconf 87' lang='lat' dir='ltr'><strong>se</strong></span> <span class='ocrx_word' id='word_1_593' title='bbox 1242 3708 1351 3776; x_wconf 87' lang='lat' dir='ltr'><strong>statuit,</strong></span> <span class='ocrx_word' id='word_1_594' title='bbox 1369 3724 1433 3779; x_wconf 78' lang='lat' dir='ltr'><strong>qum</strong></span> <span class='ocrx_word' id='word_1_595' title='bbox 1456 3711 1523 3762; x_wconf 90' lang='lat' dir='ltr'><strong>sunt</strong></span> <span class='ocrx_word' id='word_1_596' title='bbox 1551 3712 1722 3762; x_wconf 87' lang='lat' dir='ltr'><strong>ornamenta</strong></span> <span class='ocrx_word' id='word_1_597' title='bbox 1743 3707 1837 3763; x_wconf 87' lang='lat' dir='ltr'><strong>eboris</strong></span> <span class='ocrx_word' id='word_1_598' title='bbox 1853 3723 1920 3763; x_wconf 90' lang='lat' dir='ltr'><strong>ere-</strong></span> 
     </span>
     <span class='ocr_line' id='line_1_55' title="bbox 1073 3794 1924 3869; baseline -0.004 -15"><span class='ocrx_word' id='word_1_599' title='bbox 1073 3803 1118 3854; x_wconf 88' lang='lat' dir='ltr'><strong>cto</strong></span> <span class='ocrx_word' id='word_1_600' title='bbox 1132 3803 1208 3865; x_wconf 90' lang='lat' dir='ltr'><strong>snut,</strong></span> <span class='ocrx_word' id='word_1_601' title='bbox 1225 3802 1254 3853; x_wconf 90' lang='lat' dir='ltr'><strong>et</strong></span> <span class='ocrx_word' id='word_1_602' title='bbox 1267 3812 1333 3869; x_wconf 79' lang='lat' dir='ltr'><strong>quse</strong></span> <span class='ocrx_word' id='word_1_603' title='bbox 1356 3795 1454 3852; x_wconf 87' lang='lat' dir='ltr'><strong>omnia</strong></span> <span class='ocrx_word' id='word_1_604' title='bbox 1476 3795 1648 3851; x_wconf 89' lang='lat' dir='ltr'><strong>indumenta</strong></span> <span class='ocrx_word' id='word_1_605' title='bbox 1670 3795 1746 3866; x_wconf 92' lang='lat' dir='ltr'><strong>regis</strong></span> <span class='ocrx_word' id='word_1_606' title='bbox 1763 3794 1793 3851; x_wconf 93' lang='lat' dir='ltr'><strong>in</strong></span> <span class='ocrx_word' id='word_1_607' title='bbox 1810 3797 1924 3868; x_wconf 89' lang='lat' dir='ltr'><strong>magnis</strong></span> 
     </span>
     <span class='ocr_line' id='line_1_56' title="bbox 1073 3883 1920 3957; baseline -0.004 -14"><span class='ocrx_word' id='word_1_608' title='bbox 1073 3885 1231 3944; x_wconf 89' lang='lat' dir='ltr'><strong>honoribus</strong></span> <span class='ocrx_word' id='word_1_609' title='bbox 1246 3885 1406 3957; x_wconf 88' lang='lat' dir='ltr'><strong>gestabant.</strong></span> <span class='ocrx_word' id='word_1_610' title='bbox 1428 3885 1508 3940; x_wconf 73' lang='lat' dir='ltr'><strong>lunc</strong></span> <span class='ocrx_word' id='word_1_611' title='bbox 1522 3884 1593 3955; x_wconf 85' lang='lat' dir='ltr'><strong>Regi</strong></span> <span class='ocrx_word' id='word_1_612' title='bbox 1616 3883 1734 3955; x_wconf 91' lang='lat' dir='ltr'><strong>placuit,</strong></span> <span class='ocrx_word' id='word_1_613' title='bbox 1753 3890 1782 3939; x_wconf 90' lang='lat' dir='ltr'><strong>et</strong></span> <span class='ocrx_word' id='word_1_614' title='bbox 1803 3900 1920 3956; x_wconf 88' lang='lat' dir='ltr'><strong>parvam</strong></span> 
     </span>
     <span class='ocr_line' id='line_1_57' title="bbox 1073 3971 1917 4048; baseline -0.004 -18"><span class='ocrx_word' id='word_1_615' title='bbox 1073 3991 1198 4048; x_wconf 89' lang='lat' dir='ltr'><strong>pennam</strong></span> <span class='ocrx_word' id='word_1_616' title='bbox 1213 3973 1249 4030; x_wconf 91' lang='lat' dir='ltr'><strong>de</strong></span> <span class='ocrx_word' id='word_1_617' title='bbox 1278 3978 1354 4029; x_wconf 90' lang='lat' dir='ltr'><strong>terra</strong></span> <span class='ocrx_word' id='word_1_618' title='bbox 1368 3972 1483 4040; x_wconf 83' lang='lat' dir='ltr'><strong>levavit,</strong></span> <span class='ocrx_word' id='word_1_619' title='bbox 1499 3977 1528 4026; x_wconf 87' lang='lat' dir='ltr'><strong>et</strong></span> <span class='ocrx_word' id='word_1_620' title='bbox 1540 3971 1581 4026; x_wconf 89' lang='lat' dir='ltr'><strong>illi</strong></span> <span class='ocrx_word' id='word_1_621' title='bbox 1595 3971 1732 4044; x_wconf 76' lang='lat' dir='ltr'><strong>pracepit</strong></span> <span class='ocrx_word' id='word_1_622' title='bbox 1753 3973 1917 4040; x_wconf 74' lang='lat' dir='ltr'><strong>mactaret,</strong></span> 
     </span>
     <span class='ocr_line' id='line_1_58' title="bbox 1073 4059 1921 4132; baseline -0.005 -14"><span class='ocrx_word' id='word_1_623' title='bbox 1073 4063 1148 4119; x_wconf 88' lang='lat' dir='ltr'><strong>sicut</strong></span> <span class='ocrx_word' id='word_1_624' title='bbox 1168 4063 1243 4120; x_wconf 87' lang='lat' dir='ltr'><strong>idem</strong></span> <span class='ocrx_word' id='word_1_625' title='bbox 1273 4077 1320 4116; x_wconf 85' lang='lat' dir='ltr'><strong>rex</strong></span> <span class='ocrx_word' id='word_1_626' title='bbox 1345 4061 1445 4116; x_wconf 89' lang='lat' dir='ltr'><strong>voluit.</strong></span> <span class='ocrx_word' id='word_1_627' title='bbox 1472 4062 1570 4116; x_wconf 88' lang='lat' dir='ltr'><strong>Penne</strong></span> <span class='ocrx_word' id='word_1_628' title='bbox 1599 4064 1695 4116; x_wconf 85' lang='lat' dir='ltr'><strong>autem</strong></span> <span class='ocrx_word' id='word_1_629' title='bbox 1724 4059 1848 4132; x_wconf 87' lang='lat' dir='ltr'><strong>aseipaa</strong></span> <span class='ocrx_word' id='word_1_630' title='bbox 1863 4076 1921 4114; x_wconf 93' lang='lat' dir='ltr'><strong>nou</strong></span> 
     </span>
    </p>
   </div>
   <div class='ocr_carea' id='block_1_8' title="bbox 1038 4147 1922 4244">
    <p class='ocr_par' dir='ltr' id='par_1_8' title="bbox 1038 4147 1922 4244">
     <span class='ocr_line' id='line_1_59' title="bbox 1038 4147 1922 4244; baseline -0.003 -37"><span class='ocrx_word' id='word_1_631' title='bbox 1038 4153 1160 4244; x_wconf 81' lang='lat' dir='ltr'><strong>Dvolat,</strong></span> <span class='ocrx_word' id='word_1_632' title='bbox 1182 4151 1230 4207; x_wconf 89' lang='lat' dir='ltr'><strong>scd</strong></span> <span class='ocrx_word' id='word_1_633' title='bbox 1246 4167 1295 4206; x_wconf 89' lang='lat' dir='ltr'><strong>aer</strong></span> <span class='ocrx_word' id='word_1_634' title='bbox 1321 4165 1385 4213; x_wconf 79' lang='lat' dir='ltr'><strong>eam</strong></span> <span class='ocrx_word' id='word_1_635' title='bbox 1410 4153 1514 4222; x_wconf 87' lang='lat' dir='ltr'><strong>portat.</strong></span> <span class='ocrx_word' id='word_1_636' title='bbox 1545 4148 1591 4204; x_wconf 88' lang='lat' dir='ltr'><strong>Sic</strong></span> <span class='ocrx_word' id='word_1_637' title='bbox 1609 4163 1664 4219; x_wconf 90' lang='lat' dir='ltr'><strong>ego</strong></span> <span class='ocrx_word' id='word_1_638' title='bbox 1692 4164 1752 4203; x_wconf 93' lang='lat' dir='ltr'><strong>nou</strong></span> <span class='ocrx_word' id='word_1_639' title='bbox 1779 4164 1842 4204; x_wconf 91' lang='lat' dir='ltr'><strong>sum</strong></span> <span class='ocrx_word' id='word_1_640' title='bbox 1871 4147 1922 4204; x_wconf 88' lang='lat' dir='ltr'><strong>im-</strong></span> 
     </span>
    </p>
   </div>
   <div class='ocr_carea' id='block_1_9' title="bbox 208 4234 1923 4309">
    <p class='ocr_par' dir='ltr' id='par_1_9' title="bbox 208 4234 1923 4309">
     <span class='ocr_line' id='line_1_60' title="bbox 208 4234 1923 4309; baseline -0.002 -11"><span class='ocrx_word' id='word_1_641' title='bbox 208 4237 339 4293; x_wconf 79' lang='lat' dir='ltr'><strong>Dominoe</strong></span> <span class='ocrx_word' id='word_1_642' title='bbox 361 4238 393 4291; x_wconf 79' lang='lat' dir='ltr'><strong>H·</strong></span> <span class='ocrx_word' id='word_1_643' title='bbox 415 4236 530 4293; x_wconf 69' lang='lat' dir='ltr'><strong>eximite</strong></span> <span class='ocrx_word' id='word_1_644' title='bbox 551 4237 657 4309; x_wconf 69' lang='lat' dir='ltr'><strong>virgini</strong></span> <span class='ocrx_word' id='word_1_645' title='bbox 680 4237 796 4305; x_wconf 76' lang='lat' dir='ltr'><strong>Christi,</strong></span> <span class='ocrx_word' id='word_1_646' title='bbox 823 4239 855 4291; x_wconf 89' lang='lat' dir='ltr'><strong>V·</strong></span> <span class='ocrx_word' id='word_1_647' title='bbox 877 4236 1019 4293; x_wconf 69' lang='lat' dir='ltr'><strong>parisien·</strong></span> <span class='ocrx_word' id='word_1_648' title='bbox 1075 4241 1144 4298; x_wconf 86' lang='lat' dir='ltr'><strong>buta</strong></span> <span class='ocrx_word' id='word_1_649' title='bbox 1158 4241 1284 4295; x_wconf 85' lang='lat' dir='ltr'><strong>humana</strong></span> <span class='ocrx_word' id='word_1_650' title='bbox 1304 4238 1444 4307; x_wconf 90' lang='lat' dir='ltr'><strong>doctrina,</strong></span> <span class='ocrx_word' id='word_1_651' title='bbox 1467 4253 1519 4293; x_wconf 89' lang='lat' dir='ltr'><strong>nec</strong></span> <span class='ocrx_word' id='word_1_652' title='bbox 1544 4234 1710 4309; x_wconf 88' lang='lat' dir='ltr'><strong>potentibus</strong></span> <span class='ocrx_word' id='word_1_653' title='bbox 1738 4236 1855 4304; x_wconf 81' lang='lat' dir='ltr'><strong>viribus,</strong></span> <span class='ocrx_word' id='word_1_654' title='bbox 1869 4253 1923 4294; x_wconf 90' lang='lat' dir='ltr'><strong>nec</strong></span> 
     </span>
    </p>
   </div>
   <div class='ocr_carea' id='block_1_10' title="bbox 171 4325 1020 5284">
    <p class='ocr_par' dir='ltr' id='par_1_10' title="bbox 171 4325 1020 5284">
     <span class='ocr_line' id='line_1_61' title="bbox 172 4325 1019 4398; baseline 0.001 -17"><span class='ocrx_word' id='word_1_655' title='bbox 172 4326 211 4381; x_wconf 85' lang='lat' dir='ltr'><strong>slis</strong></span> <span class='ocrx_word' id='word_1_656' title='bbox 238 4325 355 4382; x_wconf 91' lang='lat' dir='ltr'><strong>humitis</strong></span> <span class='ocrx_word' id='word_1_657' title='bbox 378 4329 405 4380; x_wconf 88' lang='lat' dir='ltr'><strong>et</strong></span> <span class='ocrx_word' id='word_1_658' title='bbox 430 4325 566 4397; x_wconf 90' lang='lat' dir='ltr'><strong>indignus</strong></span> <span class='ocrx_word' id='word_1_659' title='bbox 594 4326 732 4398; x_wconf 88' lang='lat' dir='ltr'><strong>magister</strong></span> <span class='ocrx_word' id='word_1_660' title='bbox 762 4325 879 4380; x_wconf 89' lang='lat' dir='ltr'><strong>nominc</strong></span> <span class='ocrx_word' id='word_1_661' title='bbox 902 4331 931 4380; x_wconf 89' lang='lat' dir='ltr'><strong>et</strong></span> <span class='ocrx_word' id='word_1_662' title='bbox 955 4326 1019 4382; x_wconf 87' lang='lat' dir='ltr'><strong>locu</strong></span> 
     </span>
     <span class='ocr_line' id='line_1_62' title="bbox 173 4414 1018 4488; baseline -0.001 -17"><span class='ocrx_word' id='word_1_663' title='bbox 173 4432 231 4488; x_wconf 88' lang='lat' dir='ltr'><strong>qno</strong></span> <span class='ocrx_word' id='word_1_664' title='bbox 257 4415 397 4487; x_wconf 86' lang='lat' dir='ltr'><strong>iungitur,</strong></span> <span class='ocrx_word' id='word_1_665' title='bbox 417 4416 587 4481; x_wconf 85' lang='lat' dir='ltr'><strong>orationem,</strong></span> <span class='ocrx_word' id='word_1_666' title='bbox 605 4420 634 4471; x_wconf 91' lang='lat' dir='ltr'><strong>et</strong></span> <span class='ocrx_word' id='word_1_667' title='bbox 652 4415 793 4488; x_wconf 83' lang='lat' dir='ltr'><strong>quidquid</strong></span> <span class='ocrx_word' id='word_1_668' title='bbox 812 4419 899 4471; x_wconf 79' lang='lat' dir='ltr'><strong>tante</strong></span> <span class='ocrx_word' id='word_1_669' title='bbox 913 4414 1018 4470; x_wconf 85' lang='lat' dir='ltr'><strong>saneti·</strong></span> 
     </span>
     <span class='ocr_line' id='line_1_63' title="bbox 172 4504 964 4576; baseline -0.003 -16"><span class='ocrx_word' id='word_1_670' title='bbox 172 4506 239 4561; x_wconf 89' lang='lat' dir='ltr'><strong>tatis</strong></span> <span class='ocrx_word' id='word_1_671' title='bbox 253 4509 282 4560; x_wconf 88' lang='lat' dir='ltr'><strong>et</strong></span> <span class='ocrx_word' id='word_1_672' title='bbox 297 4504 455 4560; x_wconf 89' lang='lat' dir='ltr'><strong>nobilitatis</strong></span> <span class='ocrx_word' id='word_1_673' title='bbox 475 4521 605 4576; x_wconf 83' lang='lat' dir='ltr'><strong>personae</strong></span> <span class='ocrx_word' id='word_1_674' title='bbox 624 4505 800 4576; x_wconf 87' lang='lat' dir='ltr'><strong>condignum</strong></span> <span class='ocrx_word' id='word_1_675' title='bbox 823 4509 964 4560; x_wconf 87' lang='lat' dir='ltr'><strong>consetur.</strong></span> 
     </span>
     <span class='ocr_line' id='line_1_64' title="bbox 208 4592 1020 4665; baseline 0 -17"><span class='ocrx_word' id='word_1_676' title='bbox 208 4594 280 4661; x_wconf 77' lang='lat' dir='ltr'><strong>Onia</strong></span> <span class='ocrx_word' id='word_1_677' title='bbox 296 4600 339 4661; x_wconf 90' lang='lat' dir='ltr'><strong>tu,</strong></span> <span class='ocrx_word' id='word_1_678' title='bbox 354 4593 481 4660; x_wconf 89' lang='lat' dir='ltr'><strong>domina,</strong></span> <span class='ocrx_word' id='word_1_679' title='bbox 497 4594 632 4649; x_wconf 87' lang='lat' dir='ltr'><strong>ancillam</strong></span> <span class='ocrx_word' id='word_1_680' title='bbox 651 4599 680 4649; x_wconf 85' lang='lat' dir='ltr'><strong>te</strong></span> <span class='ocrx_word' id='word_1_681' title='bbox 702 4592 792 4649; x_wconf 88' lang='lat' dir='ltr'><strong>iecisti</strong></span> <span class='ocrx_word' id='word_1_682' title='bbox 815 4592 931 4662; x_wconf 83' lang='lat' dir='ltr'><strong>Christi,</strong></span> <span class='ocrx_word' id='word_1_683' title='bbox 958 4593 1020 4665; x_wconf 88' lang='lat' dir='ltr'><strong>ipse</strong></span> 
     </span>
     <span class='ocr_line' id='line_1_65' title="bbox 172 4681 1019 4755; baseline -0.001 -17"><span class='ocrx_word' id='word_1_684' title='bbox 172 4689 201 4738; x_wconf 87' lang='lat' dir='ltr'><strong>te</strong></span> <span class='ocrx_word' id='word_1_685' title='bbox 212 4699 299 4755; x_wconf 86' lang='lat' dir='ltr'><strong>super</strong></span> <span class='ocrx_word' id='word_1_686' title='bbox 311 4686 340 4737; x_wconf 88' lang='lat' dir='ltr'><strong>ta</strong></span> <span class='ocrx_word' id='word_1_687' title='bbox 359 4682 490 4751; x_wconf 87' lang='lat' dir='ltr'><strong>elevavit,</strong></span> <span class='ocrx_word' id='word_1_688' title='bbox 514 4688 543 4738; x_wconf 89' lang='lat' dir='ltr'><strong>et</strong></span> <span class='ocrx_word' id='word_1_689' title='bbox 563 4687 671 4737; x_wconf 86' lang='lat' dir='ltr'><strong>secreta</strong></span> <span class='ocrx_word' id='word_1_690' title='bbox 684 4681 737 4739; x_wconf 89' lang='lat' dir='ltr'><strong>tibi</strong></span> <span class='ocrx_word' id='word_1_691' title='bbox 755 4681 912 4754; x_wconf 89' lang='lat' dir='ltr'><strong>viriginalis</strong></span> <span class='ocrx_word' id='word_1_692' title='bbox 927 4682 1019 4737; x_wconf 89' lang='lat' dir='ltr'><strong>thala-</strong></span> 
     </span>
     <span class='ocr_line' id='line_1_66' title="bbox 172 4770 1020 4843; baseline -0.001 -16"><span class='ocrx_word' id='word_1_693' title='bbox 172 4771 214 4827; x_wconf 93' lang='lat' dir='ltr'><strong>mi</strong></span> <span class='ocrx_word' id='word_1_694' title='bbox 228 4771 321 4827; x_wconf 90' lang='lat' dir='ltr'><strong>adhnc</strong></span> <span class='ocrx_word' id='word_1_695' title='bbox 334 4770 365 4826; x_wconf 93' lang='lat' dir='ltr'><strong>in</strong></span> <span class='ocrx_word' id='word_1_696' title='bbox 380 4787 467 4826; x_wconf 90' lang='lat' dir='ltr'><strong>carue</strong></span> <span class='ocrx_word' id='word_1_697' title='bbox 489 4770 593 4843; x_wconf 74' lang='lat' dir='ltr'><strong>positia</strong></span> <span class='ocrx_word' id='word_1_698' title='bbox 612 4771 751 4826; x_wconf 85' lang='lat' dir='ltr'><strong>revelasse</strong></span> <span class='ocrx_word' id='word_1_699' title='bbox 776 4787 811 4827; x_wconf 82' lang='lat' dir='ltr'><strong>er</strong></span> <span class='ocrx_word' id='word_1_700' title='bbox 825 4776 907 4843; x_wconf 89' lang='lat' dir='ltr'><strong>parte</strong></span> <span class='ocrx_word' id='word_1_701' title='bbox 927 4770 1020 4826; x_wconf 89' lang='lat' dir='ltr'><strong>credi·</strong></span> 
     </span>
     <span class='ocr_line' id='line_1_67' title="bbox 172 4859 1020 4932; baseline -0.004 -15"><span class='ocrx_word' id='word_1_702' title='bbox 172 4867 229 4929; x_wconf 88' lang='lat' dir='ltr'><strong>tur,</strong></span> <span class='ocrx_word' id='word_1_703' title='bbox 246 4865 279 4915; x_wconf 91' lang='lat' dir='ltr'><strong>nt</strong></span> <span class='ocrx_word' id='word_1_704' title='bbox 293 4875 351 4915; x_wconf 91' lang='lat' dir='ltr'><strong>nna</strong></span> <span class='ocrx_word' id='word_1_705' title='bbox 365 4875 398 4915; x_wconf 85' lang='lat' dir='ltr'><strong>ex</strong></span> <span class='ocrx_word' id='word_1_706' title='bbox 413 4859 458 4915; x_wconf 90' lang='lat' dir='ltr'><strong>his</strong></span> <span class='ocrx_word' id='word_1_707' title='bbox 475 4859 607 4926; x_wconf 86' lang='lat' dir='ltr'><strong>credatis,</strong></span> <span class='ocrx_word' id='word_1_708' title='bbox 628 4859 663 4914; x_wconf 88' lang='lat' dir='ltr'><strong>de</strong></span> <span class='ocrx_word' id='word_1_709' title='bbox 686 4859 792 4932; x_wconf 86' lang='lat' dir='ltr'><strong>quibus</strong></span> <span class='ocrx_word' id='word_1_710' title='bbox 819 4861 932 4916; x_wconf 91' lang='lat' dir='ltr'><strong>canitur</strong></span> <span class='ocrx_word' id='word_1_711' title='bbox 945 4875 953 4914; x_wconf 80' lang='lat' dir='ltr'><strong><em>z</em></strong></span> <span class='ocrx_word' id='word_1_712' title='bbox 968 4861 1020 4914; x_wconf 85' lang='lat' dir='ltr'><strong>lo-</strong></span> 
     </span>
     <span class='ocr_line' id='line_1_68' title="bbox 171 4947 1020 5018; baseline -0.004 -13"><span class='ocrx_word' id='word_1_713' title='bbox 171 4947 302 5006; x_wconf 74' lang='lat' dir='ltr'><strong>assuete</strong></span> <span class='ocrx_word' id='word_1_714' title='bbox 319 4964 363 5004; x_wconf 87' lang='lat' dir='ltr'><strong>ms</strong></span> <span class='ocrx_word' id='word_1_715' title='bbox 383 4963 435 5004; x_wconf 76' lang='lat' dir='ltr'><strong>rasa</strong></span> <span class='ocrx_word' id='word_1_716' title='bbox 448 4951 478 5003; x_wconf 85' lang='lat' dir='ltr'><strong>in</strong></span> <span class='ocrx_word' id='word_1_717' title='bbox 496 4947 661 5004; x_wconf 64' lang='lat' dir='ltr'><strong>mustum</strong></span> <span class='ocrx_word' id='word_1_718' title='bbox 680 4963 765 5003; x_wconf 81' lang='lat' dir='ltr'><strong>sctum</strong></span> <span class='ocrx_word' id='word_1_719' title='bbox 785 4948 877 5018; x_wconf 80' lang='lat' dir='ltr'><strong>(Gout.</strong></span> <span class='ocrx_word' id='word_1_720' title='bbox 903 4953 944 5015; x_wconf 89' lang='lat' dir='ltr'><strong>n).</strong></span> <span class='ocrx_word' id='word_1_721' title='bbox 966 4947 1020 5004; x_wconf 82' lang='lat' dir='ltr'><strong>Sed</strong></span> 
     </span>
     <span class='ocr_line' id='line_1_69' title="bbox 171 5034 1019 5110; baseline -0.001 -18"><span class='ocrx_word' id='word_1_722' title='bbox 171 5039 241 5110; x_wconf 82' lang='lat' dir='ltr'><strong>qula</strong></span> <span class='ocrx_word' id='word_1_723' title='bbox 259 5036 425 5110; x_wconf 87' lang='lat' dir='ltr'><strong>prophetica</strong></span> <span class='ocrx_word' id='word_1_724' title='bbox 440 5041 470 5092; x_wconf 88' lang='lat' dir='ltr'><strong>st</strong></span> <span class='ocrx_word' id='word_1_725' title='bbox 484 5036 579 5092; x_wconf 87' lang='lat' dir='ltr'><strong>fidelis</strong></span> <span class='ocrx_word' id='word_1_726' title='bbox 593 5036 691 5091; x_wconf 86' lang='lat' dir='ltr'><strong>anima</strong></span> <span class='ocrx_word' id='word_1_727' title='bbox 709 5035 779 5092; x_wconf 86' lang='lat' dir='ltr'><strong>dicit</strong></span> <span class='ocrx_word' id='word_1_728' title='bbox 795 5041 825 5092; x_wconf 87' lang='lat' dir='ltr'><strong>et</strong></span> <span class='ocrx_word' id='word_1_729' title='bbox 843 5034 1019 5107; x_wconf 86' lang='lat' dir='ltr'><strong>ingeminat;</strong></span> 
     </span>
     <span class='ocr_line' id='line_1_70' title="bbox 171 5122 1019 5195; baseline -0.002 -13"><span class='ocrx_word' id='word_1_730' title='bbox 171 5129 320 5182; x_wconf 67' lang='lat' dir='ltr'><strong>&amp;metum</strong></span> <span class='ocrx_word' id='word_1_731' title='bbox 341 5142 437 5182; x_wconf 73' lang='lat' dir='ltr'><strong>mmo</strong></span> <span class='ocrx_word' id='word_1_732' title='bbox 462 5124 545 5192; x_wconf 80' lang='lat' dir='ltr'><strong>mitt,</strong></span> <span class='ocrx_word' id='word_1_733' title='bbox 566 5126 705 5181; x_wconf 81' lang='lat' dir='ltr'><strong>secretum</strong></span> <span class='ocrx_word' id='word_1_734' title='bbox 731 5141 827 5180; x_wconf 85' lang='lat' dir='ltr'><strong>meum</strong></span> <span class='ocrx_word' id='word_1_735' title='bbox 847 5122 921 5180; x_wconf 81' lang='lat' dir='ltr'><strong>miti</strong></span> <span class='ocrx_word' id='word_1_736' title='bbox 947 5124 1019 5195; x_wconf 75' lang='lat' dir='ltr'><strong>(leo.</strong></span> 
     </span>
     <span class='ocr_line' id='line_1_71' title="bbox 172 5208 1020 5284; baseline -0.005 -18"><span class='ocrx_word' id='word_1_737' title='bbox 172 5211 256 5284; x_wconf 81' lang='lat' dir='ltr'><strong>mv),</strong></span> <span class='ocrx_word' id='word_1_738' title='bbox 273 5217 303 5268; x_wconf 87' lang='lat' dir='ltr'><strong>et</strong></span> <span class='ocrx_word' id='word_1_739' title='bbox 314 5211 449 5268; x_wconf 81' lang='lat' dir='ltr'><strong>Ezechias</strong></span> <span class='ocrx_word' id='word_1_740' title='bbox 463 5228 524 5280; x_wconf 83' lang='lat' dir='ltr'><strong>rex,</strong></span> <span class='ocrx_word' id='word_1_741' title='bbox 541 5211 591 5283; x_wconf 86' lang='lat' dir='ltr'><strong>qni</strong></span> <span class='ocrx_word' id='word_1_742' title='bbox 607 5209 692 5266; x_wconf 86' lang='lat' dir='ltr'><strong>cellas</strong></span> <span class='ocrx_word' id='word_1_743' title='bbox 712 5213 876 5265; x_wconf 89' lang='lat' dir='ltr'><strong>aromatum</strong></span> <span class='ocrx_word' id='word_1_744' title='bbox 900 5214 930 5264; x_wconf 91' lang='lat' dir='ltr'><strong>et</strong></span> <span class='ocrx_word' id='word_1_745' title='bbox 956 5208 1020 5263; x_wconf 91' lang='lat' dir='ltr'><strong>the·</strong></span> 
     </span>
    </p>
   </div>
   <div class='ocr_carea' id='block_1_11' title="bbox 208 5367 1019 5514">
    <p class='ocr_par' dir='ltr' id='par_1_11' title="bbox 208 5367 1019 5514">
     <span class='ocr_line' id='line_1_72' title="bbox 209 5367 948 5442; baseline 0.001 -20"><span class='ocrx_word' id='word_1_746' title='bbox 209 5369 264 5436; x_wconf 72' lang='lat' dir='ltr'><strong>(tt)</strong></span> <span class='ocrx_word' id='word_1_747' title='bbox 285 5371 366 5426; x_wconf 83' lang='lat' dir='ltr'><strong>Forte</strong></span> <span class='ocrx_word' id='word_1_748' title='bbox 382 5371 437 5441; x_wconf 88' lang='lat' dir='ltr'><strong>leg.</strong></span> <span class='ocrx_word' id='word_1_749' title='bbox 453 5369 637 5426; x_wconf 82' lang='lat' dir='ltr'><strong>absconditur</strong></span> <span class='ocrx_word' id='word_1_750' title='bbox 659 5387 712 5442; x_wconf 91' lang='lat' dir='ltr'><strong>pro</strong></span> <span class='ocrx_word' id='word_1_751' title='bbox 739 5368 820 5424; x_wconf 86' lang='lat' dir='ltr'><strong>abest</strong></span> <span class='ocrx_word' id='word_1_752' title='bbox 842 5367 948 5442; x_wconf 75' lang='lat' dir='ltr'><strong>opiter.</strong></span> 
     </span>
     <span class='ocr_line' id='line_1_73' title="bbox 208 5438 1019 5514; baseline -0.001 -20"><span class='ocrx_word' id='word_1_753' title='bbox 208 5439 266 5512; x_wconf 76' lang='lat' dir='ltr'><strong>(tt)</strong></span> <span class='ocrx_word' id='word_1_754' title='bbox 283 5439 375 5513; x_wconf 81' lang='lat' dir='ltr'><strong>liujus</strong></span> <span class='ocrx_word' id='word_1_755' title='bbox 389 5441 528 5498; x_wconf 75' lang='lat' dir='ltr'><strong>doctrinae</strong></span> <span class='ocrx_word' id='word_1_756' title='bbox 542 5441 708 5514; x_wconf 80' lang='lat' dir='ltr'><strong>praecipuus</strong></span> <span class='ocrx_word' id='word_1_757' title='bbox 722 5443 822 5497; x_wconf 87' lang='lat' dir='ltr'><strong>auctor</strong></span> <span class='ocrx_word' id='word_1_758' title='bbox 837 5440 894 5496; x_wconf 89' lang='lat' dir='ltr'><strong>init</strong></span> <span class='ocrx_word' id='word_1_759' title='bbox 909 5438 1019 5496; x_wconf 88' lang='lat' dir='ltr'><strong>Gilbsr·</strong></span> 
     </span>
    </p>
   </div>
   <div class='ocr_carea' id='block_1_12' title="bbox 1073 4325 1922 5283">
    <p class='ocr_par' dir='ltr' id='par_1_12' title="bbox 1073 4325 1922 5283">
     <span class='ocr_line' id='line_1_74' title="bbox 1073 4325 1919 4398; baseline -0.005 -13"><span class='ocrx_word' id='word_1_760' title='bbox 1073 4330 1159 4385; x_wconf 76' lang='lat' dir='ltr'><strong>eham</strong></span> <span class='ocrx_word' id='word_1_761' title='bbox 1179 4334 1269 4384; x_wconf 77' lang='lat' dir='ltr'><strong>metuo</strong></span> <span class='ocrx_word' id='word_1_762' title='bbox 1283 4327 1313 4382; x_wconf 89' lang='lat' dir='ltr'><strong>in</strong></span> <span class='ocrx_word' id='word_1_763' title='bbox 1333 4327 1455 4382; x_wconf 87' lang='lat' dir='ltr'><strong>sanitate</strong></span> <span class='ocrx_word' id='word_1_764' title='bbox 1483 4325 1620 4398; x_wconf 89' lang='lat' dir='ltr'><strong>corporis,</strong></span> <span class='ocrx_word' id='word_1_765' title='bbox 1653 4325 1702 4380; x_wconf 87' lang='lat' dir='ltr'><strong>sed</strong></span> <span class='ocrx_word' id='word_1_766' title='bbox 1732 4326 1762 4380; x_wconf 94' lang='lat' dir='ltr'><strong>iu</strong></span> <span class='ocrx_word' id='word_1_767' title='bbox 1776 4326 1919 4397; x_wconf 86' lang='lat' dir='ltr'><strong>adjutorio</strong></span> 
     </span>
     <span class='ocr_line' id='line_1_75' title="bbox 1075 4413 1920 4486; baseline -0.004 -12"><span class='ocrx_word' id='word_1_768' title='bbox 1075 4418 1124 4474; x_wconf 87' lang='lat' dir='ltr'><strong>Dei</strong></span> <span class='ocrx_word' id='word_1_769' title='bbox 1146 4417 1278 4473; x_wconf 84' lang='lat' dir='ltr'><strong>consisto.</strong></span> <span class='ocrx_word' id='word_1_770' title='bbox 1304 4417 1336 4471; x_wconf 82' lang='lat' dir='ltr'><strong>Et</strong></span> <span class='ocrx_word' id='word_1_771' title='bbox 1357 4415 1421 4470; x_wconf 90' lang='lat' dir='ltr'><strong>dico</strong></span> <span class='ocrx_word' id='word_1_772' title='bbox 1447 4413 1499 4470; x_wconf 90' lang='lat' dir='ltr'><strong>tibi</strong></span> <span class='ocrx_word' id='word_1_773' title='bbox 1519 4414 1664 4486; x_wconf 87' lang='lat' dir='ltr'><strong>quomodo</strong></span> <span class='ocrx_word' id='word_1_774' title='bbox 1685 4413 1716 4468; x_wconf 95' lang='lat' dir='ltr'><strong>in</strong></span> <span class='ocrx_word' id='word_1_775' title='bbox 1731 4430 1796 4468; x_wconf 88' lang='lat' dir='ltr'><strong>vera</strong></span> <span class='ocrx_word' id='word_1_776' title='bbox 1811 4413 1920 4471; x_wconf 88' lang='lat' dir='ltr'><strong>visione</strong></span> 
     </span>
     <span class='ocr_line' id='line_1_76' title="bbox 1073 4501 1920 4576; baseline -0.005 -14"><span class='ocrx_word' id='word_1_777' title='bbox 1073 4507 1172 4562; x_wconf 88' lang='lat' dir='ltr'><strong>edocta</strong></span> <span class='ocrx_word' id='word_1_778' title='bbox 1195 4522 1269 4572; x_wconf 91' lang='lat' dir='ltr'><strong>sum,</strong></span> <span class='ocrx_word' id='word_1_779' title='bbox 1293 4502 1363 4576; x_wconf 88' lang='lat' dir='ltr'><strong>qnid</strong></span> <span class='ocrx_word' id='word_1_780' title='bbox 1384 4503 1540 4574; x_wconf 84' lang='lat' dir='ltr'><strong>paternitas</strong></span> <span class='ocrx_word' id='word_1_781' title='bbox 1563 4507 1593 4558; x_wconf 90' lang='lat' dir='ltr'><strong>et</strong></span> <span class='ocrx_word' id='word_1_782' title='bbox 1614 4502 1749 4557; x_wconf 88' lang='lat' dir='ltr'><strong>divinitas</strong></span> <span class='ocrx_word' id='word_1_783' title='bbox 1778 4501 1824 4568; x_wconf 89' lang='lat' dir='ltr'><strong>sit,</strong></span> <span class='ocrx_word' id='word_1_784' title='bbox 1852 4517 1920 4574; x_wconf 87' lang='lat' dir='ltr'><strong>quo-</strong></span> 
     </span>
     <span class='ocr_line' id='line_1_77' title="bbox 1074 4590 1920 4666; baseline -0.005 -16"><span class='ocrx_word' id='word_1_785' title='bbox 1074 4595 1151 4650; x_wconf 90' lang='lat' dir='ltr'><strong>niam</strong></span> <span class='ocrx_word' id='word_1_786' title='bbox 1180 4610 1265 4666; x_wconf 90' lang='lat' dir='ltr'><strong>egoa</strong></span> <span class='ocrx_word' id='word_1_787' title='bbox 1288 4599 1315 4648; x_wconf 88' lang='lat' dir='ltr'><strong>te</strong></span> <span class='ocrx_word' id='word_1_788' title='bbox 1344 4591 1459 4664; x_wconf 92' lang='lat' dir='ltr'><strong>percepi</strong></span> <span class='ocrx_word' id='word_1_789' title='bbox 1484 4591 1537 4646; x_wconf 91' lang='lat' dir='ltr'><strong>hoc</strong></span> <span class='ocrx_word' id='word_1_790' title='bbox 1565 4590 1698 4662; x_wconf 89' lang='lat' dir='ltr'><strong>plurimis</strong></span> <span class='ocrx_word' id='word_1_791' title='bbox 1729 4591 1920 4646; x_wconf 87' lang='lat' dir='ltr'><strong>necessarium</strong></span> 
     </span>
     <span class='ocr_line' id='line_1_78' title="bbox 1073 4679 1919 4755; baseline -0.006 -16"><span class='ocrx_word' id='word_1_792' title='bbox 1073 4698 1158 4739; x_wconf 87' lang='lat' dir='ltr'><strong>esse:</strong></span> <span class='ocrx_word' id='word_1_793' title='bbox 1181 4687 1323 4755; x_wconf 84' lang='lat' dir='ltr'><strong>qrratenus</strong></span> <span class='ocrx_word' id='word_1_794' title='bbox 1350 4681 1488 4736; x_wconf 84' lang='lat' dir='ltr'><strong>varaciter</strong></span> <span class='ocrx_word' id='word_1_795' title='bbox 1520 4680 1550 4734; x_wconf 92' lang='lat' dir='ltr'><strong>in</strong></span> <span class='ocrx_word' id='word_1_796' title='bbox 1573 4695 1637 4734; x_wconf 87' lang='lat' dir='ltr'><strong>vera</strong></span> <span class='ocrx_word' id='word_1_797' title='bbox 1655 4679 1712 4734; x_wconf 87' lang='lat' dir='ltr'><strong>lide</strong></span> <span class='ocrx_word' id='word_1_798' title='bbox 1739 4679 1919 4735; x_wconf 89' lang='lat' dir='ltr'><strong>roborentur.</strong></span> 
     </span>
     <span class='ocr_line' id='line_1_79' title="bbox 1075 4767 1922 4840; baseline -0.005 -12"><span class='ocrx_word' id='word_1_799' title='bbox 1075 4772 1146 4828; x_wconf 87' lang='lat' dir='ltr'><strong>Nam</strong></span> <span class='ocrx_word' id='word_1_800' title='bbox 1161 4772 1196 4828; x_wconf 88' lang='lat' dir='ltr'><strong>ad</strong></span> <span class='ocrx_word' id='word_1_801' title='bbox 1224 4785 1324 4826; x_wconf 91' lang='lat' dir='ltr'><strong>verum</strong></span> <span class='ocrx_word' id='word_1_802' title='bbox 1352 4770 1451 4824; x_wconf 89' lang='lat' dir='ltr'><strong>lumen</strong></span> <span class='ocrx_word' id='word_1_803' title='bbox 1473 4768 1531 4824; x_wconf 88' lang='lat' dir='ltr'><strong>vidi</strong></span> <span class='ocrx_word' id='word_1_804' title='bbox 1554 4776 1584 4823; x_wconf 89' lang='lat' dir='ltr'><strong>et</strong></span> <span class='ocrx_word' id='word_1_805' title='bbox 1601 4767 1687 4824; x_wconf 90' lang='lat' dir='ltr'><strong>didici</strong></span> <span class='ocrx_word' id='word_1_806' title='bbox 1710 4769 1863 4840; x_wconf 83' lang='lat' dir='ltr'><strong>vigilanter</strong></span> <span class='ocrx_word' id='word_1_807' title='bbox 1893 4774 1922 4824; x_wconf 90' lang='lat' dir='ltr'><strong>ct</strong></span> 
     </span>
     <span class='ocr_line' id='line_1_80' title="bbox 1075 4856 1918 4932; baseline -0.002 -17"><span class='ocrx_word' id='word_1_808' title='bbox 1075 4866 1173 4932; x_wconf 90' lang='lat' dir='ltr'><strong>aperte</strong></span> <span class='ocrx_word' id='word_1_809' title='bbox 1190 4859 1323 4929; x_wconf 85' lang='lat' dir='ltr'><strong>videndo,</strong></span> <span class='ocrx_word' id='word_1_810' title='bbox 1337 4856 1415 4930; x_wconf 84' lang='lat' dir='ltr'><strong>quod</strong></span> <span class='ocrx_word' id='word_1_811' title='bbox 1432 4873 1488 4912; x_wconf 90' lang='lat' dir='ltr'><strong>non</strong></span> <span class='ocrx_word' id='word_1_812' title='bbox 1504 4873 1556 4929; x_wconf 90' lang='lat' dir='ltr'><strong>per</strong></span> <span class='ocrx_word' id='word_1_813' title='bbox 1571 4873 1616 4912; x_wconf 91' lang='lat' dir='ltr'><strong>me</strong></span> <span class='ocrx_word' id='word_1_814' title='bbox 1631 4857 1661 4912; x_wconf 92' lang='lat' dir='ltr'><strong>in</strong></span> <span class='ocrx_word' id='word_1_815' title='bbox 1677 4873 1724 4912; x_wconf 89' lang='lat' dir='ltr'><strong>me</strong></span> <span class='ocrx_word' id='word_1_816' title='bbox 1739 4857 1918 4929; x_wconf 86' lang='lat' dir='ltr'><strong>requirendo,</strong></span> 
     </span>
     <span class='ocr_line' id='line_1_81' title="bbox 1075 4945 1920 5022; baseline -0.005 -17"><span class='ocrx_word' id='word_1_817' title='bbox 1075 4949 1150 5022; x_wconf 83' lang='lat' dir='ltr'><strong>quod</strong></span> <span class='ocrx_word' id='word_1_818' title='bbox 1179 4947 1336 5021; x_wconf 90' lang='lat' dir='ltr'><strong>paternitas</strong></span> <span class='ocrx_word' id='word_1_819' title='bbox 1355 4953 1383 5002; x_wconf 90' lang='lat' dir='ltr'><strong>et</strong></span> <span class='ocrx_word' id='word_1_820' title='bbox 1409 4945 1545 5001; x_wconf 89' lang='lat' dir='ltr'><strong>divinitas</strong></span> <span class='ocrx_word' id='word_1_821' title='bbox 1576 4947 1650 5002; x_wconf 79' lang='lat' dir='ltr'><strong>liene</strong></span> <span class='ocrx_word' id='word_1_822' title='bbox 1674 4951 1727 5015; x_wconf 87' lang='lat' dir='ltr'><strong>est,</strong></span> <span class='ocrx_word' id='word_1_823' title='bbox 1752 4945 1920 5018; x_wconf 88' lang='lat' dir='ltr'><strong>quiahomo</strong></span> 
     </span>
     <span class='ocr_line' id='line_1_82' title="bbox 1074 5033 1921 5110; baseline -0.006 -16"><span class='ocrx_word' id='word_1_824' title='bbox 1074 5039 1148 5094; x_wconf 83' lang='lat' dir='ltr'><strong>hanc</strong></span> <span class='ocrx_word' id='word_1_825' title='bbox 1171 5041 1341 5110; x_wconf 88' lang='lat' dir='ltr'><strong>potestatem</strong></span> <span class='ocrx_word' id='word_1_826' title='bbox 1365 5051 1425 5091; x_wconf 94' lang='lat' dir='ltr'><strong>non</strong></span> <span class='ocrx_word' id='word_1_827' title='bbox 1454 5035 1550 5104; x_wconf 87' lang='lat' dir='ltr'><strong>habet,</strong></span> <span class='ocrx_word' id='word_1_828' title='bbox 1582 5040 1614 5091; x_wconf 93' lang='lat' dir='ltr'><strong>nt</strong></span> <span class='ocrx_word' id='word_1_829' title='bbox 1628 5035 1663 5090; x_wconf 90' lang='lat' dir='ltr'><strong>de</strong></span> <span class='ocrx_word' id='word_1_830' title='bbox 1679 5035 1736 5090; x_wconf 83' lang='lat' dir='ltr'><strong>lloo</strong></span> <span class='ocrx_word' id='word_1_831' title='bbox 1750 5033 1834 5098; x_wconf 87' lang='lat' dir='ltr'><strong>dicut,</strong></span> <span class='ocrx_word' id='word_1_832' title='bbox 1850 5035 1921 5090; x_wconf 90' lang='lat' dir='ltr'><strong>sicut</strong></span> 
     </span>
     <span class='ocr_line' id='line_1_83' title="bbox 1075 5119 1918 5193; baseline -0.006 -12"><span class='ocrx_word' id='word_1_833' title='bbox 1075 5125 1109 5181; x_wconf 91' lang='lat' dir='ltr'><strong>da</strong></span> <span class='ocrx_word' id='word_1_834' title='bbox 1123 5125 1304 5182; x_wconf 87' lang='lat' dir='ltr'><strong>humanitate</strong></span> <span class='ocrx_word' id='word_1_835' title='bbox 1314 5123 1451 5190; x_wconf 86' lang='lat' dir='ltr'><strong>hominis,</strong></span> <span class='ocrx_word' id='word_1_836' title='bbox 1469 5127 1498 5178; x_wconf 90' lang='lat' dir='ltr'><strong>et</strong></span> <span class='ocrx_word' id='word_1_837' title='bbox 1511 5119 1584 5178; x_wconf 88' lang='lat' dir='ltr'><strong>sicut</strong></span> <span class='ocrx_word' id='word_1_838' title='bbox 1599 5122 1635 5178; x_wconf 85' lang='lat' dir='ltr'><strong>de</strong></span> <span class='ocrx_word' id='word_1_839' title='bbox 1659 5122 1752 5178; x_wconf 88' lang='lat' dir='ltr'><strong>colore</strong></span> <span class='ocrx_word' id='word_1_840' title='bbox 1767 5121 1833 5177; x_wconf 88' lang='lat' dir='ltr'><strong>iacti</strong></span> <span class='ocrx_word' id='word_1_841' title='bbox 1854 5137 1918 5193; x_wconf 87' lang='lat' dir='ltr'><strong>ope·</strong></span> 
     </span>
     <span class='ocr_line' id='line_1_84' title="bbox 1075 5211 1920 5283; baseline -0.001 -16"><span class='ocrx_word' id='word_1_842' title='bbox 1075 5213 1116 5268; x_wconf 92' lang='lat' dir='ltr'><strong>ris</strong></span> <span class='ocrx_word' id='word_1_843' title='bbox 1139 5213 1175 5270; x_wconf 91' lang='lat' dir='ltr'><strong>de</strong></span> <span class='ocrx_word' id='word_1_844' title='bbox 1197 5228 1285 5268; x_wconf 88' lang='lat' dir='ltr'><strong>manu</strong></span> <span class='ocrx_word' id='word_1_845' title='bbox 1310 5211 1443 5269; x_wconf 90' lang='lat' dir='ltr'><strong>bominis.</strong></span> <span class='ocrx_word' id='word_1_846' title='bbox 1475 5212 1577 5267; x_wconf 84' lang='lat' dir='ltr'><strong>Vivens</strong></span> <span class='ocrx_word' id='word_1_847' title='bbox 1597 5227 1666 5283; x_wconf 88' lang='lat' dir='ltr'><strong>ergo</strong></span> <span class='ocrx_word' id='word_1_848' title='bbox 1690 5213 1737 5266; x_wconf 87' lang='lat' dir='ltr'><strong>lur</strong></span> <span class='ocrx_word' id='word_1_849' title='bbox 1757 5211 1787 5266; x_wconf 90' lang='lat' dir='ltr'><strong>in</strong></span> <span class='ocrx_word' id='word_1_850' title='bbox 1814 5214 1920 5266; x_wconf 88' lang='lat' dir='ltr'><strong>secreto</strong></span> 
     </span>
    </p>
   </div>
   <div class='ocr_carea' id='block_1_13' title="bbox 1076 5363 1921 5508">
    <p class='ocr_par' dir='ltr' id='par_1_13' title="bbox 1076 5363 1921 5508">
     <span class='ocr_line' id='line_1_85' title="bbox 1076 5363 1921 5438; baseline -0.005 -17"><span class='ocrx_word' id='word_1_851' title='bbox 1076 5370 1123 5422; x_wconf 87' lang='lat' dir='ltr'><strong>tus</strong></span> <span class='ocrx_word' id='word_1_852' title='bbox 1151 5368 1343 5433; x_wconf 82' lang='lat' dir='ltr'><strong>Porratanna,</strong></span> <span class='ocrx_word' id='word_1_853' title='bbox 1367 5365 1519 5438; x_wconf 90' lang='lat' dir='ltr'><strong>episcopus</strong></span> <span class='ocrx_word' id='word_1_854' title='bbox 1553 5363 1746 5430; x_wconf 87' lang='lat' dir='ltr'><strong>Pictaviansis,</strong></span> <span class='ocrx_word' id='word_1_855' title='bbox 1765 5378 1851 5436; x_wconf 88' lang='lat' dir='ltr'><strong>quam</strong></span> <span class='ocrx_word' id='word_1_856' title='bbox 1878 5379 1921 5417; x_wconf 91' lang='lat' dir='ltr'><strong>re·</strong></span> 
     </span>
     <span class='ocr_line' id='line_1_86' title="bbox 1076 5433 1919 5508; baseline -0.005 -15"><span class='ocrx_word' id='word_1_857' title='bbox 1076 5439 1207 5495; x_wconf 78' lang='lat' dir='ltr'><strong>tractavit</strong></span> <span class='ocrx_word' id='word_1_858' title='bbox 1223 5438 1254 5493; x_wconf 92' lang='lat' dir='ltr'><strong>in</strong></span> <span class='ocrx_word' id='word_1_859' title='bbox 1274 5435 1394 5494; x_wconf 90' lang='lat' dir='ltr'><strong>concilio</strong></span> <span class='ocrx_word' id='word_1_860' title='bbox 1413 5435 1547 5494; x_wconf 78' lang='lat' dir='ltr'><strong>ilamensi</strong></span> <span class='ocrx_word' id='word_1_861' title='bbox 1563 5436 1617 5493; x_wconf 91' lang='lat' dir='ltr'><strong>sub</strong></span> <span class='ocrx_word' id='word_1_862' title='bbox 1630 5433 1759 5508; x_wconf 87' lang='lat' dir='ltr'><strong>Eugenio</strong></span> <span class='ocrx_word' id='word_1_863' title='bbox 1782 5449 1858 5507; x_wconf 88' lang='lat' dir='ltr'><strong>papa</strong></span> <span class='ocrx_word' id='word_1_864' title='bbox 1873 5434 1919 5506; x_wconf 57' lang='lat'><strong>111,</strong></span> 
     </span>
    </p>
   </div>
   <div class='ocr_carea' id='block_1_14' title="bbox 0 0 1999 6034">
    <p class='ocr_par' dir='ltr' id='par_1_14' title="bbox 0 0 1999 6034">
     <span class='ocr_line' id='line_1_87' title="bbox 0 0 1999 6034; baseline 0 0"><span class='ocrx_word' id='word_1_865' title='bbox 0 0 1999 6034; x_wconf 95' lang='lat' dir='ltr'><strong> </strong></span> 
     </span>
    </p>
   </div>
  </div>
 </body>
</html>
