3984 6034
161 247 216 300 nee
674 198 677 202 Δ
892 243 920 297 s,
942 237 1177 328 albornensis
1863 233 1920 288 eso

161 374 313 449 plenitudo
327 377 385 428 est:
403 376 432 426 et
443 371 508 427 ideo
522 371 618 442 angeli
637 386 785 442 nunquam
804 370 1010 426 saturabuntur
1029 377 1050 428 Α
1066 368 1214 442 processit,
1233 383 1298 439 queo
1322 366 1416 421 nobile
1440 379 1560 435 germen
1590 359 1693 418 Filium
1720 361 1772 417 llei
1799 363 1917 433 genuit,

161 477 229 517 eum
243 460 365 527 intueri;
386 459 524 532 quoniam
540 474 653 528 semper
668 457 768 528 ignota
786 465 815 512 et
829 474 901 512 nova
926 459 955 514 iu
975 475 1009 514 eo
1065 459 1140 531 qnod
1161 462 1254 512 totum
1279 455 1419 511 muudum
1446 453 1628 517 illuminavit,
1647 467 1700 523 per
1724 450 1801 522 qood
1827 450 1917 506 etiarn

160 549 262 606 vident
285 565 352 604 cum
368 547 492 619 gloriose
507 546 697 618 jucunditate.
719 545 784 617 lpse
799 560 866 599 vero
875 543 1012 614 jorliset
1063 551 1149 618 capnt
1170 545 1312 617 serpentis
1336 542 1479 610 contrivit.
1508 542 1530 597 Ο
1554 540 1632 596 mitis
1657 537 1807 610 sepientis,
1832 539 1917 608 cujus

159 641 280 710 polens,·
304 636 442 710 quoniam
458 650 558 690 omnes
572 639 716 689 creaturas
731 633 762 688 iu
779 633 1012 688 fortitudinesua
1064 634 1206 691 ordinatio
1229 634 1259 688 in
1283 632 1417 688 omnibus
1445 629 1584 685 creaturis
1610 627 1667 684 tuis
1691 627 1770 698 justa
1793 631 1823 682 et
1846 643 1917 682 sere

161 731 296 799 potenter
315 724 458 797 perduxit,
483 728 513 778 et
528 737 763 792 unamquamque
789 721 819 775 iu
834 736 939 792 genere
958 734 1011 774 sno
1064 728 1118 788 est,
1133 725 1211 779 salve
1225 722 1373 777 hominem
1395 719 1488 782 illum,
1511 717 1560 789 qui
1575 717 1659 772 istam
1674 714 1851 787 scripturam
1876 717 1917 769 vi·

160 815 298 870 mobilem
317 812 483 878 constituit;
511 816 539 866 at
555 811 596 866 itu
621 811 730 883 absque
759 810 884 865 caecitate
913 809 1012 865 omnia
1064 811 1107 866 dit
1130 815 1160 866 el
1176 808 1294 876 audivit,
1321 812 1349 862 et
1371 807 1416 862 luc
1440 821 1503 860 eum
1527 804 1686 877 principem
1709 803 1918 875 redemptionis

160 907 256 959 creata
274 907 341 956 sont
363 907 392 955 et
414 900 522 972 absque
547 899 669 954 delectu.
700 898 838 954 Dominus
860 895 1011 970 potensin
1064 900 1128 956 Filii
1149 899 1203 966 tui,
1227 903 1260 952 ut
1279 913 1294 950 a
1311 912 1431 952 nnmero
1447 896 1567 949 istorum
1587 908 1738 965 nunquam
1751 897 1913 963 separetur,

156 983 268 1057 prelio,
291 982 341 1054 (1⁰¹
366 987 466 1036 ⁰⁰11if⁸
488 981 642 1036 df³0⁰¹¹0ffl
668 978 817 1050 liugnam,
844 983 872 1032 ⁰²
891 994 957 1033 ⁰¹¹¹1¹
979 979 1010 1032 in
1062 988 1113 1062 qui
1129 989 1159 1044 iu
1174 1003 1262 1059 reguo
1277 990 1326 1041 tuo
1346 984 1484 1056 gaudent.
1503 982 1604 1038 Libera
1617 997 1665 1036 me
1688 981 1723 1036 ab
1737 982 1816 1036 omui
1831 981 1914 1036 tellu-

160 1073 231 1128 coeto
247 1071 394 1143 superavit
415 1086 448 1124 ac
462 1070 492 1124 in
509 1069 622 1123 inleruo
638 1067 673 1123 ud
694 1082 793 1139 peenas
817 1067 935 1122 melitite
950 1082 1010 1120 suae
1064 1076 1109 1132 cia
1125 1076 1320 1146 malignorum
1336 1073 1501 1144 spirituum,
1517 1071 1567 1143 qui
1580 1086 1626 1124 me
1642 1084 1706 1124 cum
1722 1069 1803 1124 omni
1815 1069 1917 1124 huma.

159 1161 323 1232 limittit,
345 1163 374 1214 θῑ
407 1163 504 1229 P⁰l1⁸³
532 1157 638 1212 inferni
670 1156 822 1228 ⁰⁰¹1fl0liiis
843 1160 873 1210 el
899 1155 1011 1210 &nimis
1065 1179 1102 1220 no
1116 1178 1222 1236 genere
1242 1161 1308 1216 odio
1324 1160 1441 1228 hahent,
1462 1174 1499 1214 ne
1515 1175 1571 1226 me,
1600 1156 1670 1230 ipsis
1692 1157 1911 1224 consentiendo,

160 1250 277 1304 illorum
297 1247 347 1320 qui
365 1263 431 1302 cum
447 1238 634 1318 ignoverant,
649 1260 745 1300 eccum
762 1245 852 1310 duxit.
866 1260 918 1299 nec
932 1243 1010 1299 etun
1066 1252 1276 1308 contaminem:
1304 1249 1356 1304 hcc
1384 1249 1458 1302 mini
1485 1247 1643 1302 concedere
1675 1245 1744 1300 vetis
1773 1261 1825 1317 per
1850 1261 1916 1300 san-

160 1335 340 1392 ilillssioeffl
356 1339 460 1406 Ρῡδὸθῒ,
487 1334 545 1388 ssiSi
571 1339 673 1404 9⁰²0¹¹⁸
689 1333 734 1388 ⁵5²·
763 1333 883 1404 Olmii·
900 1335 1011 1385 timei
1064 1342 1139 1393 ctum
1163 1337 1291 1403 Marium,
1307 1335 1395 1391 muris
1421 1335 1544 1401 stellam,
1574 1336 1602 1388 et
1624 1347 1676 1404 per
1698 1331 1802 1388 Filium
1816 1336 1912 1386 tuum.

159 1425 246 1496 ignea
266 1422 413 1490 Divinitas,
433 1422 529 1476 intua
545 1422 657 1492 potanti
683 1421 710 1474 vi
730 1420 867 1492 plantasti
882 1419 1009 1492 primum
1064 1433 1166 1481 Amen,

159 1511 352 1568 immortalem
376 1515 404 1565 et
428 1510 637 1566 immutabilem
657 1515 777 1576 terram,
792 1509 823 1564 in
844 1525 902 1581 qua
921 1507 1008 1579 primi
1101 1513 1201 1568 Divina
1216 1513 1321 1581 Deitas,
1335 1527 1410 1583 quse,
1430 1526 1496 1565 cum
1511 1510 1576 1566 aliis
1596 1510 1732 1581 potentiue
1750 1515 1808 1564 tuae
1825 1525 1922 1580 super·

160 1601 293 1657 homines
329 1616 359 1656 se
378 1599 624 1666 contaminabunt,
653 1603 754 1652 contra
779 1601 956 1669 preceptum
979 1601 1008 1650 et
1063 1617 1174 1674 pesenae
1188 1603 1335 1656 emturum
1351 1599 1534 1670 volasiPwl-
1552 1597 1771 1669 ¹l¹¹ivll¹¹⁰r¹¹m
1791 1596 1913 1652 0¹⁰V⁸250

158 1692 333 1745 volontatem
357 1695 436 1744 tuam
458 1689 670 1759 delinquentes,
696 1703 768 1758 qous
789 1686 824 1741 de
839 1685 940 1741 eadem
958 1685 1007 1740 lu·
1028 1676 1093 1746 Bet
1108 1692 1217 1745 volatus
1240 1706 1293 1760 per
1313 1690 1371 1743 vim
1392 1692 1471 1742 tuem
1496 1687 1600 1752 existit,
1631 1701 1682 1757 per
1710 1685 1913 1740 tortitudinem

158 1780 222 1836 cida
244 1781 363 1850 regione
386 1777 549 1849 expellebas
565 1777 632 1832 lorti
655 1776 786 1848 potentia
805 1780 863 1831 tus.
882 1774 1006 1830 Ruinam
1063 1785 1142 1836 tuam
1158 1777 1336 1834 rationalitas
1356 1777 1385 1831 iu
1400 1775 1509 1846 angelis
1528 1781 1558 1830 et
1579 1774 1757 1837 homiuibus,
1772 1775 1824 1844 qui
1838 1787 1913 1844 opus

159 1874 258 1924 tamen
276 1869 398 1922 istorum
412 1864 607 1931 reedificavit,
638 1868 704 1936 post
727 1863 896 1917 effusionem
919 1878 1007 1933 aqua·
1063 1871 1242 1933 idumeum,
1263 1867 1353 1932 volat;
1382 1872 1410 1920 et
1438 1871 1471 1918 tu
1496 1863 1637 1934 sapientia
1651 1879 1693 1930 es,
1709 1879 1774 1933 quae
1788 1863 1913 1917 istorum

158 1973 223 2012 rum
239 1956 360 2010 nubium
379 1971 430 2027 per
444 1970 548 2008 novam
560 1953 732 2024 progeniem
747 1965 812 2022 quoe
824 1966 856 2006 ex
873 1951 931 2005 Noe
946 1966 1009 2021 pre.
1061 1953 1280 2010 rationabilitati
1294 1952 1443 2006 scientiam
1461 1951 1520 2018 dal,
1541 1955 1573 2006 ut
1591 1951 1688 2022 qualia
1705 1965 1793 2021 opera
1810 1965 1910 2004 ererum

158 2046 253 2110 cessit,
271 2048 425 2116 postquam
452 2043 618 2114 serpentino
638 2041 738 2113 generi
753 2040 923 2096 ostendebas
938 2040 1008 2111 quid
1062 2043 1130 2109 siut,
1151 2047 1324 2112 agnoscant;
1349 2045 1378 2094 et
1402 2055 1446 2106 ec,
1468 2039 1545 2093 velut
1564 2039 1677 2110 sapiens
1711 2039 1764 2106 vir,
1790 2038 1911 2093 domum

158 2133 274 2189 intorti
297 2131 427 2203 potentia
451 2136 500 2184 toa
523 2129 617 2184 fucere
641 2145 737 2200 posses
759 2133 860 2183 contra
881 2128 1007 2183 furorem
1062 2147 1143 2186 suam
1178 2145 1265 2201 supra
1297 2135 1418 2200 petram,
1449 2129 1557 2183 scilicet
1588 2127 1732 2184 Christum
1756 2125 1908 2181 edificent.

158 2221 298 2285 draconis,
324 2219 375 2292 qui
399 2218 642 2273 inestimatione
671 2233 722 2270 sna
744 2232 830 2271 omne
845 2217 1008 2272 homanum
1062 2218 1251 2274 Rationalitas
1287 2217 1421 2286 hominis,
1442 2232 1507 2272 cum
1538 2215 1679 2288 sapientie
1703 2221 1810 2270 terram
1844 2231 1912 2286 pro·

158 2327 250 2382 genus
269 2308 412 2381 deglutire
433 2307 561 2374 deberet,
585 2306 664 2377 qnod
686 2306 819 2361 diabolus
837 2311 1008 2361 tamennon
1062 2308 1151 2365 funde
1173 2306 1258 2372 fodit,
1288 2311 1429 2378 quatenus
1443 2321 1530 2376 suprs
1557 2309 1669 2376 petram
1695 2304 1814 2359 domurn
1828 2319 1911 2358 snam

157 2398 305 2470 cognovit;
326 2397 395 2469 quia
419 2394 473 2451 tibi
508 2410 658 2466 uunquam
682 2395 791 2449 servire
821 2394 949 2466 incoepit.
975 2395 1009 2450 ln
1062 2397 1185 2452 aedificet
1210 2395 1327 2467 (Multi.
1356 2397 1417 2465 vri).
1448 2393 1527 2449 Unde
1542 2393 1592 2465 qui
1623 2407 1688 2448 curn
1719 2391 1860 2464 sapientia
1875 2393 1912 2447 od

157 2487 293 2543 omnibus
321 2501 387 2556 quae
407 2500 474 2540 cum
495 2483 603 2538 diluvio
629 2482 763 2548 faciebas,
785 2483 900 2555 quaudo
914 2483 1007 2538 homi·
1062 2487 1206 2542 coelestem
1225 2500 1352 2539 amorem
1377 2483 1478 2539 aeterni
1501 2483 1551 2538 Dei
1565 2482 1654 2550 volat,
1673 2481 1748 2536 viam
1764 2496 1865 2536 vanam
1878 2481 1910 2535 iu

157 2592 209 2631 ues
231 2573 403 2638 demersisti,
428 2571 542 2627 ruinam
567 2571 690 2627 errantis
712 2571 804 2627 turbae
826 2571 1006 2627 ostendebas.
1062 2575 1187 2647 peccatis
1207 2573 1330 2628 vivendo
1358 2571 1489 2643 despicit.
1513 2571 1660 2626 Tediosus
1684 2574 1780 2626 eutem
1800 2575 1829 2624 el
1842 2570 1912 2624 stul-

157 2665 199 2720 Tu
219 2664 307 2731 enim,
332 2666 430 2717 sancta
450 2661 589 2716 Divinitas
611 2660 643 2715 in
668 2661 727 2716 Noe
752 2677 856 2715 uovani
881 2660 1008 2715 sobolem
1062 2668 1109 2719 tus
1135 2663 1235 2730 homo,
1262 2677 1349 2734 quem
1365 2661 1450 2716 tredet
1468 2665 1573 2715 terram
1593 2659 1624 2714 in
1653 2660 1742 2715 ultum
1757 2657 1865 2726 fodere,
1882 2665 1912 2714 et

157 2752 304 2826 plantasti,
320 2752 393 2806 sicut
411 2751 498 2806 etiam
514 2749 637 2805 terrain
660 2749 750 2804 elium
766 2750 884 2804 modurn
899 2764 1007 2816 aversa,
1062 2753 1182 2806 domurn
1199 2765 1281 2806 auam
1306 2765 1393 2821 supra
1411 2755 1522 2819 petrem
1547 2747 1677 2813 fundare,
1701 2747 1747 2802 hie
1770 2745 1911 2802 desideria

157 2857 265 2897 rrovum
285 2855 401 2896 succum
423 2839 482 2893 vini
501 2837 629 2910 protulit.
659 2836 1008 2907 Abrahamprimaradix
1062 2840 1156 2895 earnis
1171 2854 1230 2894 suae
1249 2839 1357 2893 colitet
1375 2836 1562 2894 deridebitur.
1580 2837 1632 2898 Tu,
1659 2851 1733 2908 pura
1759 2835 1908 2903 Divinitas,
1976 2881 1977 2884 ,

157 2930 222 2999 fuit,
243 2945 308 3002 quoe
327 2928 356 2983 in
386 2927 473 2983 remis
501 2927 616 2998 generis
635 2925 802 2991 suilloruit,
833 2925 907 2980 sicut
928 2925 1008 2996 virga
1064 2927 1321 3000 ttoyseudeequis
1341 2932 1488 2997 sumptum
1504 2925 1632 2992 servasti,
1651 2939 1737 2996 quern
1762 2923 1909 2980 iiliaPha·

157 3023 252 3074 Aaron
273 3018 308 3072 de
331 3016 428 3073 radice
453 3015 578 3070 abscisse
601 3013 730 3070 fronduit
743 3013 845 3083 (Num.
871 3013 951 3082 ιιιι),
977 3013 1009 3069 in
1062 3016 1159 3072 raonis
1174 3020 1312 3088 tanquam
1326 3015 1420 3070 tilium
1439 3029 1523 3070 suum
1548 3012 1676 3083 nutrivit,
1697 3028 1734 3069 ne
1749 3018 1839 3068 morte
1853 3015 1910 3068 sul·

157 3123 214 3179 qua
238 3104 420 3178 prsesiguasti
447 3103 510 3158 Nati
530 3102 573 3158 tui
587 3102 827 3169 incarnationem,
842 3101 893 3173 qui
907 3102 939 3156 iu
954 3117 1008 3174 ριι-
1062 3104 1205 3160 iocuretur
1236 3102 1338 3174 (Eroti.
1372 3106 1413 3171 ιι).
1441 3106 1524 3174 Aqua
1554 3100 1673 3172 Spiritui
1699 3105 1795 3157 sancto
1818 3100 1908 3170 adest,

158 3197 223 3252 dica
241 3195 304 3249 alvo
316 3192 450 3264 Virginis,
466 3191 502 3246 de
517 3191 544 3244 vi
559 3196 618 3257 tua,
630 3195 727 3245 sancta
739 3189 887 3257 Divinitas,
899 3190 1007 3261 ubsque
1062 3192 1201 3264 quoniam
1227 3207 1279 3263 per
1297 3207 1360 3246 eum
1386 3190 1480 3246 omnis
1499 3188 1648 3246 iomicutio
1662 3192 1690 3244 et
1702 3188 1796 3245 torma
1810 3188 1910 3244 exina-

159 3283 240 3339 omni
258 3282 364 3337 carnali
384 3280 569 3352 conceptione
593 3279 702 3334 lloruit.
719 3279 829 3350 Opura
856 3278 1006 3346 Divinitas,
1063 3281 1151 3348 uitur,
1167 3281 1212 3336 cui
1223 3280 1379 3336 humiditas
1393 3279 1482 3346 adest,
1503 3279 1571 3350 quia
1586 3278 1685 3334 omnia
1699 3282 1910 3348 temperantur,

157 3378 189 3427 tu
216 3370 363 3427 attendisti
391 3368 568 3424 malitiosum
594 3367 726 3422 auditum
753 3367 854 3438 primae
878 3366 1008 3422 mulieris
1062 3370 1194 3427 utetiam
1215 3368 1290 3441 ignis
1313 3368 1477 3440 magisterio
1496 3383 1549 3423 suo
1570 3367 1668 3422 omniu
1693 3370 1844 3438 temperat.
1860 3366 1911 3422 Sa-

158 3477 211 3533 per
233 3463 395 3531 serpentem
428 3459 564 3528 deceptu,
596 3461 626 3510 et
655 3454 865 3511 nobilissimum
897 3456 1007 3527 uirgam
1061 3457 1170 3530 pientiu
1189 3455 1377 3512 rationalitati
1395 3455 1529 3527 eDJuncta
1545 3459 1597 3521 est,
1613 3460 1641 3509 et
1655 3469 1759 3525 corpus
1777 3454 1910 3526 ejusdem

157 3549 285 3613 idacium,
306 3548 342 3603 de
359 3547 386 3602 vi
402 3551 451 3601 tua
471 3547 574 3601 tlorere
596 3544 698 3611 iecisti,
724 3559 789 3616 quoe
811 3544 945 3598 nuntium
960 3560 1006 3597 ur·
1064 3545 1265 3601 rationalitatis
1284 3545 1486 3600 indumentum
1510 3542 1614 3598 existit.
1651 3543 1787 3598 Ouanota
1801 3542 1912 3598 Divini-

156 3637 289 3708 ehangeli
313 3651 379 3691 cum
403 3634 505 3690 auditu
531 3649 606 3688 verae
631 3632 804 3687 humilitatis
828 3633 964 3702 suscepit,
979 3637 1008 3687 et
1061 3639 1116 3702 tas,
1143 3633 1188 3689 his
1208 3633 1299 3688 tribus
1320 3633 1429 3688 viribus
1451 3646 1537 3687 omne
1560 3646 1633 3702 opus
1652 3633 1733 3686 tuum
1751 3631 1909 3700 perfecisti,

155 3729 187 3782 in
206 3742 273 3782 vera
297 3725 352 3780 tide
376 3725 428 3779 tibi
451 3722 579 3778 obedivit
602 3723 681 3790 (Luc.
707 3721 735 3790 ι).
761 3722 837 3775 llauc
864 3725 894 3776 tn
920 3737 1008 3792 super
1062 3723 1091 3777 in
1106 3722 1156 3777 illu
1170 3722 1281 3776 unitate
1311 3722 1341 3776 iu
1365 3720 1516 3792 quanulla
1541 3718 1642 3775 divisio
1669 3724 1721 3788 ost,
1738 3735 1790 3775 nee
1815 3721 1909 3776 ullum

156 3813 412 3869 sideraincoelum
429 3811 545 3867 unicam
579 3816 700 3866 matrem
725 3813 804 3864 tuam
827 3809 929 3865 alienae
957 3824 1008 3863 na·
1061 3827 1161 3866 eorum
1182 3810 1260 3866 aliud
1281 3810 1386 3881 inJuste
1402 3807 1522 3864 excellit.
1538 3806 1592 3864 Sed
1612 3813 1644 3862 tu
1663 3808 1910 3863 eaomueinom-

156 3907 229 3957 turer
244 3900 354 3968 levasti,
371 3916 429 3971 qno
452 3915 510 3953 non
536 3903 654 3952 venerat
669 3899 740 3952 tiva:
763 3896 927 3967 quaenobia
942 3911 1006 3966 per·
1061 3899 1146 3954 nibus
1173 3898 1200 3970 (1
1220 3899 1288 3954 Gor.
1320 3898 1376 3970 xv).
1403 3899 1435 3952 lu
1468 3895 1657 3968 possibilitate
1690 3897 1824 3967 potentie
1850 3903 1910 3952 lure

157 3990 231 4046 didit
249 3991 315 4056 Eva,
339 4006 373 4043 ea
397 4005 449 4059 per
464 3992 584 4041 matrem
608 3985 772 4040 salvationis
790 4001 855 4039 cum
872 3983 1006 4039 omnibus
1060 3991 1221 4042 creaturam
1247 3990 1325 4042 tuam
1342 3984 1549 4056 multiplicasti,
1574 4000 1638 4056 que
1666 3984 1696 4038 in
1724 4000 1781 4040 unu
1814 3985 1909 4042 iorme

157 4077 336 4134 ornamentis
354 4075 490 4148 paradisi,
505 4074 589 4130 nobis
604 4074 714 4130 reddita
728 4079 758 4128 et
771 4077 1003 4127 reservatasnnt.
1061 4075 1166 4130 multos
1184 4091 1284 4131 sensus
1306 4074 1400 4130 habet.
1422 4075 1464 4129 Τιι
1478 4075 1564 4129 etiam
1577 4072 1730 4146 providisti
1748 4073 1779 4128 in
1798 4073 1908 4130 vuione

157 4168 248 4234 Nunc,
268 4163 450 4220 olaudabilis
475 4162 622 4226 Divinitas,
647 4162 710 4216 laus
732 4160 784 4216 tibi
803 4160 849 4228 sit,
865 4158 1005 4232 quoniam
1061 4163 1249 4235 antiquorum
1277 4168 1456 4230 sanctorum,
1486 4167 1513 4217 et
1537 4161 1568 4218 in
1594 4161 1699 4217 sanctis
1731 4162 1798 4218 novi
1823 4167 1909 4218 testa-

158 4254 254 4310 umuiu
278 4252 421 4308 malitiose
449 4250 575 4305 hominis
595 4248 759 4321 reparabas,
783 4255 811 4304 el
832 4250 862 4303 in
887 4248 1006 4304 scientia
1025 4249 1152 4306 Dmeuti
1178 4250 1405 4308 incarnationem
1434 4256 1523 4316 tuam,
1553 4251 1599 4306 cui
1624 4250 1678 4322 ipsi
1693 4253 1806 4318 adsunt,
1834 4249 1910 4305 sieut

157 4348 206 4397 tua
237 4341 376 4412 scripsisti
406 4338 532 4411 qualiter
561 4338 711 4393 inimicum
734 4343 816 4392 tuum
843 4353 1004 4409 superares.
1059 4339 1151 4395 iecisti
1178 4356 1231 4411 per
1250 4341 1356 4396 nubem
1373 4340 1403 4395 iu
1426 4341 1497 4406 Noe,
1514 4343 1543 4394 et
1565 4355 1617 4411 per
1635 4339 1754 4394 arietem
1769 4338 1800 4393 in
1815 4339 1907 4394 Abra-

157 4430 200 4485 Ad
215 4429 457 4502 pronuntiandam
483 4427 556 4482 hanc
585 4426 761 4496 Scriptorum
780 4425 857 4480 viros
880 4424 1004 4496 elegisti,
1059 4428 1138 4495 ham,
1153 4433 1181 4484 et
1196 4427 1226 4483 iu
1242 4430 1345 4501 uoyse,
1371 4444 1458 4501 quem
1473 4428 1509 4483 de
1537 4427 1620 4499 aquis
1634 4426 1790 4498 sumpsisti,
1806 4426 1909 4498 inquo

156 4520 191 4574 de
207 4518 313 4591 quibus
327 4517 373 4570 isti
392 4515 534 4588 praeeipni
554 4515 682 4582 luerunt,
705 4515 735 4569 in
760 4513 863 4586 quihus
878 4513 1005 4569 ostendi·
1059 4517 1151 4588 legale
1171 4516 1394 4573 fundumentum
1414 4523 1496 4572 tuum
1510 4515 1659 4587 scripsisti,
1674 4521 1704 4570 et
1717 4514 1828 4570 occultu
1844 4529 1910 4584 my·

157 4608 193 4663 sti
218 4606 315 4662 omnia
340 4604 482 4659 malitiosa
501 4619 583 4658 casus
609 4602 688 4670 hdo,
716 4619 769 4674 per
794 4603 897 4658 Silium
922 4609 1005 4658 tuum
1059 4605 1145 4662 steria
1168 4609 1197 4660 et
1219 4605 1439 4677 miraculaque
1464 4605 1631 4660 homiuibus
1653 4603 1753 4674 ignote
1777 4608 1854 4668 sunt,
1875 4604 1909 4658 iu

155 4695 315 4768 reparanda
338 4695 367 4748 in
389 4691 502 4759 melios,
527 4692 600 4747 sicut
622 4697 684 4763 post
709 4691 850 4747 diluvium
871 4697 949 4746 terra
976 4697 1006 4746 et
1059 4692 1240 4749 mirabilibus
1265 4693 1322 4748 tuis
1351 4694 1453 4749 iecisti.
1478 4694 1520 4748 Τιι
1545 4693 1623 4748 enirn
1645 4707 1697 4764 per
1719 4693 1828 4746 clarem
1848 4707 1909 4746 nu-

155 4785 289 4840 homines
311 4783 435 4855 quadam
456 4781 585 4837 novitate
609 4779 639 4834 in
663 4781 766 4836 melius
782 4785 914 4852 reparata
928 4785 1004 4850 sunl,
1058 4779 1138 4835 bium
1154 4795 1245 4851 aquas
1260 4780 1397 4848 effudisti,
1422 4786 1450 4836 et
1470 4797 1523 4852 per
1547 4780 1793 4837 circumcisionem
1814 4780 1909 4851 bapti-

155 4872 387 4928 etinAbrcham
404 4867 600 4924 inobedientia
622 4883 676 4939 per
699 4866 892 4923 obedientiam
911 4867 1004 4922 deleta
1058 4883 1153 4924 smum
1183 4868 1303 4926 Abrahre
1345 4867 1506 4938 ostendisti,
1537 4867 1619 4940 cujus
1647 4867 1820 4924 vinctionem
1856 4884 1911 4938 per

155 4967 207 5016 est.
232 4961 374 5017 dbruham
397 4957 449 5014 luit
479 4956 560 5012 radix
582 4957 746 5028 incipientis
768 4956 937 5016 sanctitatis.
953 4955 1004 5028 qui
1057 4956 1171 5028 Moysen
1200 4957 1392 5027 sanctificasti,
1410 4973 1497 5029 quem
1516 4957 1575 5012 lilia
1598 4957 1756 5012 Pharaonis
1772 4957 1808 5012 de
1823 4955 1910 5029 equis

154 5066 207 5122 per
221 5049 415 5106 obedientiam
439 5050 613 5118 preceptum
631 5045 679 5099 Dei
710 5045 841 5110 servavit,
865 5049 894 5098 et
908 5045 1003 5099 omni·
1057 5051 1206 5117 sumptum
1231 5047 1362 5103 servavit.
1394 5047 1465 5102 Filia
1492 5047 1647 5102 Pharaonis
1687 5046 1839 5102 Ecclesium
1867 5045 1902 5101 si·

154 5136 266 5208 potenti
281 5137 340 5190 Deo
359 5133 482 5188 hostiam
501 5133 586 5187 bonu
614 5133 768 5187 voluntatis
790 5131 906 5200 obtulit,
925 5133 1003 5187 unde
1058 5135 1185 5205 gnificat,
1199 5151 1262 5208 qum
1277 5151 1311 5191 ex
1324 5135 1483 5208 gentilibus
1497 5136 1575 5192 idola
1588 5135 1748 5192 colentibus
1761 5135 1797 5191 ad
1813 5136 1907 5192 Deum

154 5228 183 5279 et
213 5222 317 5280 merito
341 5225 424 5293 pater
447 5222 604 5276 mullorum
630 5220 761 5292 gentium
788 5219 893 5275 dicitur
921 5219 1001 5290 (Gen.
1056 5237 1109 5293 per
1140 5222 1318 5278 ablutionem
1351 5222 1500 5294 baptismi,
1534 5228 1563 5279 et
1589 5223 1753 5279 unctionem
1781 5222 1908 5294 Spiritus

154 5314 243 5384 xvir),
278 5313 346 5384 quia
373 5311 429 5378 his,
457 5309 565 5365 scilicet
595 5309 770 5374 obedientia,
803 5308 1003 5364 observatione
1056 5310 1147 5366 sancti
1171 5311 1225 5384 (cui
1254 5311 1378 5367 inarime
1404 5327 1479 5384 uque
1501 5313 1639 5384 pertinet)
1662 5311 1698 5368 ad
1725 5313 1815 5368 Deum
1838 5327 1907 5368 con·

154 5406 366 5474 preceptorum
392 5399 453 5466 Dei,
483 5405 521 5466 te,
556 5402 654 5454 senetu
684 5396 834 5467 Divinitas,
861 5397 955 5470 tetigit
974 5403 1004 5453 et
1055 5414 1137 5456 verse
1151 5404 1203 5456 est.
1222 5401 1328 5458 Futura
1348 5400 1486 5457 miracula
1508 5415 1538 5456 ιιι
1552 5401 1645 5472 ttoyse
1670 5399 1839 5471 prendisti,
1854 5401 1908 5472 qui

155 5487 287 5562 signavit.
316 5486 394 5543 llude
412 5487 500 5542 etiam
522 5485 628 5541 nobilis
642 5485 728 5543 ituria
744 5487 780 5542 de
807 5486 897 5558 stirpe
911 5485 1004 5558 ipsius
1055 5501 1109 5557 per
1129 5485 1246 5557 igneum
1268 5488 1434 5544 columnam
1456 5490 1487 5544 iu
1507 5492 1589 5546 noctu
1611 5487 1797 5546 lsraetiticum
1809 5502 1908 5560 popu·
