3984 6034
157 220 225 273 tutti
773 241 776 248 ¹
897 212 924 268 S.
945 210 1180 271 uttuttetttuts
1839 218 1908 269 {055

265 377 458 455 REGULA
496 378 533 452 S.
577 374 833 451 BENEDICTI
868 374 1022 451 JUXTA
1064 374 1102 449 S.
1141 373 1482 491 Httuuusuutu
1520 374 1800 451 EXPLICATA.

189 615 223 671 lit
252 630 306 686 ego
338 612 512 686 paupercula
540 610 665 667 feminea
691 609 794 677 torma,
820 614 850 664 et
876 609 1004 664 humano
1023 612 1170 665 Amorem
1184 608 1305 677 sileant;
1320 610 1457 683 quoniam
1477 610 1555 666 idem
1578 610 1747 667 Benedictus
1760 610 1912 667 licentiam

154 701 319 775 magisterio
341 700 467 766 indocta,
488 700 524 756 ad
546 714 646 754 uerum
668 700 766 754 lumen
790 701 820 753 et
840 697 874 753 ad
894 713 1002 752 memo·
1055 697 1139 766 banc,
1164 702 1270 755 statuta
1292 700 1363 755 bora
1385 699 1416 755 in
1431 699 1559 772 qualibet
1581 700 1628 755 die
1650 715 1709 756 non
1732 700 1909 773 prefixerat,

154 791 227 847 riam
248 790 325 847 beati
348 789 494 847 Benedicti
508 788 666 844 secundnm
689 786 857 859 petitionem
878 791 1002 841 vestram
1055 786 1186 843 sedeam
1205 786 1236 843 in
1260 792 1400 861 potestate
1414 804 1476 858 ena,
1501 788 1747 861 quemadmodum
1764 791 1910 861 oportuit,

152 879 296 953 prospexi,
320 884 461 952 qnatenus
492 894 536 944 ea,
568 892 634 949 quae
663 877 694 932 iu
722 875 851 933 doctrina
883 876 1002 947 Regulo
1055 872 1188 931 habebat.
1210 876 1281 932 Nam
1303 876 1449 933 licentiam
1463 877 1536 933 hanc
1551 894 1610 933 uon
1625 877 1721 947 dabat,
1737 876 1794 933 nisi
1811 878 1910 949 aliqua

153 966 244 1040 ipsius
263 968 424 1024 intellectui
440 967 592 1023 hominnm
612 965 774 1021 diiilciliora
789 970 818 1019 et
837 964 1001 1020 obscuriora
1055 962 1131 1036 justa
1154 964 1332 1032 necessitate,
1357 982 1408 1021 seu
1436 965 1534 1038 aliqua
1561 966 1609 1037 pia
1633 966 1754 1023 utilitate
1776 966 1908 1039 campul-

153 1061 231 1123 sont,
260 1056 332 1113 mihi
366 1072 418 1129 per
450 1056 571 1129 gratiam
602 1055 653 1110 liei
678 1054 940 1110 manifestarentur.
970 1055 1002 1109 lit
1056 1068 1114 1108 sus.
1141 1056 1274 1110 Attamen
1308 1054 1376 1126 qaia
1404 1054 1597 1110 inhumanum
1624 1059 1667 1110 est
1695 1056 1847 1111 hominem
1878 1055 1909 1111 ia

153 1146 251 1203 audivi
269 1162 366 1201 vocem
382 1162 400 1200 a
422 1160 489 1199 vero
513 1144 623 1200 lamine
647 1143 718 1200 mibi
739 1143 882 1199 dicentem
897 1159 904 1198 ε
922 1142 1003 1198 Luci·
1055 1141 1249 1198 taciturnitate
1264 1159 1378 1215 semper
1397 1158 1469 1213 esse,
1485 1148 1515 1199 et
1533 1160 1592 1199 non
1616 1144 1706 1217 loqui,
1728 1143 1806 1199 idem
1823 1146 1909 1200 Pater

153 1235 270 1291 dissime
293 1239 322 1290 et
342 1234 462 1306 mystica
484 1233 643 1305 spiramina
664 1232 790 1303 Spiritus
812 1233 839 1288 S.
857 1232 888 1286 in
902 1233 932 1286 B.
950 1233 1001 1286 Be·
1056 1228 1086 1285 in
1110 1234 1251 1303 potestate
1275 1236 1303 1286 et
1326 1230 1496 1288 discretione
1522 1230 1631 1288 abbatis
1653 1232 1783 1300 dimittit,
1808 1248 1909 1305 quem·

154 1322 267 1379 aedicto
298 1328 435 1394 operatus
472 1326 524 1391 est,
552 1322 592 1376 ita
628 1321 705 1393 qnod
742 1336 824 1375 mens
856 1320 948 1390 ipsius
970 1319 1002 1375 in
1055 1318 1210 1374 admodum
1226 1319 1282 1375 alia
1299 1320 1422 1391 plurima
1437 1319 1464 1375 ei
1483 1320 1622 1390 concedit,
1641 1325 1672 1375 ut
1685 1319 1833 1392 discipulis
1846 1324 1908 1374 suis

152 1428 252 1467 eruore
267 1411 318 1467 uei
342 1410 486 1478 rutilabat,
509 1427 562 1465 nec
585 1411 750 1466 suasionem
770 1409 918 1465 diabolicae
933 1409 1003 1464 artis
1056 1407 1155 1472 horam
1171 1414 1382 1480 competentem
1407 1410 1573 1481 praevideat,
1601 1426 1660 1482 qua
1680 1408 1735 1481 ipsi
1752 1410 1826 1477 brec,
1841 1425 1907 1480 quas

153 1499 184 1556 iu
199 1500 335 1573 operibus
354 1500 412 1555 sois
436 1500 565 1573 perfecit.
581 1502 645 1571 lpse
668 1499 747 1555 enim
762 1499 856 1571 gratia
877 1498 1002 1571 Spiritus
1055 1498 1176 1553 honesta
1188 1502 1217 1553 et
1233 1498 1392 1553 necessaria
1414 1502 1491 1561 sont,
1512 1498 1671 1555 adinvicem
1694 1497 1863 1571 loquantur,
1878 1504 1907 1553 ei

153 1590 244 1645 sancti
258 1590 312 1645 hoc
328 1590 415 1645 modo
434 1589 569 1658 perinsus
586 1594 658 1657 erat,
674 1588 751 1660 quod
766 1588 797 1643 in
816 1587 896 1643 nullo
914 1602 1002 1659 opere
1056 1602 1093 1641 ne
1117 1586 1148 1642 in
1169 1586 1323 1643 indiscreto
1347 1586 1460 1642 silentio
1476 1587 1559 1643 toedio
1577 1586 1748 1655 alliciantur,
1765 1585 1905 1659 quoniam

153 1694 205 1733 suo
220 1680 299 1733 vetat
321 1679 352 1734 in
373 1684 482 1751 puncto
504 1677 645 1733 momenti
663 1684 692 1732 et
712 1677 786 1733 ictus
806 1675 881 1732 oculi
895 1676 1001 1731 virtute
1056 1680 1121 1747 post
1142 1675 1308 1747 hujusmodi
1329 1676 1364 1731 ad
1379 1675 1501 1731 inuicem
1518 1676 1656 1749 loquendi
1670 1674 1904 1747 permissionem,

153 1765 275 1839 Spiritus
293 1766 383 1821 sancti
406 1766 530 1838 carebat.
552 1767 627 1821 Fons
653 1781 770 1837 qnoque
796 1765 909 1821 clausos
935 1764 1000 1832 init,
1056 1764 1271 1820 convenientius
1290 1768 1319 1819 et
1344 1764 1471 1820 severius
1493 1763 1529 1819 ed
1549 1762 1774 1820 taciturnitatem
1796 1763 1905 1817 silentii

153 1853 204 1925 qni
219 1853 249 1909 io
264 1854 436 1910 discretione
458 1854 510 1909 ttet
532 1853 689 1909 doctrinam
710 1868 791 1909 suam
808 1852 918 1920 effodit,
935 1868 1001 1907 cum
1021 1851 1206 1947 Badmoneri
1220 1857 1248 1906 et
1271 1850 1393 1908 coerceri
1418 1856 1563 1923 poterunt.
1589 1850 1670 1916 Quod
1689 1855 1786 1905 autem
1809 1849 1904 1904 dicit:

153 1946 270 1997 scotum
294 1942 408 1997 clavam
428 1941 565 1997 doctrine
589 1958 642 1997 nec
666 1940 753 1997 nimis
776 1941 807 1995 in
830 1942 932 2010 eitum,
948 1957 1001 1996 nec
1056 1942 1157 1997 lliemis
1180 1945 1307 2015 tmepore,
1334 1940 1366 1997 id
1388 1945 1458 1996 eata
1477 1940 1610 1995 Kalendis
1632 1939 1791 1997 Nouembris
1816 1953 1905 2007 taque

154 2029 241 2085 nimis
261 2031 292 2084 in
307 2030 495 2101 probandum,
511 2030 560 2086 sed
578 2030 610 2086 in
632 2030 762 2085 medinm
785 2035 855 2085 rotae
874 2028 945 2099 lixit,
962 2029 1001 2084 ita
1053 2032 1083 2083 in
1115 2028 1233 2094 Pascha,
1261 2030 1348 2098 juata
1374 2028 1614 2084 considerationem
1647 2029 1774 2095 rationis,
1807 2032 1906 2082 octono

154 2124 186 2173 ut
208 2118 418 2190 unusquisque,
442 2118 500 2173 sive
525 2118 614 2187 tortis,
637 2118 695 2173 sive
719 2118 873 2173 imbecillis
893 2119 940 2188 sit,
966 2134 1000 2173 ex
1054 2116 1220 2173 boranoctis
1240 2116 1405 2184 surrentum
1419 2121 1468 2185 est,
1490 2122 1520 2171 at
1536 2116 1639 2172 modice
1657 2117 1776 2186 amptius
1798 2114 1832 2170 de
1846 2131 1905 2169 me-

154 2223 188 2261 ea
214 2207 371 2262 secundnm
394 2206 615 2278 possibilitatem
645 2223 727 2262 suam
755 2206 852 2262 bibere
882 2223 1000 2279 compe·
1053 2204 1102 2259 dio
1115 2211 1191 2261 nocte
1211 2210 1353 2276 pausetur,
1374 2209 1401 2260 et
1418 2204 1480 2276 jam
1495 2204 1595 2272 dipesti
1609 2210 1725 2273 saraam
1742 2218 1749 2260 :
1769 2204 1823 2259 boc
1838 2202 1905 2257 ideo

154 2299 247 2351 tenter
269 2295 367 2367 possit.
384 2296 459 2352 Rota
481 2301 579 2351 autem
597 2295 659 2350 hacc
681 2295 854 2351 circumiens
874 2300 1001 2368 potestas
1054 2298 1106 2361 est,
1130 2293 1198 2365 quia
1226 2294 1274 2365 qui
1297 2292 1411 2349 tertiam
1446 2298 1558 2365 partem
1584 2293 1722 2348 horarum
1753 2291 1846 2348 noctis
1876 2290 1906 2347 iu

155 2383 205 2438 liei
231 2388 283 2448 est,
310 2399 367 2455 qua
398 2385 470 2440 Deos
499 2385 529 2438 in
556 2383 682 2456 antiquis
708 2384 815 2440 sanctis
844 2400 936 2457 usque
964 2384 1001 2441 od
1053 2382 1150 2459 hieme
1177 2383 1288 2455 vigilat,
1318 2398 1370 2439 seu
1396 2382 1446 2454 qai
1478 2381 1592 2438 tertiam
1622 2380 1733 2453 partem
1765 2381 1904 2437 horarum

154 2472 277 2542 ldoysen,
294 2472 344 2543 qni
359 2473 466 2542 populo
485 2471 537 2527 liei
558 2470 654 2544 legem
674 2472 762 2539 dedit,
788 2477 921 2544 operatas
936 2477 1000 2542 est;
1054 2472 1145 2527 noctis
1160 2478 1189 2526 et
1204 2471 1261 2527 diei
1283 2472 1313 2527 in
1329 2472 1423 2527 hieme
1449 2470 1563 2539 dormit,
1580 2486 1633 2525 nec
1656 2468 1765 2541 probis
1784 2468 1904 2539 vigiliis,

153 2565 183 2615 et
196 2575 254 2633 qua
278 2560 365 2615 etiam
381 2560 412 2615 in
436 2560 500 2616 eliis
519 2560 704 2616 saocnssimis
725 2560 793 2615 viris
815 2562 999 2633 operabatur,
1054 2576 1107 2615 nec
1129 2577 1182 2633 pro
1207 2562 1260 2617 hac
1280 2558 1454 2616 dormitione
1478 2559 1510 2615 in
1531 2559 1647 2615 cerebro
1671 2557 1769 2614 autin
1788 2556 1904 2628 reliquo

152 2664 277 2722 quorum
297 2650 391 2704 clavus
410 2649 541 2704 laborum
567 2648 598 2703 in
621 2654 681 2704 tam
704 2650 790 2703 altam
817 2648 1000 2705 altitudinem
1053 2664 1172 2721 corpore
1195 2649 1377 2725 debilitatum
1402 2648 1540 2721 qnoniam
1561 2647 1649 2702 homo
1671 2646 1722 2720 qui
1741 2656 1792 2702 aut
1814 2660 1905 2716 supra

153 2724 258 2791 infixus
289 2742 360 2803 erat,
392 2742 426 2791 ut
451 2736 614 2792 communis
641 2735 764 2808 populas
791 2737 874 2794 illum
897 2754 1000 2810 capere
1054 2734 1905 2810 modumrigilat,outsupramodomdormit,debilitatem

91 2808 101 2823 ⁰
152 2841 212 2880 non
235 2825 352 2881 valeret.
378 2825 480 2880 Beatos
503 2826 611 2898 quippe
639 2825 809 2881 Benedictus
839 2824 1000 2883 doctrinam
1054 2842 1153 2882 seusus
1177 2833 1205 2882 et
1228 2826 1356 2899 corporis
1386 2826 1516 2881 incurrit
1540 2825 1643 2897 Sicque
1665 2824 1841 2880 dormientes
1867 2824 1903 2877 ad

152 2928 234 2968 suam
253 2912 283 2968 in
307 2915 411 2968 timore
435 2914 485 2969 liei
501 2914 649 2969 mitissime
667 2913 772 2982 hausit,
789 2920 818 2969 et
841 2914 870 2969 in
892 2915 1000 2987 pietate
1054 2915 1164 2987 uigilias
1186 2915 1289 2987 digesti
1308 2922 1439 2987 surgunt,
1456 2913 1525 2987 qaia
1539 2930 1603 2969 cum
1622 2912 1703 2971 cibus
1717 2918 1860 2967 comestus
1876 2918 1905 2967 et

152 3007 295 3073 praecepta
321 3001 371 3058 liei
396 3001 503 3069 docuit,
528 3007 557 3057 et
582 3003 611 3057 in
634 3002 773 3058 charitate
797 3019 913 3058 murum
937 3020 1001 3058 san·
1052 3007 1425 3077 potussamptus,pertam
1434 3002 1657 3059 morosashoras
1668 3000 1903 3073 jaminaliudse

152 3088 258 3145 ctitatis
279 3091 398 3161 Regula
419 3090 576 3159 constituit,
605 3095 633 3147 ot
654 3090 686 3146 iu
705 3091 833 3147 castitate
863 3092 1000 3149 omnibns
1053 3095 1178 3161 vertunt,
1193 3096 1352 3163 oportetnt
1370 3093 1457 3148 horno
1472 3096 1580 3163 surgat,
1597 3088 1735 3163 quoniam
1751 3094 1780 3143 et
1796 3087 1904 3159 vigilias

152 3178 267 3249 pompis
288 3184 316 3233 et
347 3177 457 3233 deliciis
486 3180 594 3234 terreni
620 3180 717 3234 saecnli
742 3180 909 3251 peregrinas
935 3182 996 3237 init.
1018 3180 1114 3243 cistae
1128 3180 1280 3236 sanitatem
1293 3178 1550 3248 hominiinieront,
1562 3195 1628 3237 cnm
1641 3178 1690 3233 ille
1700 3177 1786 3232 inerti
1799 3192 1903 3233 somno

154 3268 187 3322 Et
201 3267 340 3338 quoniam
359 3267 420 3339 ipse
445 3267 477 3323 in
500 3267 604 3323 timore
628 3272 657 3323 et
673 3268 789 3340 pietate,
809 3268 840 3324 in
862 3269 1000 3326 charitate
1052 3285 1082 3323 se
1095 3269 1258 3337 excusserit,
1275 3274 1304 3324 et
1317 3267 1765 3340 cumseporgaverit3quouiam
1776 3266 1800 3321 si
1814 3266 1902 3322 homo

153 3359 182 3410 et
209 3353 338 3409 castitate
375 3354 535 3410 doctrinam
562 3371 643 3410 suam
680 3356 803 3427 scripsit,
833 3356 897 3413 ideo
926 3359 999 3413 nihil
1053 3372 1138 3429 supra
1154 3358 1272 3413 modum
1288 3356 1445 3425 dormierit,
1461 3356 1554 3412 tebras
1575 3355 1658 3412 iacile
1673 3356 1843 3423 incurreret,
1858 3360 1901 3409 at-

154 3442 246 3498 eidem
262 3443 400 3499 doetrinae
419 3442 582 3500 addendum
593 3446 638 3502 vei
652 3444 841 3502 ortlerendam
856 3452 908 3516 est,
931 3448 1001 3520 quia
1052 3464 1109 3520 que
1118 3464 1169 3519 per
1180 3448 1345 3503 interiorem
1357 3448 1490 3515 calorem,
1502 3447 1725 3503 commotionem
1735 3446 1830 3502 amnis
1842 3462 1902 3499 soa

154 3531 180 3586 ei
194 3530 265 3586 nihil
282 3531 371 3600 deest,
397 3533 536 3605 quonism
557 3533 587 3588 in
604 3533 713 3606 Spiritu
728 3535 755 3591 S.
779 3535 854 3591 lacta
874 3541 903 3591 et
917 3553 999 3592 com-
1052 3537 1179 3593 sentiret.
1198 3536 1294 3593 Sedet
1308 3537 1344 3593 ab
1359 3538 1403 3593 his
1414 3554 1443 3593 se
1457 3535 1602 3605 defendat,
1618 3541 1647 3592 et
1658 3540 1691 3592 ut
1705 3538 1763 3592 lieo
1778 3535 1903 3592 fideliter

153 3619 231 3691 pleta
245 3623 297 3675 est.
313 3620 345 3674 iit
364 3621 432 3693 quia
447 3620 523 3676 lilius
537 3622 677 3678 columbae
700 3628 769 3687 erat,
787 3624 929 3693 Ausculto,
941 3626 999 3694 fiii,
1051 3625 1166 3693 serviat,
1187 3624 1412 3682 exhortationem
1427 3624 1467 3697 pii
1485 3628 1515 3681 P.
1531 3626 1606 3681 bono
1621 3625 1719 3681 animo
1732 3623 1900 3697 adimpleat.

153 3714 288 3779 praecepto
302 3714 391 3779 patris
415 3714 465 3779 tui,
490 3709 611 3775 dicebat,
640 3717 669 3767 et
696 3712 782 3767 etiam
805 3713 912 3768 idcirco
932 3730 999 3769 san·
1087 3714 1122 3768 lit
1136 3712 1289 3769 subditur:
1311 3714 1388 3781 Quod
1411 3730 1475 3771 oceo
1490 3718 1648 3784 restatpost
1672 3714 1785 3781 uipiiios
1801 3714 1900 3779 nocua,

153 3796 247 3852 ctitate
275 3798 476 3869 praedictarum
510 3800 649 3855 virtutum
672 3801 775 3871 plenus
800 3806 870 3869 erat,
901 3818 1001 3874 quem·
1051 3801 1233 3870 afratribas,
1253 3804 1302 3868 qai
1321 3802 1447 3871 psalterii
1466 3802 1509 3857 oet
1531 3802 1675 3857 lectionum
1698 3799 1807 3871 aliquid
1820 3801 1897 3855 indi-

154 3886 308 3942 admodum
343 3889 448 3957 ltopses
474 3891 519 3943 uir
545 3891 708 3945 mitissimas
737 3905 820 3959 super
847 3905 936 3946 omnes
951 3891 998 3946 io·
1051 3888 1312 3958 praemeditationi
1331 3892 1506 3959 inserviatur,
1531 3906 1662 3958 monens,
1678 3905 1714 3944 ne
1729 3894 1780 3944 aut
1793 3888 1902 3960 sopori,

153 3976 248 4042 mines,
273 3975 323 4044 qui
350 3976 530 4031 morabantur
550 3979 580 4031 in
604 3982 677 4031 tarra
710 3977 803 4046 (Num.
834 3980 893 4048 xri).
918 3979 998 4045 Quod
1052 3984 1101 4034 aut
1116 3978 1253 4033 otiositati
1273 3984 1371 4050 postea
1395 3978 1485 4035 dediti
1509 3978 1581 4047 sint3
1598 3980 1648 4035 sed
1667 3984 1749 4034 cante
1780 3978 1901 4034 utilitati

153 4067 249 4117 autem
277 4062 342 4133 pius
370 4062 423 4118 iste
449 4063 533 4119 Pater
557 4063 635 4131 dicit,
667 4065 800 4119 monachi
823 4065 941 4137 quidam
968 4066 999 4122 in
1052 4066 1167 4137 animae,
1181 4067 1234 4122 boc
1248 4067 1366 4122 hiemali
1384 4066 1533 4123 interuallo
1556 4068 1597 4122 ita
1620 4066 1770 4139 disposito,
1797 4084 1899 4123 secun·

154 4149 316 4206 diversitate
357 4166 471 4206 morum
507 4152 676 4224 dispergunt
706 4169 713 4209 ε
750 4152 999 4209 considerantibus
1052 4158 1120 4213 dum
1137 4157 1212 4228 quod
1231 4160 1345 4227 tempus
1368 4162 1438 4213 ttsnc
1460 4156 1610 4229 permittit,
1637 4173 1728 4229 nsque
1751 4155 1822 4212 dum
1839 4158 1901 4211 laus

154 4244 287 4310 apertum
305 4245 356 4307 est,
383 4241 458 4296 ande
481 4239 552 4313 ipsis
575 4242 733 4297 secundum
758 4242 998 4318 meritaoperum
1053 4245 1242 4312 matutinalis,
1275 4245 1459 4301 illucescente
1484 4248 1545 4317 jam
1574 4245 1630 4313 die,
1660 4246 1825 4316 incipiatur.
1852 4246 1901 4301 llic

154 4344 271 4384 soorom
309 4345 416 4385 merces
449 4329 612 4386 donabitur.
651 4331 722 4386 Nam
766 4335 833 4386 ante
868 4338 998 4403 tempora
1051 4334 1241 4407 postvigiiias
1265 4334 1366 4401 noctis,
1383 4333 1413 4388 id
1432 4338 1475 4389 est
1493 4333 1610 4406 psalmis
1627 4332 1775 4389 nocturnis
1797 4332 1899 4403 linitis,

155 4418 185 4472 tt.
210 4418 301 4473 Patris
326 4419 412 4490 liujus
434 4420 589 4489 Benedicti,
615 4420 695 4476 nulla
721 4426 798 4480 certa
818 4422 918 4493 regola
934 4436 996 4477 mo·
1053 4422 1235 4478 intervallum
1252 4422 1350 4477 haberi
1365 4437 1416 4493 per
1430 4421 1647 4477 meditationem
1662 4422 1829 4477 orationum
1849 4426 1900 4477 aut

154 4506 238 4561 naabi
274 4508 445 4573 conllrmati,
484 4508 595 4564 diuersa
632 4508 834 4565 incertitudine
857 4514 885 4563 et
910 4509 997 4564 insta·
1053 4510 1209 4568 lectionum
1223 4508 1392 4580 designavit.
1412 4508 1468 4565 Sed
1484 4525 1549 4564 mox
1568 4510 1603 4565 de
1617 4508 1735 4564 salivati
1749 4510 1900 4565 interuallo

153 4594 261 4651 bilitate
285 4598 338 4652 baa
370 4602 398 4653 et
422 4596 487 4652 illac
519 4598 707 4668 vagabantur,
729 4602 807 4653 certo
831 4598 998 4670 magisterio
1052 4600 1121 4657 dicit
1137 4600 1185 4654 :A
1214 4598 1318 4654 Pascite
1332 4604 1423 4653 autem
1437 4613 1524 4667 usque
1547 4597 1585 4652 ad
1599 4596 1776 4667 supradictas
1797 4598 1900 4653 Koten-

154 4687 182 4739 et
203 4690 278 4740 certa
301 4686 443 4741 locatione
466 4691 605 4741 carentes.
630 4685 812 4757 Quapropter
842 4685 903 4757 ipsa
928 4685 999 4741 vitia
1052 4688 1103 4744 dae
1117 4685 1283 4755 Nouembris,
1308 4690 1347 4741 sic
1365 4690 1527 4757 temperetur
1545 4686 1613 4741 bora
1632 4688 1791 4756 cicilianum
1815 4702 1899 4755 open·

155 4773 346 4830 instabilitatis
383 4791 496 4831 morum
528 4774 642 4831 illorum
679 4774 852 4843 describens,
881 4777 915 4832 ut
940 4775 999 4830 rita
1052 4778 1099 4842 da,
1116 4782 1147 4831 at
1167 4776 1330 4847 parcissimo
1353 4775 1506 4843 interuallo,
1530 4790 1582 4846 aaa
1602 4778 1706 4843 [ratres
1727 4775 1900 4830 adnecessa-

154 4876 254 4916 eomm
264 4879 281 4917 a
291 4862 424 4919 tidelibas
439 4862 585 4919 monachis
597 4855 754 4929 devitatur,
770 4869 878 4920 monet.
1052 4867 1097 4920 rio
1122 4868 1350 4932 calamensem,
1374 4863 1517 4931 custodito,
1535 4878 1598 4917 moa
1610 4864 1741 4918 matutini
1762 4866 1810 4933 qai
1829 4864 1899 4918 inci·

188 4950 244 5006 Sed
266 4952 425 5008 doctrinam
448 4952 510 5024 ejus
524 4966 589 5006 vere
613 4952 801 5022 sequentibus
815 4957 933 5024 propter
955 4956 999 5008 ta·
1051 4955 1142 5023 piente
1163 4954 1220 5008 tace
1242 4952 1342 5020 aaeudi
1368 4955 1442 5019 sunt,
1462 4952 1671 5023 subsequantur.
1690 4953 1723 5007 ln
1739 4951 1783 5007 his
1802 4952 1901 5023 itaque

154 5034 326 5093 aitnrnitatis
347 5038 515 5111 gravitatem
532 5054 598 5094 rara
619 5039 755 5107 loquendi
777 5041 947 5112 gravitatem
963 5040 998 5095 li·
1053 5042 1147 5097 verbis
1169 5042 1327 5097 notandum
1342 5047 1394 5109 est,
1410 5041 1484 5113 quod
1510 5044 1569 5096 tam
1585 5041 1615 5095 in
1631 5044 1740 5106 aestate,
1762 5055 1849 5113 quam
1870 5042 1901 5096 in

154 5124 256 5194 centia,
271 5127 378 5183 scilicet
400 5134 468 5183 tanc
485 5143 550 5183 com
570 5127 667 5199 aliqua
686 5128 716 5183 io
739 5128 877 5198 consiliis,
902 5130 1000 5202 aliqua
1053 5130 1158 5197 hieme,
1188 5130 1294 5185 scilicet
1318 5129 1349 5185 iu
1363 5128 1455 5186 tribus
1482 5129 1653 5185 lectionibus
1672 5134 1701 5184 ct
1724 5128 1812 5184 etiam
1833 5144 1900 5183 cnm

153 5210 184 5265 in
199 5214 321 5283 negotiis
342 5230 392 5271 sea
412 5216 442 5270 in
467 5215 626 5286 majoribus
648 5215 863 5271 necessitatibus
887 5216 1000 5289 agenda
1054 5234 1112 5274 nna
1136 5218 1251 5287 dicitur,
1277 5219 1377 5274 iratres
1403 5235 1456 5274 nec
1477 5223 1542 5291 post
1569 5224 1735 5286 nocturnos,
1756 5234 1808 5273 nec
1835 5222 1902 5289 post
1977 5260 1978 5267 .

155 5304 232 5368 sttui,
254 5302 284 5358 in
306 5303 440 5371 inuicem,
463 5309 492 5359 et
506 5320 563 5359 non
582 5304 750 5375 singulatim
764 5304 917 5376 loquendo,
934 5306 1000 5361 data
1054 5306 1222 5375 matutinos,
1236 5308 1271 5363 ad
1286 5308 1392 5363 lectum
1415 5309 1449 5365 ad
1474 5307 1654 5381 pausandum
1680 5306 1830 5373 redibant;
1849 5306 1900 5361 sed

156 5385 279 5459 licentia,
296 5397 324 5448 et
346 5393 459 5448 modice
473 5408 506 5447 ac
525 5393 651 5449 breviter
671 5410 736 5465 otim
756 5410 837 5465 opos,
854 5399 883 5450 et
897 5395 1000 5451 deinde
1053 5396 1094 5452 ita
1107 5402 1172 5468 post
1188 5396 1313 5452 mediam
1336 5402 1450 5453 noctem
1467 5402 1620 5453 nocturnas
1643 5392 1754 5469 vigilias
1775 5399 1899 5466 atroque

155 5476 193 5530 sis
254 5478 265 5487 ¹
359 5497 455 5536 ¹¹tunes
476 5482 635 5537 insileutio
654 5483 813 5543 secondum
828 5489 999 5540 consuetam
1053 5490 1182 5558 tempore
1208 5485 1415 5557 temperabant,
1439 5485 1515 5560 qood
1538 5485 1639 5541 laudes
1656 5484 1716 5556 jam
1740 5487 1899 5549 anantes,
