3984 6034
184 261 251 313 iiiiii
912 259 941 312 S.
962 255 1200 315 hithuunfluls
1859 261 1929 314 troo

179 389 308 462 quolibet
329 387 393 444 cibo
416 387 564 445 moderate
587 387 718 453 comedit,
741 386 849 444 honum
871 391 899 444 et
921 394 1065 447 sennmli
1203 388 1275 446 Cer.
1299 387 1451 447 chtxltlv.
1466 419 1500 430 -
1523 388 1566 446 ile
1589 389 1731 447 herenee
1750 389 1800 460 (2).

179 477 205 531 ei
217 483 268 533 est.
1111 476 1166 544 Qui
1182 477 1338 534 meranden
1353 476 1446 533 lacere
1464 477 1532 542 vult,
1556 491 1662 549 panem
1677 482 1795 535 tenuem
1811 477 1840 533 in
1858 478 1929 534 scis·

214 564 271 636 [Sel
288 569 331 621 est
349 565 431 639 quasi
446 566 574 638 sanguis,
594 571 623 621 et
637 564 718 639 quasi
733 563 788 622 llos
811 581 952 638 equarum
967 569 1020 634 ast,
1076 567 1182 623 eureio
1196 567 1293 623 riuum
1305 571 1353 622 aut
1368 565 1529 637 cervisiam,
1544 573 1594 622 aut
1606 566 1635 621 in
1650 582 1755 640 equam
1770 567 1888 637 incidet,
1899 572 1932 623 at

179 659 208 709 et
231 653 295 710 ideo
320 655 466 711 moderate
490 655 582 710 utenti
605 655 680 711 vires
696 653 808 725 tribuit,
831 655 1023 712 immoderate
1076 655 1170 728 liquor
1186 655 1234 711 ille
1248 655 1342 727 ipsum
1367 671 1472 726 panem
1493 654 1669 710 sullicicnter
1685 662 1875 726 pertransent,
1899 661 1931 712 et

180 758 246 798 vero
268 744 360 799 utenti
389 744 468 799 velut
497 743 648 800 inundatio
678 748 707 799 el
734 743 812 799 velut
833 745 958 816 procelle
980 749 1024 800 est
1076 742 1115 799 sic
1134 743 1277 812 comedet,
1302 743 1370 815 quia
1386 743 1479 813 panis,
1502 743 1556 798 hoc
1575 744 1661 799 roodo
1682 743 1926 812 moilisellectns,

180 829 319 905 added]
1075 837 1154 888 tanto
1170 833 1284 888 auarior
1300 838 1329 888 ct
1350 831 1461 888 facilius
1480 831 1573 904 digeri
1595 838 1699 903 potest.
1717 833 1789 886 Nam
1809 831 1834 887 si
1860 831 1929 904 quis

212 919 335 975 Lucidue
359 934 428 976 vero
449 920 489 976 sal
511 919 652 991 mojorem
672 920 794 975 colorem
824 919 911 975 hebet
933 937 1021 993 qnam
1076 935 1179 991 panem
1206 924 1317 976 tantum
1342 919 1462 991 intingit
1485 924 1515 974 et
1538 935 1603 975 mor
1619 920 1660 976 ita
1684 918 1821 989 comedit,
1842 927 1926 976 ente·

176 1008 252 1064 eliud
283 1009 334 1077 sel,
361 1013 391 1063 et
414 1009 499 1064 etiarn
524 1007 678 1080 quamdam
701 1008 901 1065 humiditatem
925 1009 1022 1080 hehet,
1076 1023 1163 1081 quarn
1196 1009 1367 1066 humiditate
1401 1009 1549 1082 liquorum
1574 1009 1691 1064 illorum
1723 1009 1927 1081 perfundatur,

175 1101 204 1150 et
226 1096 317 1167 [utilis
341 1095 394 1170 est]
417 1097 453 1153 ed
477 1113 562 1152 nsum
585 1096 713 1152 hominis
725 1103 755 1152 et
767 1098 802 1153 ed
818 1097 916 1153 omnia
931 1099 1021 1154 medi.
1077 1113 1143 1152 eom
1166 1097 1287 1153 interius
1313 1103 1410 1170 gravat
1444 1103 1472 1153 et
1502 1097 1684 1170 constringit,
1717 1113 1772 1152 nec
1802 1097 1929 1153 feciliter

175 1191 317 1252 cementa,
340 1185 381 1240 ita
404 1189 434 1240 ut
457 1183 480 1240 si
496 1185 537 1240 eis
554 1185 698 1240 modicum
720 1184 837 1257 quidex
859 1184 923 1257 ipso
945 1186 1023 1243 addi·
1077 1185 1168 1259 digeri
1187 1190 1290 1260 potest.
1315 1185 1370 1242 Sed
1391 1185 1522 1241 meando
1536 1184 1597 1241 vini
1616 1183 1698 1241 lortis
1718 1191 1771 1253 est,
1790 1190 1819 1240 et
1834 1185 1929 1241 homi·

174 1276 232 1338 tur,
254 1277 335 1328 tanto
354 1273 475 1328 meliore
499 1278 576 1336 eunt,
592 1279 622 1328 et
636 1272 675 1328 ita
694 1273 849 1346 pretiosior
862 1275 949 1330 etiam
965 1276 1021 1331 alio
1077 1287 1143 1328 uem
1159 1273 1279 1328 interius
1295 1273 1475 1345 aliquantum
1499 1273 1613 1328 aridum
1637 1273 1716 1341 lacit,
1736 1288 1788 1329 nec
1810 1272 1929 1328 homini

174 1359 242 1429 sale,
267 1360 340 1416 sicot
361 1361 510 1432 pigmenta
529 1361 599 1416 alies
621 1361 918 1433 herbespraecellunt.
947 1363 978 1419 El
998 1365 1023 1420 si
1076 1361 1199 1418 muitum
1229 1362 1356 1433 prodest,
1391 1361 1503 1416 etiamsi
1529 1361 1556 1416 ei
1580 1377 1639 1416 non
1664 1364 1786 1418 multum
1817 1361 1924 1417 oberit.

173 1445 263 1502 honre
288 1447 324 1503 de
345 1449 403 1503 sale
426 1449 480 1503 isto
507 1448 654 1503 modicum
678 1465 743 1504 cum
761 1448 859 1521 aliquo
884 1449 949 1504 cibo
973 1453 1024 1504 aul
1075 1449 1208 1506 diffundo
1222 1456 1320 1506 entem
1342 1449 1468 1504 cervisie
1483 1448 1638 1518 salubrior,
1655 1467 1743 1523 quam
1762 1450 1835 1516 sini,
1852 1451 1926 1522 quia

173 1549 238 1591 cum
253 1552 327 1608 pane
342 1536 478 1604 comedit,
494 1542 521 1592 et
539 1553 599 1592 non
614 1539 723 1610 absque
749 1537 806 1593 elio
825 1538 1020 1606 condimento,
1076 1553 1176 1594 succos
1197 1539 1279 1611 panis
1297 1554 1380 1594 succo
1407 1538 1532 1594 cervisie
1557 1538 1610 1593 sihi
1638 1539 1698 1594 lere
1720 1544 1843 1609 cognato
1860 1555 1929 1593 cou-

174 1628 243 1678 tuoc
268 1640 335 1681 eum
355 1624 495 1680 confortat
525 1631 554 1681 et
581 1630 673 1691 sanat,
703 1641 736 1681 ac
763 1626 932 1696 pulmonem
959 1626 1022 1698 ejus
1073 1627 1205 1701 jungitur
1233 1631 1261 1682 et
1287 1627 1436 1684 homiuem
1470 1626 1590 1682 interius
1617 1627 1730 1682 aridum
1761 1641 1820 1682 non
1846 1627 1926 1697 iacit,

172 1713 262 1784 juvet.
283 1712 312 1769 Si
331 1720 427 1770 autem
452 1713 640 1770 immoderate
657 1721 686 1770 et
704 1715 767 1770 sine
794 1719 1023 1788 temperamento
1041 1699 1163 1772 Betiem
1190 1717 1243 1772 sihi
1263 1732 1320 1772 non
1346 1716 1469 1771 multone
1486 1717 1609 1788 prodest.
1625 1713 1678 1772 Sed
1695 1714 1827 1771 merendo
1842 1731 1927 1788 aquea

173 1816 241 1858 eum
266 1801 392 1858 comedit
421 1803 589 1875 pulmonem
611 1803 690 1860 illins
719 1803 837 1874 inipso
861 1804 968 1872 welhet,
995 1807 1025 1858 ct
1077 1805 1220 1860 salubrior
1239 1810 1384 1877 estquam
1403 1805 1539 1872 cervisie,
1564 1803 1633 1877 qnia
1656 1803 1706 1859 illa
1727 1804 1757 1859 in
1776 1805 1926 1860 stomacho

174 1888 385 1964 {debilitetcd}
402 1898 431 1946 et
450 1892 538 1948 ledit.
556 1891 640 1963 [Nam
661 1891 868 1948 delortissime
888 1891 1024 1948 sihumi·
1077 1893 1171 1950 suevis
1193 1899 1223 1949 ct
1244 1894 1313 1949 levis
1342 1899 1394 1962 est,
1423 1899 1453 1949 et
1485 1893 1610 1948 suaviter
1634 1896 1663 1948 et
1694 1892 1795 1948 leviter
1829 1893 1926 1965 digeri

175 1978 272 2034 ditetis
292 1995 433 2052 aquarum
459 1983 488 2035 et
508 1985 591 2036 terrae
609 1980 703 2047 sudat,
727 1980 850 2053 ideoque
873 1979 1023 2036 moderate
1076 1989 1180 2056 potest,
1205 1982 1282 2038 velot
1307 1981 1402 2036 mollis
1429 1981 1519 2046 cibus,
1540 1981 1590 2053 qui
1614 1979 1737 2036 faciliter
1759 1984 1788 2036 et
1814 1979 1926 2054 absque

175 2067 270 2122 utenti
284 2067 360 2123 bono
385 2068 480 2124 colore
504 2074 530 2123 ot
555 2068 640 2123 bonis
662 2067 771 2124 viribus
791 2068 850 2122 suis
873 2068 947 2122 vires
970 2065 1022 2122 tri·
1076 2070 1192 2128 lesione
1216 2087 1268 2144 per
1289 2069 1438 2127 hominem
1458 2071 1570 2126 transit.
1595 2069 1630 2125 Et
1649 2070 1760 2125 homini
1783 2069 1834 2143 qui
1858 2071 1926 2126 caii·

176 2156 249 2222 huit,
275 2155 466 2212 immoderate
488 2162 585 2211 eutem
608 2160 736 2211 utentem
759 2156 834 2212 siout
854 2155 1022 2228 repentinus
1076 2157 1145 2216 dnm
1159 2165 1187 2216 et
1209 2161 1313 2216 fortem
1333 2159 1511 2215 stomachum
1529 2157 1615 2214 hehet
1631 2159 1768 2230 irequens
1789 2159 1927 2215 meronda

174 2243 278 2300 linctus
294 2245 405 2300 evertit.
421 2244 499 2300 Add.
516 2245 571 2314 cd]
585 2243 683 2310 .Quod
696 2245 1021 2301 eutemhomomnltam
1076 2262 1135 2304 non
1158 2249 1283 2319 prodest,
1311 2247 1381 2319 quie
1410 2248 1534 2304 calorem
1560 2247 1698 2302 stomachi
1722 2247 1784 2318 ejus
1810 2246 1927 2320 infrigi·

174 2333 251 2388 sitim
266 2334 386 2406 patitur,
401 2348 466 2389 cum
489 2334 648 2405 plurimum
673 2335 712 2389 sal
728 2334 863 2401 comedit,
883 2334 938 2390 hoc
953 2334 1020 2390 ideo
1075 2337 1124 2392 dat
1145 2344 1175 2391 et
1194 2337 1309 2391 aridum
1332 2336 1409 2391 lacit.
1434 2335 1490 2390 Sed
1518 2339 1547 2390 ct
1568 2335 1682 2390 homini
1705 2335 1756 2407 qui
1781 2335 1924 2407 frigidum

174 2425 227 2491 est,
242 2420 311 2493 quie
327 2420 368 2476 sel
390 2421 557 2494 pulmonem
578 2421 643 2492 ejus
658 2422 743 2476 siccat
764 2427 792 2477 et
806 2421 896 2477 bonos
916 2421 1019 2477 brimo·
1074 2424 1253 2480 stomachum
1278 2421 1365 2479 habet
1393 2423 1526 2479 morundo
1557 2439 1616 2480 non
1644 2425 1766 2480 molturn
1792 2425 1923 2494 prodest,

175 2525 222 2566 res
238 2511 267 2566 in
281 2527 315 2565 eo
336 2510 462 2578 arelecit,
481 2514 511 2566 et
525 2514 593 2565 tuuc
607 2511 705 2581 pulmo
727 2516 755 2566 et
772 2509 909 2566 humores
923 2509 1020 2566 humi·
1074 2513 1141 2586 quie
1157 2513 1321 2568 stomachus
1337 2513 1399 2585 ejus
1418 2516 1498 2567 tanto
1521 2513 1586 2584 plus
1605 2511 1641 2567 ah
1659 2511 1708 2567 iila
1732 2510 1924 2583 inlrigidatur

173 2599 293 2655 dilatem
309 2599 472 2672 requirunt,
487 2603 516 2654 et
536 2599 679 2655 sichomo
700 2600 769 2656 sitit.
785 2599 867 2664 Quod
890 2600 914 2653 si
933 2598 1020 2655 homo
1074 2606 1103 2656 et
1123 2601 1334 2674 aliquantulum
1359 2600 1521 2657 induretur.
1550 2599 1610 2658 illis
1629 2615 1758 2673 quoque,
1772 2601 1823 2670 qui
1839 2599 1921 2656 intir-

173 2686 222 2745 ille
237 2693 306 2744 ωηο
318 2690 443 2744 multum
458 2687 494 2744 de
509 2688 576 2744 vino
589 2688 673 2756 bibit,
689 2694 722 2744 ut
736 2688 814 2744 sitim
825 2689 856 2744 in
866 2704 896 2744 se
911 2687 1018 2744 exstin-
1073 2706 1154 2746 mum
1177 2695 1205 2745 et
1226 2697 1343 2745 tenuero
1361 2689 1541 2745 stomachum
1566 2689 1685 2758 hebent,
1707 2688 1843 2744 macodo
1862 2703 1922 2745 non

173 2779 253 2848 goat,
276 2777 419 2832 insaniam
443 2777 474 2831 in
489 2792 519 2832 ee
537 2777 627 2844 ducit,
643 2792 709 2832 cum
732 2778 831 2832 sinum
855 2793 942 2849 supra
956 2792 1018 2834 mu·
1073 2781 1196 2834 multum
1216 2778 1343 2849 prodest,
1369 2779 1437 2850 quia
1452 2793 1518 2832 eum
1534 2777 1715 2849 aliquantum
1736 2783 1854 2849 grenan
1871 2779 1921 2834 sad

171 2865 240 2920 dom
255 2865 329 2922 bibit
342 2865 597 2938 [quemadmodum
617 2865 669 2921 Lot
682 2865 758 2921 lecit.
775 2867 852 2921 Add.
867 2864 922 2940 ed]
940 2867 1019 2922 Unde
1072 2868 1240 2924 tamanolim
1260 2867 1296 2923 eh
1309 2882 1342 2922 eo
1355 2866 1447 2922 aufert
1461 2873 1488 2921 et
1504 2867 1620 2922 minuit.

172 2953 317 3009 salubrius
340 2959 370 3012 et
401 2953 557 3010 sanabilius
577 2954 688 3010 homini
714 2959 804 3010 estut
824 2969 930 3027 aquam
953 2961 1018 3026 poet
1037 2995 1058 3051 c
1241 2973 1313 3031 cn,
1338 2973 1474 3031 cmxv,
1495 3002 1529 3014 ..
1554 2974 1595 3030 p,
1616 2972 1681 3030 op„
1701 2973 1753 3043 (3),

171 3041 249 3098 sitim
263 3043 343 3099 bibat
359 3059 447 3116 quam
468 3042 579 3112 vinum,
602 3042 728 3098 uiritim
749 3043 781 3098 io
796 3059 827 3098 se
844 3043 1014 3115 exstinguet.
1109 3078 1251 3146 ΟΜΝ
1272 3094 1325 3134 0„
1346 3077 1438 3150 magia
1458 3076 1564 3149 frigide
1585 3091 1673 3150 qnam
1694 3075 1787 3131 calide
1800 3079 1870 3132 sunt
1890 3079 1920 3131 el

314 3149 387 3207 CAP-
409 3149 566 3206 CLXXXH'·
585 3179 620 3190 ··
643 3151 684 3206 ⁰¹
703 3152 804 3206 AC⁸T⁰
826 3149 874 3221 (¹l·
1070 3174 1204 3240 potenter
1232 3167 1340 3222 violare
1362 3171 1492 3239 possunt.
1520 3166 1561 3222 ed
1587 3164 1794 3221 comedendum
1818 3165 1919 3220 nociva

204 3259 325 3313 Acetum
348 3256 470 3323 viniest,
484 3263 514 3310 et
526 3254 647 3312 related
662 3271 763 3310 omnes
776 3255 866 3323 cibos,
878 3255 920 3310 ite
938 3257 1017 3328 quod
1071 3262 1148 3326 sunt,
1168 3257 1239 3330 qnia
1262 3257 1370 3312 tenacia
1395 3263 1464 3311 sunt
1486 3260 1515 3311 et
1529 3255 1642 3325 limosa,
1658 3255 1687 3311 id
1707 3260 1750 3310 est
1768 3253 1918 3322 slimechte,

169 3343 240 3400 cibis
258 3344 314 3400 hoc
333 3343 420 3400 modo
437 3344 570 3412 addetur,
590 3344 667 3415 quod
691 3346 732 3399 eis
754 3359 840 3416 sapor
862 3360 921 3402 non
939 3344 1017 3402 eolc-
1070 3351 1099 3402 et
1115 3345 1174 3402 lere
1194 3351 1228 3402 ut
1242 3361 1395 3402 venenum.
1414 3345 1470 3402 Nec
1491 3344 1578 3401 horno
1595 3359 1628 3399 ea
1651 3343 1793 3414 comedet,
1811 3344 1917 3416 quiesi

168 3438 259 3503 ratur,
283 3433 333 3488 sed
348 3434 384 3489 ed
407 3433 552 3489 modicum
569 3432 641 3490 aceti
667 3433 754 3489 ineis
774 3433 962 3507 intelligetur,
987 3440 1017 3490 et
1070 3435 1136 3508 quis
1157 3451 1191 3491 ee
1212 3433 1378 3504 comederit,
1394 3436 1488 3504 orfime
1502 3438 1530 3489 et
1547 3435 1640 3489 melus
1658 3431 1773 3498 vermis,
1789 3432 1842 3505 qui
1864 3433 1919 3488 ho·

168 3523 338 3578 sicrestum
366 3537 432 3578 cum
459 3522 572 3578 modico
593 3522 658 3578 cilio
688 3528 836 3596 sumptum
856 3524 1015 3580 laeditetem
1069 3525 1176 3582 minem
1200 3524 1336 3591 comedit,
1360 3524 1390 3579 in
1410 3539 1444 3579 eo
1467 3521 1589 3578 faciliter
1609 3527 1775 3578 crescerent.
1794 3521 1919 3579 Sedere

167 3611 199 3667 io
211 3612 330 3668 homine
344 3617 460 3685 purget,
479 3617 509 3668 et
521 3612 657 3668 humores
674 3611 706 3668 in
722 3628 757 3668 eo
778 3612 893 3676 minuit.
918 3619 948 3669 et
968 3630 1015 3680 re-
1068 3615 1255 3687 pallinerum,
1281 3629 1347 3686 qne
1367 3613 1530 3668 domestice
1556 3616 1631 3680 erret,
1655 3611 1766 3667 comedi
1783 3619 1917 3684 possunt,

167 3707 245 3758 ctum
261 3703 318 3758 iter
340 3702 422 3758 cibus
440 3701 471 3757 iu
492 3717 527 3757 eo
549 3700 625 3757 lacit.
650 3701 681 3758 Si
695 3709 792 3757 autern
812 3706 926 3758 tentiam
941 3703 1014 3758 eceli
1069 3701 1120 3758 sed
1133 3707 1230 3758 umen
1245 3704 1399 3771 moderate,
1413 3701 1481 3773 quie
1496 3699 1638 3756 debilibus
1654 3698 1808 3754 visceribus
1818 3699 1918 3756 homi-

167 3790 204 3848 ed
227 3792 323 3848 cibum
347 3791 472 3858 additur,
498 3791 577 3864 qnod
599 3807 685 3863 sapor
708 3791 781 3846 aceti
802 3807 934 3863 saporem
957 3791 1014 3847 cibi
1069 3789 1113 3844 uis
1134 3789 1175 3844 ite
1190 3789 1290 3845 nociva
1314 3796 1393 3856 eunt,
1410 3788 1488 3845 velut
1502 3788 1692 3860 intemperata
1706 3785 1800 3842 lerina
1815 3795 1844 3842 et
1860 3805 1917 3842 non

167 3885 295 3953 superet,
316 3881 358 3936 ite
375 3879 451 3953 qood
474 3879 555 3937 cibus
576 3879 625 3936 ille
653 3880 746 3952 magis
770 3883 927 3936 secundum
948 3895 1012 3937 aco-
1068 3882 1158 3942 cocta.
1180 3876 1249 3948 quie
1272 3876 1313 3932 eis
1328 3881 1360 3932 ut
1378 3876 1449 3932 scioli
1470 3876 1620 3933 adherens
1641 3880 1670 3930 et
1689 3875 1753 3930 elim
1769 3891 1802 3930 eo
1817 3889 1916 3947 putre·

167 3973 230 4025 tum
249 3986 337 4042 quem
353 3969 513 4025 secuudum
534 3968 591 4024 cibi
607 3984 749 4040 saporem,
765 3974 834 4024 tune
857 3967 897 4024 sic
914 3985 1013 4025 come·
1067 3966 1166 4022 dinem
1187 3965 1218 4022 io
1235 3964 1382 4022 stomacho
1398 3967 1460 4038 ejus
1472 3970 1583 4037 parant.
1600 3963 1655 4022 Sed
1666 3964 1766 4030 horno,
1783 3965 1834 4036 qui
1846 3981 1917 4021 sana

165 4057 283 4114 dentem
306 4058 396 4121 laedit.
411 4058 480 4130 quia
503 4058 580 4112 calor
594 4057 657 4128 eJ'us
675 4057 772 4112 cibum
787 4056 818 4112 in
836 4057 954 4113 homine
970 4059 1012 4114 el·
1067 4055 1176 4112 viscere
1198 4055 1294 4122 hahet,
1318 4071 1353 4110 ce
1372 4055 1489 4126 quidem
1512 4067 1648 4126 superare
1674 4050 1790 4124 poterit,
1815 4053 1839 4108 si
1866 4055 1917 4110 ille

164 4150 227 4200 tere
250 4146 310 4202 rice
329 4147 437 4219 coquit,
463 4149 493 4201 et
514 4145 554 4200 ite
577 4161 645 4202 eum
663 4144 767 4201 dorum
788 4146 864 4215 lecit,
881 4147 959 4219 quod
971 4147 1012 4203 di·
1066 4144 1235 4210 comederit;
1255 4145 1305 4201 sed
1329 4147 1426 4200 temen
1451 4142 1595 4198 moderate
1617 4141 1760 4210 comedat,
1787 4141 1858 4213 quie
1879 4142 1915 4198 eh

164 4232 225 4304 geri
241 4233 286 4289 rix
301 4233 415 4306 poterit.
437 4233 518 4298 Quod
541 4232 564 4287 si
580 4233 685 4306 eliqnis
698 4232 786 4288 homo
803 4233 906 4290 lractas
919 4239 1011 4306 crpore
1029 4272 1052 4329 n
1067 4233 1108 4289 ais
1125 4233 1208 4290 leciia
1223 4231 1427 4289 infirmabitur.
1445 4233 1479 4288 lit
1496 4231 1584 4287 etiem
1608 4243 1678 4286 sano
1692 4227 1805 4286 homini
1819 4230 1914 4300 magis

163 4321 195 4376 io
211 4337 331 4395 corpore
345 4338 397 4377 suo
411 4322 507 4388 hahet,
524 4321 673 4393 esziplsolp,
687 4322 766 4394 qnod
782 4321 813 4378 in
827 4327 907 4379 aceto
923 4324 1008 4395 jacet,
1066 4321 1166 4378 mollia
1185 4337 1247 4390 ore,
1264 4336 1351 4394 quam
1368 4319 1442 4376 dura
1461 4335 1524 4391 quse
1547 4333 1614 4374 eum
1634 4317 1664 4372 in
1686 4317 1833 4374 stomacho
1858 4317 1913 4373 do-

163 4412 293 4484 accipiet,
314 4417 343 4468 et
363 4418 474 4468 acetum
497 4416 621 4484 premat,
645 4412 723 4467 velot
743 4427 842 4466 omaus
857 4413 1010 4484 premitur,
1065 4413 1124 4468 lere
1138 4409 1256 4478 iaciunt,
1272 4409 1388 4466 infirmo
1400 4411 1498 4464 eutem
1518 4422 1569 4463 nec
1585 4407 1686 4462 mollia
1707 4421 1760 4462 nec
1778 4405 1853 4462 dure
1878 4407 1913 4462 ed

162 4506 192 4556 et
218 4501 258 4558 ita
275 4501 376 4558 siccari
404 4501 553 4574 permittat
571 4506 602 4556 et
621 4499 653 4556 in
671 4501 820 4572 pulsarem
840 4501 963 4572 redigat,
981 4506 1011 4558 et
1065 4499 1273 4556 comedendum
1292 4499 1396 4554 selant.
1422 4496 1477 4553 Sed
1497 4495 1549 4569 qui
1573 4495 1706 4552 iolirruns
1734 4500 1788 4563 est,
1812 4495 1837 4549 si
1861 4511 1915 4550 ora

161 4589 192 4646 io
211 4594 313 4661 orfime,
329 4605 394 4662 qaas
412 4589 509 4646 lractae
530 4593 609 4656 sunt,
630 4588 666 4645 de
689 4593 807 4662 putrere
828 4591 884 4646 isto
909 4596 1008 4662 ponat,
1064 4588 1216 4644 comedere
1230 4587 1361 4653 soluerit,
1380 4602 1461 4659 aqoae
1475 4584 1622 4642 modicum
1636 4583 1672 4640 de
1687 4581 1910 4650 rinoiulondet,

161 4682 191 4733 et
204 4680 388 4735 siccabuntur
406 4684 436 4734 et
449 4679 637 4735 sanabuntur.
652 4677 681 4734 Si
704 4684 800 4733 autern
815 4681 908 4748 orfime
929 4679 1009 4736 diru-
1064 4682 1093 4733 et
1117 4677 1149 4732 in
1170 4676 1277 4747 petella
1300 4675 1410 4732 terrere
1434 4673 1529 4742 leciel,
1553 4683 1582 4728 et
1603 4677 1672 4729 tunc
1693 4688 1748 4727 ore
1764 4671 1794 4726 in
1807 4673 1910 4727 eadem

160 4772 218 4840 pite
241 4783 299 4823 oon
321 4767 438 4835 luerint,
464 4772 535 4822 tone
555 4766 633 4824 idem
665 4765 729 4838 lsolp
751 4783 817 4822 crim
845 4783 930 4823 succo
957 4783 1010 4824 suo
1064 4781 1140 4839 eqne
1153 4764 1325 4835 confringet,
1343 4770 1372 4820 et
1392 4769 1478 4820 testas
1497 4762 1623 4834 abjiciet,
1647 4764 1676 4816 et
1693 4760 1780 4816 sicce
1796 4764 1912 4834 coquet,

160 4856 283 4928 desuper
300 4856 409 4926 orione
428 4860 455 4912 et
480 4857 551 4912 iilud
574 4856 661 4912 etiam
683 4872 770 4928 super
797 4871 845 4913 ees
871 4871 956 4928 poue,
981 4861 1011 4911 et
1063 4860 1092 4910 et
1107 4859 1188 4910 cocta
1211 4853 1353 4920 comedet,
1370 4857 1400 4908 et
1420 4866 1487 4907 eum
1507 4865 1565 4906 non
1589 4849 1708 4914 teuent,
1733 4847 1803 4920 quie
1830 4863 1912 4904 neoc·

159 4959 291 5016 pennum
311 4946 435 5017 desuper
450 4944 518 5017 lige,
534 4948 565 5000 et
583 4944 754 5001 virswindet.
772 4947 893 5000 Acetum
912 4950 1008 5000 autem
1063 4957 1132 4998 num
1150 4947 1180 4998 et
1194 4940 1316 5014 putredo
1337 4955 1403 5012 que
1419 4939 1450 4996 in
1464 4938 1505 4994 eis
1524 4943 1567 4993 est
1585 4954 1637 5011 per
1660 4936 1757 5007 iguem
1773 4938 1910 5009 excoqui·

160 5033 196 5089 de
213 5035 334 5090 cervisie
354 5034 460 5090 lactum
480 5039 541 5090 ωηι
562 5033 670 5089 honum
689 5049 748 5088 uon
769 5039 822 5096 est,
843 5034 922 5089 reiut
943 5034 967 5087 si
991 5049 1009 5088 e
1062 5035 1119 5088 tur.
1136 5031 1333 5088 Orumeutam
1348 5027 1496 5099 ediquem
1512 5043 1609 5082 assum
1625 5041 1691 5082 cum
1706 5030 1791 5082 testes
1807 5025 1910 5080 melios

161 5121 229 5177 vino
252 5121 358 5178 lactum
373 5129 458 5190 esset,
483 5126 512 5177 et
531 5121 617 5178 etiarn
637 5121 767 5193 tepidum
791 5126 821 5176 ot
838 5121 934 5177 dehile
953 5127 1007 5190 est,
1062 5125 1091 5176 et
1105 5119 1247 5175 selrrhrins
1261 5122 1304 5173 est
1319 5117 1355 5174 ed
1379 5117 1589 5174 comedendum
1614 5131 1701 5188 qnam
1728 5129 1815 5170 onom
1836 5129 1910 5186 equa

158 5216 188 5266 et
207 5213 238 5267 io
253 5211 371 5268 homine
393 5211 478 5267 facile
500 5212 569 5280 ther
581 5214 673 5282 perat,
695 5214 725 5265 et
745 5211 927 5267 stomachum
944 5211 1008 5281 ejus
1061 5223 1129 5266 cum
1150 5214 1224 5264 teste
1240 5212 1364 5276 coctum,
1386 5205 1454 5279 quie
1485 5205 1563 5277 iguis
1587 5203 1771 5277 putredinem
1796 5203 1908 5274 quaein

158 5297 242 5356 lecile
256 5298 383 5370 indurat,
398 5305 427 5355 et
440 5298 505 5356 ideo
524 5295 685 5355 comedenti
697 5313 802 5370 perum
814 5298 898 5354 rdet.
1061 5297 1103 5354 eis
1117 5299 1160 5353 est
1180 5310 1234 5369 per
1256 5301 1361 5352 testam
1376 5294 1513 5361 extrahit,
1534 5308 1610 5367 aqua
1631 5307 1698 5348 sero
1723 5291 1908 5363 putredinem

191 5458 232 5596 qq}
252 5457 375 5583 33ἓίιὲ
384 5457 431 5583 qql.
1096 5453 1136 5524 (3)
1151 5452 1236 5510 Deest
1248 5453 1280 5508 in
1295 5453 1341 5509 ed.
