3984 6034
97 224 151 281 765
419 222 522 279 ilenti
540 222 695 281 bivinen.
716 222 822 281 OPER.
843 220 1014 279 stltrtucts
1033 218 1191 279 florinis.
1204 250 1239 262 -
1249 219 1342 277 ritis
1360 221 1382 287 l,
1402 220 1492 277 vtslo
1512 220 1546 275 ll.
1796 222 1849 275 ree

99 354 261 411 miditatem
272 352 455 411 vitiorumita
468 353 644 426 comprimit,
657 359 690 409 nt
703 370 887 427 nequaquam
901 355 943 409 ul·
960 356 984 411 Α
999 357 1077 409 ctum
1098 356 1151 421 est,
1166 352 1234 424 qnia
1256 366 1465 424 mensuraque
1485 352 1562 408 venti
1576 352 1656 407 istie
1673 368 1704 407 se
1724 352 1849 423 separati

98 444 189 501 terius
212 443 352 499 virescere
383 449 434 499 ant
454 459 581 499 mercare
608 443 729 515 possint,
759 449 789 499 et
812 443 863 501 ubi
882 444 946 516 ipsa
998 446 1076 509 sant,
1091 441 1143 496 illa
1157 440 1246 496 etiam
1262 446 1291 497 et
1312 439 1470 511 spiramina
1483 442 1606 496 ttatuum
1626 456 1744 495 suorum
1763 440 1848 495 aniit-

97 548 200 589 omnes
226 532 347 588 virtutes
369 533 456 589 etiam
478 532 532 588 sibi
553 532 672 589 attrabit
694 539 724 587 et
748 532 889 605 adjungit,
912 536 945 587 ut
999 536 1074 599 tunt,
1095 530 1232 603 quoniam
1257 534 1358 586 ventus
1381 531 1419 586 ed
1438 535 1556 585 ventum
1577 532 1662 585 llatae
1683 545 1751 584 suos
1775 529 1845 585 diri-

98 621 198 677 vinum
214 620 273 675 vasi
294 620 467 687 infunditur,
493 620 571 693 quod
585 621 621 677 ad
644 620 803 677 bibendum
819 619 944 676 homini·
997 620 1049 691 git,
1069 619 1182 691 ipsique
1205 620 1236 674 in
1257 634 1378 675 occursu
1392 617 1442 674 illu
1457 623 1565 674 metam
1585 635 1667 674 suain
1682 634 1742 673 non
1757 623 1848 673 trans·

97 710 152 765 bns
181 709 274 764 datur.
305 709 485 781 Quapropter
509 714 539 765 et
566 710 665 765 lidelas
693 708 724 764 in
749 724 818 765 iera
839 708 945 765 liducia
998 707 1134 774 cendunt,
1155 724 1209 763 nec
1231 713 1332 763 ventos
1353 712 1472 763 ventum
1492 708 1589 763 flando
1617 707 1847 779 supergreditur,

98 798 200 854 asterm
216 796 328 867 praemii
350 797 522 852 exsultantes
544 802 573 852 et
596 796 753 869 gaudentes
782 796 945 867 manipulos
997 796 1054 852 nisi
1069 798 1122 852 boc
1135 812 1171 851 ex
1181 796 1293 868 judicio
1311 796 1361 851 liei
1383 795 1442 851 liat.
1466 795 1549 859 Quod
1564 795 1589 849 ai
1603 795 1701 850 divine
1716 794 1848 850 erimine

97 888 241 943 bonorum
260 902 381 957 operum
405 901 470 958 qua
492 886 602 957 operati
627 884 943 957 suntportant,1‘nsti·
994 885 1154 957 judicante,
1189 885 1337 941 interdum
1365 884 1513 953 acciderit,
1541 888 1667 939 terrores
1695 883 1735 939 ibi
1762 884 1847 951 finnt,

97 976 227 1047 tiamque
241 974 292 1031 Dei
312 974 422 1043 sitiunt,
438 979 467 1030 et
487 975 663 1029 sanctitatem
680 974 715 1029 de
733 973 870 1029 uberibus
882 973 946 1045 ejas
998 974 1191 1047 plurimisque
1205 974 1393 1029 adversitates
1406 974 1549 1028 melorum
1565 972 1625 1027 illic
1638 972 1804 1040 insurgunt.

98 1067 219 1137 sugunt,
251 1064 381 1119 nachor
420 1062 504 1119 modo
525 1062 671 1118 extaediari
705 1068 850 1134 poterunt,
874 1062 945 1133 quin
998 1063 1197 1130 Quoreetltec
1212 1060 1285 1117 sicut
1298 1061 1449 1134 superiora
1469 1062 1570 1132 capito
1584 1060 1624 1115 nd
1637 1058 1847 1115 ὴοιηὺιίεὲηια-

98 1168 213 1225 semper
238 1152 268 1208 in
298 1152 540 1224 contemplatione
571 1150 731 1207 Divinitetis
757 1151 943 1219 delectantur,
1033 1150 1131 1215 W
1148 1132 1315 1205 ‘Pirama
1335 1149 1390 1189 *Μ
1412 1130 1552 1201 diffidant,
1571 1129 1735 1187 ‘immiti
1749 1131 1848 1185 'wrm

98 1241 237 1313 quoniam
269 1240 405 1297 sanctitas
428 1256 545 1295 omnem
576 1239 737 1295 humanum
766 1239 943 1295 intellectum
1032 1205 1208 1303 mtfumm'
1292 1291 1297 1302 ,

97 1329 246 1401 praecellit.
273 1330 345 1385 Cum
359 1329 437 1385 enim
461 1329 549 1385 tiemo
571 1328 773 1385 rectitudinem
788 1328 898 1400 recipit,
914 1343 944 1383 se
1001 1379 1006 1390 ‚
1033 1292 1103 1347 XM·
1132 1293 1254 1363 [imque
1289 1308 1321 1346 ¹¹¹
1354 1296 1447 1346 mm
1467 1294 1729 1362 pmmmmmm'
1757 1292 1786 1343 οἱ
1813 1288 1850 1344 ⁸d

97 1418 195 1488 ipsum
210 1417 358 1489 relinquit,
381 1417 556 1489 virtutesque
571 1420 668 1489 gum
682 1422 711 1471 e,
735 1416 817 1483 bibit,
839 1432 872 1471 ae
893 1431 946 1488 per
998 1381 1156 1453 imaginem
1172 1380 1299 1436 hominis
1312 1380 1343 1435 in
1356 1396 1391 1435 ea
1405 1384 1529 1435 stantem
1544 1378 1703 1450 spiramina
1716 1394 1768 1432 sua
1780 1375 1848 1432 mit·

97 1506 163 1562 illas
185 1506 370 1574 confortatur,
395 1505 469 1561 sicut
491 1521 571 1560 vena
592 1504 714 1560 bibentis
736 1504 802 1561 vino
824 1505 946 1576 impleri·
998 1474 1072 1566 “3⁰‘’
1088 1468 1128 1525 ὼ
1143 1474 1175 1524 ¹¹²
1195 1470 1284 1525 fidem
1308 1468 1384 1523 '⁰¹¹5
1410 1467 1549 1524 mundum
1566 1472 1594 1523 et
1618 1466 1768 1523 hminem
1788 1481 1849 1521 ⁰m'

98 1600 157 1659 tur,
179 1610 231 1649 neo
250 1592 281 1647 in
300 1593 375 1649 vitiis
400 1592 576 1649 infidelitatis
603 1593 734 1649 officialis
755 1599 784 1649 et
803 1593 944 1649 immode-
999 1572 1105 1655 ¹¹¹³,que
1127 1573 1192 1629 ‘¹⁰⁰³
1216 1558 1247 1612 in
1271 1557 1379 1611 m⁰⁰d⁰
1403 1562 1470 1655 ’Ψ
1493 1556 1601 1611 'irim
1617 1560 1645 1610 οἱ
1665 1554 1766 1610 ⁰ffi⁰ii³
1789 1552 1849 1608 ⁸⁰1³

98 1687 179 1739 mus
193 1688 245 1750 est,
278 1682 522 1754 quemadmodum
553 1682 649 1737 ebrius
671 1699 688 1736 a
717 1682 785 1737 vino
806 1686 885 1737 mm
912 1698 941 1737 ω
965 1646 1154 1701 Bretineant.
1182 1646 1282 1718 ltaque
1305 1661 1371 1701 cum
1394 1644 1517 1717 quilibet
1544 1644 1643 1699 fideles
1665 1643 1774 1697 caduca
1797 1647 1850 1697 ter·

99 1774 153 1837 est,
169 1785 230 1825 nou
260 1771 412 1825 attendens
431 1769 499 1841 quid
526 1769 620 1825 faciat.
646 1768 691 1825 Sic
717 1768 786 1825 recti
818 1769 944 1843 diligunt
996 1747 1133 1789 mmmm
1153 1734 1343 1806 mmmm
1364 1732 1448 1805 dmm
1467 1732 1607 1806 ⁰¹⁰mp¹i⁵
1626 1730 1709 1804 qum
1729 1731 1783 1786 ⁵⁰¹³
1797 1744 1848 1802 μ’

99 1860 202 1927 ileum,
218 1857 464 1931 quialadiumin
482 1857 533 1913 illo
548 1861 676 1925 nonest,
691 1857 943 1929 sedpereeveran·
998 1822 1081 1877 dib⁰³
1109 1822 1169 1877 ’ω
1202 1823 1280 1879 ¹³⁰⁰*
1312 1822 1456 1895 ⁰p⁰r³¹¹d⁰
1488 1822 1667 1889 ⁰⁰⁰⁰u¹⁰³¹¹²'
1704 1817 1787 1891 quui
1813 1817 1849 1874 ὼ

99 1947 140 2002 tie
154 1947 184 2003 iu
199 1945 387 2001 beatitudine.

101 2051 375 2135 Quereprincipolia
381 2054 480 2107 mutus
491 2050 678 2134 ceddeutolc‘s
688 2052 721 2134 in
731 2051 824 2135 effigie
837 2053 945 2134 cupitis

135 2124 199 2196 lupa
223 2122 275 2203 aab
295 2122 414 2205 pedibus
434 2122 605 2195 suprodictae
626 2140 764 2197 imaginis
790 2123 821 2179 c'n
836 2125 944 2181 arculo

998 1927 1109 1983 aquoso
1123 1927 1190 1967 aere
1205 1927 1239 1966 ex
1255 1911 1325 1982 ipsis
1341 1910 1447 1965 sanctis
1461 1909 1597 1981 operibus
1613 1913 1644 1963 nt
1662 1908 1748 1979 lupus
1763 1905 1849 1961 inler-

997 2000 1077 2055 uales
1099 2016 1191 2073 poenae
1211 2000 1364 2056 denudatis
1383 1999 1535 2071 prodeunt,
1552 1997 1620 2069 quia
1634 2013 1699 2053 cum
1719 1995 1763 2051 illi
1780 2011 1848 2067 pec-

997 2104 1062 2143 care
1086 2090 1237 2157 desistunt,
1263 2089 1299 2144 ad
1320 2087 1396 2143 viam
1416 2086 1597 2143 rectitudinis
1621 2084 1782 2153 tendentes,
1802 2083 1848 2138 in-

134 2211 235 2266 aquosa
249 2198 507 2275 ncrunpporeau
522 2209 574 2249 cur
594 2194 681 2249 etiam
694 2194 750 2251 duo
764 2196 945 2251 collaterales
998 2176 1122 2233 fffflfllffl
1151 2193 1260 2249 lloefflb
1296 2193 1361 2248 (1¹¹¹e
1392 2176 1504 2231 linium
1528 2176 1668 2231 d⁰l⁰¹⁸1¹²
1698 2190 1729 2228 ⁸⁰
1761 2171 1848 2244 P‘l‘fi·

134 2266 222 2334 nenti,
238 2266 312 2320 ulter
330 2280 361 2318 m
381 2264 465 2331 cerni,
480 2265 556 2320 oller
571 2262 709 2335 informo
727 2264 832 2339 eapitis
845 2269 946 2321 comi
999 2265 1106 2320 muisse
1121 2266 1330 2321 demonstrant.
1357 2264 1427 2331 Quia
1447 2280 1514 2320 cuin
1529 2263 1611 2337 quasi
1627 2264 1727 2318 llatnm
1742 2260 1850 2316 scilicet

134 2336 377 2392 mmmm?-
998 2353 1202 2409 contritionem
1220 2354 1250 2408 in
1269 2354 1354 2409 corde
1376 2351 1530 2408 hominnm
1559 2368 1593 2407 er
1616 2367 1666 2407 ore
1691 2366 1744 2406 suo
1771 2350 1849 2421 quod

135 2442 192 2498 xx.
215 2441 296 2507 Quod
321 2446 418 2496 autem
442 2440 495 2495 sub
517 2439 639 2511 pedibus
660 2441 789 2513 ejusdam
810 2441 946 2514 imaginis
999 2448 1074 2498 esta
1096 2442 1250 2497 voracitate
1272 2458 1324 2496 sua
1346 2442 1520 2512 perducunt,
1540 2441 1680 2513 quoniam
1695 2438 1794 2495 fideles
1809 2437 1848 2492 il-

99 2530 225 2585 hominis
240 2530 271 2584 in
285 2528 367 2601 signo
381 2529 481 2601 aquosi
501 2528 574 2585 aeris
587 2529 666 2585 velut
677 2535 763 2602 caput
778 2530 839 2602 lupi
863 2530 946 2602 quasi
998 2531 1042 2586 las
1055 2531 1222 2598 abhorrent,
1248 2530 1349 2585 eadem
1371 2529 1506 2585 contritio
1530 2528 1662 2605 quamvis
1675 2528 1763 2583 horno
1783 2542 1850 2598 pro·

99 2619 201 2675 ilatum
225 2634 258 2673 ex
275 2633 324 2673 ore
343 2618 568 2689 suopreducens
592 2623 721 2690 apparet,
742 2618 796 2674 hoc
811 2618 944 2691 estquod
1000 2635 1081 2690 spera
1106 2619 1136 2674 in
1157 2619 1267 2674 actibus
1290 2617 1496 2687 suisincedat,
1520 2618 1677 2672 secundum
1705 2617 1796 2670 Deum
1819 2630 1849 2669 se

99 2707 153 2763 sub
175 2711 316 2778 potestate
337 2706 424 2775 illius,
441 2707 491 2779 qui
506 2710 625 2779 propter
648 2706 779 2763 homines
800 2708 887 2763 homo
904 2708 946 2763 fa·
999 2710 1185 2780 prolongans,
1210 2708 1240 2762 in
1267 2706 1447 2779 plenitudine
1476 2705 1660 2777 perfectionis
1686 2703 1849 2777 quainter

99 2800 163 2850 ctus
182 2800 232 2864 asi,
249 2796 279 2850 in
300 2796 386 2867 plaga
408 2794 563 2851 occidentis
586 2794 621 2849 de
637 2810 745 2867 aquoso
761 2812 826 2851 aere
848 2810 946 2868 queni-
1001 2796 1157 2852 infernales
1181 2811 1280 2867 poenas
1307 2800 1336 2849 et
1358 2794 1536 2867 corporalem
1558 2792 1772 2848 tribulationem
1796 2794 1847 2859 est,

100 2884 257 2939 admodum
276 2883 362 2955 lupus
386 2883 553 2955 principalis
573 2883 756 2940 occidentalis
770 2890 872 2940 ventus
887 2885 945 2956 spi·
1001 2884 1124 2940 formam
1153 2883 1254 2955 capitis
1281 2883 1367 2951 cervi,
1392 2882 1421 2937 id
1445 2890 1486 2937 est
1511 2880 1579 2937 fidei
1609 2880 1721 2953 accipit,
1743 2896 1778 2935 er
1803 2894 1850 2935 cu-

100 2988 167 3027 rans
182 2972 260 3027 venit
278 2972 310 3027 in
334 2972 427 3027 fornia
452 2971 522 3044 lupi,
539 2972 590 3044 qui
612 2972 728 3027 insilia
752 2974 830 3042 latet,
854 2978 882 3028 et
895 2972 946 3044 qui
999 2972 1047 3043 jus
1070 2970 1156 3027 etiam
1176 2987 1238 3039 ore,
1264 2970 1292 3026 id
1316 2977 1361 3026 est
1384 2970 1497 3036 virtute,
1519 2969 1591 3025 alius
1612 2968 1698 3023 flatus
1720 2966 1850 3023 videlicet

100 3076 188 3134 rapax
209 3063 264 3129 eet,
281 3075 348 3115 eum
371 3058 450 3114 cibos
470 3060 583 3132 querit,
610 3060 775 3131 significans
790 3062 865 3133 quod
880 3078 947 3117 vcn-
1000 3061 1134 3115 sanctitas
1154 3059 1283 3126 veniens,
1308 3059 1339 3114 in
1366 3059 1467 3113 eadem
1491 3057 1667 3129 perfectione
1687 3059 1848 3128 permanet.

100 3154 146 3204 tus
158 3148 210 3203 iste
222 3148 257 3203 de
272 3148 391 3203 latibulo
407 3163 459 3203 suo
469 3148 575 3203 scilicet
590 3149 625 3204 de
638 3165 746 3221 aquoso
762 3165 826 3205 aare
840 3150 945 3218 exiens,
1001 3149 1073 3205 Cum
1106 3149 1185 3205 enirn
1218 3149 1306 3205 homo
1331 3148 1486 3203 infernales
1511 3161 1611 3218 peenas
1630 3145 1722 3213 timet,
1746 3160 1850 3215 corpus

99 3236 277 3293 viriditatem
302 3237 459 3293 herbarum
489 3252 566 3293 nunc
590 3238 695 3307 educit,
726 3254 803 3293 nnnc
828 3243 946 3311 repente
1001 3254 1087 3294 suum
1126 3237 1212 3294 variis
1250 3236 1485 3293 tribulationibus
1522 3234 1705 3290 miseriarum
1739 3231 1850 3289 tamdiu

101 3325 282 3382 arefaciendo
298 3326 446 3398 opprimit.
464 3326 618 3393 Quietiam
633 3344 650 3381 a
665 3326 766 3383 dextra
784 3326 841 3382 oris
857 3326 947 3398 ipsius
1000 3326 1147 3382 multoties
1178 3326 1311 3392 conterit,
1333 3340 1484 3398 quousque
1518 3325 1554 3379 ad
1579 3323 1786 3396 perfectionem
1813 3320 1849 3375 il-

100 3415 282 3488 aliquantum
296 3413 327 3469 in
347 3415 466 3487 longum
482 3430 636 3488 erumpens
651 3414 682 3470 in
698 3414 793 3471 medio
808 3414 946 3472 medieta-
1001 3418 1059 3471 lain
1077 3415 1233 3488 pertingat,
1259 3414 1290 3469 in
1309 3430 1367 3486 qua
1381 3418 1458 3468 totns
1480 3412 1510 3467 in
1526 3412 1583 3467 tide
1601 3412 1709 3480 ardeat,
1731 3410 1850 3466 credens

99 3505 137 3560 tis
161 3503 257 3575 spatii,
280 3503 357 3576 quod
385 3504 460 3560 inter
480 3504 573 3577 capita
597 3504 658 3575 lupi
683 3509 712 3561 ct
734 3506 794 3559 ursi
816 3510 868 3571 est,
893 3505 948 3559 for·
1002 3505 1080 3576 quod
1096 3506 1170 3560 Deus
1193 3519 1261 3558 eum
1282 3501 1318 3557 ab
1339 3502 1530 3557 infernalibus
1551 3502 1644 3573 poenis
1666 3500 1781 3571 eripiat,
1796 3499 1849 3554 sic·

101 3608 179 3648 mam
194 3591 295 3664 capitis
319 3592 395 3648 cervi
415 3594 529 3665 accipit,
552 3608 585 3649 ex
607 3594 688 3665 cujus
703 3592 789 3649 etiam
806 3609 854 3648 ore
871 3594 948 3648 velut
1002 3609 1059 3666 que
1084 3592 1219 3648 sanctitas
1250 3591 1282 3646 in
1306 3608 1341 3646 eo
1363 3592 1466 3663 surgit,
1491 3605 1557 3645 cum
1583 3590 1732 3645 saecularia
1761 3604 1849 3660 opera

100 3681 175 3737 alius
187 3681 271 3735 llatns
285 3680 403 3736 veniens
414 3680 445 3736 in
460 3681 562 3737 eadem
577 3680 729 3737 medietate
747 3682 854 3748 linitur,
875 3696 947 3754 quo·
1001 3681 1140 3754 abjiciens
1163 3680 1339 3753 spiritalibus
1352 3694 1383 3735 se
1405 3686 1498 3734 totum
1518 3679 1673 3751 immergit.
1696 3677 1767 3733 Cum
1782 3692 1850 3732 vero

100 3770 180 3825 niam
203 3770 376 3840 partesillas
397 3774 499 3825 ventus
520 3770 575 3825 iste
599 3774 709 3843 petens,
729 3770 760 3825 in
779 3769 874 3824 medio
888 3786 948 3824 me·
1002 3788 1019 3826 a
1047 3770 1163 3825 sinistra
1193 3768 1364 3826 adversitate
1386 3768 1548 3823 voracitatis
1577 3767 1780 3839 praedictarum
1805 3764 1850 3820 in·

100 3858 228 3922 dietatis,
243 3858 399 3930 quainter
420 3858 598 3914 occidentem
613 3864 642 3915 et
656 3858 881 3931 septentrionem
895 3864 946 3922 est,
1003 3856 1157 3913 lernalinm
1176 3871 1328 3928 poenarum
1351 3856 1438 3912 lionio
1458 3856 1649 3927 permissione
1674 3853 1724 3910 Dei
1750 3869 1851 3926 quam·

100 3948 136 4002 ad
150 3950 284 4003 naturam
303 3947 422 4001 cervisa
441 3948 589 4015 convertit,
611 3946 650 4003 ita
670 3954 701 4002 ut
719 3946 760 4002 ibi
777 3946 949 4002 collateralis
1002 3946 1135 4019 plurimis
1158 3946 1367 4002 calamitatibus
1390 3946 1577 4016 corporaliter
1591 3944 1757 4015 castigatur,
1777 3957 1850 3996 con-

100 4035 155 4091 sibi
179 4040 280 4091 ventus
302 4034 409 4099 exiens,
441 4036 685 4107 quemadmodum
714 4052 812 4091 cervus
837 4034 949 4091 fortiter
1001 4035 1080 4090 tritio
1096 4050 1213 4107 quoque
1236 4035 1268 4089 in
1286 4049 1335 4088 cor
1353 4032 1432 4089 illius
1455 4032 1592 4103 ascendit,
1609 4037 1637 4087 et
1659 4047 1725 4087 cnm
1739 4047 1770 4085 se
1784 4031 1850 4085 nul-

99 4123 267 4196 pungendo,
291 4122 482 4196 velociterque
504 4124 658 4193 currendo,
681 4124 801 4179 flamina
829 4140 880 4179 sua
900 4139 947 4178 us·
1003 4124 1060 4179 lam
1080 4122 1297 4195 prosperitatem
1313 4121 1462 4193 presentis
1476 4121 1541 4177 vitae
1555 4122 1662 4178 habere
1677 4120 1849 4186 considerat,

100 4230 158 4285 que
182 4212 218 4267 ad
235 4212 418 4267 medietatem
444 4212 537 4284 ipsam
561 4214 723 4269 emittite
744 4210 860 4267 sinistra
880 4228 947 4267 vero
966 4228 1034 4291 Dae
1048 4211 1084 4267 ab
1106 4210 1174 4266 inde
1198 4210 1368 4278 extendens,
1392 4216 1421 4265 et
1435 4209 1475 4264 sic
1497 4210 1532 4264 ad
1549 4209 1762 4281 plenitudinem
1783 4221 1849 4278 per-

100 4301 159 4356 uris
183 4300 309 4372 ejusdem
331 4300 423 4372 lupini
446 4300 546 4372 capitia
569 4300 664 4367 flatus,
687 4300 738 4373 qni
753 4300 788 4355 ab
813 4301 876 4372 ipso
899 4316 948 4355 ore
1002 4300 1133 4354 factionis
1155 4315 1220 4371 qnae
1244 4298 1321 4354 inter
1342 4298 1499 4354 infernales
1520 4314 1630 4369 peenas,
1656 4302 1685 4353 et
1705 4296 1850 4369 judicium

99 4390 239 4462 procedit,
261 4406 291 4444 se
306 4390 493 4461 prolongans,
509 4390 539 4444 in
561 4389 657 4445 medio
679 4390 766 4444 etiam
788 4389 948 4444 medietatis
1004 4388 1054 4443 ltei
1069 4393 1111 4443 cst
1133 4388 1311 4460 pertingens,
1336 4388 1367 4442 in
1390 4392 1477 4459 caput
1491 4387 1597 4455 cancri,
1621 4386 1752 4442 videlicet
1773 4386 1849 4441 fidu·

100 4479 187 4550 spatii
208 4478 286 4550 quod
301 4478 377 4533 inter
391 4476 560 4550 capitalnpi
574 4481 602 4532 et
619 4477 712 4533 leonis
732 4482 784 4546 est,
809 4478 838 4532 in
863 4484 949 4550 capnt
1002 4478 1065 4545 cire,
1088 4485 1154 4549 quas
1177 4492 1254 4532 nunc
1277 4491 1357 4548 spem
1379 4491 1457 4531 nunc
1479 4475 1601 4530 dubium
1628 4474 1725 4542 babet,
1746 4474 1848 4545 surgit,

99 4566 275 4622 cenericum
295 4566 405 4623 duabus
425 4566 571 4623 forficibus
589 4567 670 4639 quasi
687 4582 752 4622 cuin
768 4566 879 4622 duabus
894 4583 948 4638 pe·
1003 4566 1072 4637 quia
1095 4565 1181 4619 homo
1206 4580 1294 4636 opera
1307 4580 1361 4619 sua
1381 4563 1413 4618 in
1433 4564 1526 4619 Deum
1548 4578 1670 4634 ponens,
1692 4562 1779 4617 modo
1806 4578 1850 4618 re-

100 4655 186 4712 dibus
207 4656 310 4728 surgit,
332 4656 368 4711 de
383 4656 464 4727 cujus
479 4671 595 4727 quoque
611 4671 660 4711 ore
677 4656 759 4727 quasi
773 4655 848 4710 alius
862 4654 948 4710 fletus
1004 4652 1171 4707 missionem
1184 4652 1355 4708 delictorum
1378 4665 1497 4707 snorum
1513 4667 1543 4707 sc
1565 4651 1722 4706 obtinuisse
1744 4654 1848 4721 sperat,

100 4746 210 4812 exiens,
235 4744 266 4800 in
280 4746 342 4816 ipsa
363 4744 518 4800 medietate
539 4743 653 4813 residet,
679 4745 747 4816 quia
769 4742 949 4817 inpartibus
1003 4740 1090 4796 modo
1113 4740 1235 4809 dubitat,
1260 4741 1311 4797 sed
1332 4742 1446 4797 tandein
1480 4741 1515 4795 de
1536 4737 1641 4795 fiducia
1666 4739 1739 4795 alins
1764 4739 1850 4794 flatus

99 4832 157 4890 illis
173 4833 250 4889 ideni
266 4838 367 4888 ventus
382 4833 478 4889 officie
499 4849 550 4888 sna
566 4849 710 4902 exercens,
731 4834 759 4888 in
774 4833 868 4889 medio
887 4848 948 4887 ine-
1003 4829 1054 4901 qui
1067 4827 1254 4884 constantiam
1280 4828 1412 4899 designat
1433 4828 1540 4895 exiens,
1571 4827 1654 4882 illum
1677 4826 1713 4882 ad
1735 4826 1849 4898 parfec-

99 4922 225 4990 dietatis,
249 4938 314 4995 quae
342 4922 420 4979 inter
447 4922 622 4979 occidentem
646 4928 675 4978 et
689 4928 818 4985 austrum
838 4926 891 4991 est,
913 4920 948 4977 ad
1003 4918 1113 4973 tionem
1135 4916 1211 4973 hanc
1231 4917 1369 4973 virtutum
1393 4916 1535 4990 perducit,
1552 4921 1584 4972 ut
1596 4915 1730 4986 deinceps
1747 4916 1782 4971 de
1797 4915 1848 4970 bo-

100 5016 234 5068 naturam
254 5011 349 5067 cancri
370 5015 436 5067 ante
458 5016 487 5067 et
509 5016 585 5068 retro
602 5011 760 5067 incedentis
783 5010 946 5078 revertitur,
1004 5006 1092 5062 nitate
1116 5005 1167 5061 Dei
1186 5004 1257 5060 nihil
1283 5007 1403 5062 hasitet.
1428 5008 1538 5063 fenore
1561 5010 1656 5061 anum
1679 5022 1737 5076 quo
1758 5021 1849 5060 asser-

100 5099 239 5173 quoniam
259 5100 300 5156 ibi
323 5100 492 5156 collateralis
521 5102 582 5173 ejns
603 5105 703 5156 ventus
726 5101 893 5172 procedens,
919 5098 948 5155 in
1004 5094 1097 5150 tiones
1111 5095 1173 5150 istae
1195 5110 1211 5150 a
1234 5110 1263 5149 se
1287 5094 1415 5151 discrete
1435 5099 1503 5150 sunt
1526 5095 1575 5150 illo
1598 5093 1684 5149 etiam
1701 5098 1730 5149 et
1751 5092 1849 5148 efflei-

99 5188 284 5243 instabilitate
312 5193 343 5244 nt
362 5204 463 5243 cancer
485 5204 563 5244 nunc
582 5189 634 5244 hac
662 5204 738 5243 nunc
762 5187 828 5243 illac
851 5185 947 5241 flando
1002 5184 1047 5240 cia
1076 5182 1275 5257 operationum
1299 5182 1425 5255 ipsarum
1447 5185 1617 5255 protelatur,
1641 5181 1780 5255 qnoniam
1800 5181 1849 5236 in·

99 5276 137 5331 ad
156 5276 324 5348 predictam
344 5276 526 5333 medietatem
551 5293 580 5331 ae
597 5275 743 5333 diffundit.
768 5276 830 5342 Qua
851 5279 948 5330 autem
1002 5274 1125 5331 fernales
1139 5288 1242 5346 poenae,
1262 5270 1393 5345 quamvis
1418 5272 1579 5327 metuenda
1594 5270 1661 5337 sint,
1678 5286 1743 5325 cuni
1762 5270 1850 5325 hoino

100 5366 261 5438 spatiorum
287 5381 423 5421 mensura
436 5366 529 5439 capita
553 5366 615 5422 lioec
627 5366 662 5422 ab
687 5366 810 5422 invicem
830 5364 947 5433 distant,
1002 5368 1122 5435 propter
1142 5362 1277 5418 timorein
1300 5362 1417 5417 illarum
1432 5378 1461 5417 se
1484 5362 1515 5416 in
1537 5360 1710 5417 contritione
1734 5358 1849 5432 aflligit,

100 5454 201 5510 eadem
216 5470 352 5511 mensura
368 5460 398 5510 et
418 5456 511 5511 forma
530 5454 615 5511 llatus
634 5470 735 5511 eorum
758 5454 826 5510 hinc
840 5453 949 5509 ethinc
1003 5452 1091 5509 fldem
1122 5456 1229 5507 tamem
1261 5466 1328 5507 cum
1364 5451 1524 5520 sanctitate,
1560 5448 1694 5507 fiduciam
1733 5464 1849 5521 qnoque

100 5542 130 5598 in
145 5542 339 5615 longitndine,
355 5544 528 5616 exauditur,
544 5549 614 5602 utet
626 5544 662 5600 de
676 5542 741 5601 aliis
760 5542 893 5615 superius
906 5542 947 5597 di·
1002 5556 1069 5597 cam
1091 5540 1251 5597 constantia
1274 5539 1449 5597 robustiores
1470 5540 1603 5609 reddunt,
1620 5539 1659 5595 ita
1672 5541 1705 5593 ut
1717 5554 1784 5593 cum
1808 5538 1850 5594 in·
