3984 6034
129 193 180 248 li'o'
870 189 897 244 S.
918 189 1152 248 Hiluuuaubts
1823 195 1876 252 ild

129 327 256 399 maligne
273 324 455 382 conturbatio
475 323 645 396 possidebit.
668 325 702 379 Fa
726 323 793 381 ideo
815 325 972 382 secundam
990 329 1091 382 Arum
1109 344 1174 401 qum
1189 333 1256 384 sunt
1270 345 1358 401 opera
1372 329 1422 386 illa
1444 345 1509 404 quoe
1525 331 1554 386 in
1573 330 1722 388 desideriis
1737 332 1795 388 suis
1809 347 1877 405 per·

101 404 203 470 'viam
229 414 389 487 iniquitatis
412 413 461 469 oui
483 429 598 485 semper
617 412 764 482 assistunt,
783 413 890 470 scilicet
904 431 975 486 pec·
1028 419 1153 487 patrant,
1172 417 1305 490 judicabo
1334 434 1405 474 sos:
1433 419 1513 474 nullu
1535 420 1655 489 praemia
1673 419 1816 476 felicitatis
1834 420 1878 475 eis

128 504 183 558 ceti
201 503 427 570 siameolentes,
441 518 496 558 nec
521 503 610 558 ullam
622 502 765 572 iustitiam
786 519 852 558 cum
871 520 889 559 a
906 503 974 575 Spi·
1029 506 1160 575 reddens,
1194 507 1243 562 sed
1281 523 1379 578 poenes
1409 506 1439 563 in
1463 506 1624 578 perditione
1647 507 1688 563 eis
1707 524 1874 580 opponens;

127 594 185 648 ritu
203 596 301 648 sancto
324 596 475 648 morentur
496 591 527 646 in
550 590 655 646 itinere
685 591 779 647 cordis
804 591 847 646 sui
865 608 975 664 ponen-
1029 593 1167 664 quoniam
1197 594 1310 650 nullum
1345 593 1486 650 honorem
1510 595 1581 650 milri
1616 595 1768 653 exhibent:
1793 603 1821 654 et
1844 597 1878 652 in

127 687 188 750 tes3
207 681 248 736 sic
271 681 375 737 faciam
398 680 448 749 eis,
482 680 592 737 nullam
612 679 719 736 scilieet
746 679 975 736 misericordiam
1029 681 1083 738 hoc
1109 682 1201 738 soient
1231 682 1309 756 quod
1335 684 1432 739 nullus
1456 699 1506 740 eos
1528 685 1596 741 inde
1620 685 1742 742 liberere
1770 686 1879 757 polerit

127 769 168 824 cis
188 769 370 842 impendens,
389 769 458 842 quia
480 783 546 823 cum
578 768 727 823 scientiam
755 769 826 824 boni
855 768 975 825 nonin·
1029 776 1133 842 praeter
1151 787 1198 828 me
1222 771 1273 843 qui
1288 771 1428 828 Dominus
1441 773 1572 830 omnium
1589 789 1662 830 sum.
1687 773 1742 830 Sed
1770 773 1879 846 qualri-

125 859 270 930 telligont,
298 874 359 914 non
379 858 484 914 timent
512 873 576 925 me;
592 859 641 912 sed
665 873 731 912 curn
757 856 836 913 rabie
858 873 975 930 perrer-
1030 859 1187 930 gilsutibus
1209 860 1298 916 oculis
1321 861 1407 930 ridet,
1424 866 1452 917 et
1476 861 1592 918 attentis
1623 862 1742 919 auribus
1770 863 1877 919 audit:

128 947 219 1002 situlis
237 963 285 1004 ma
305 948 468 1004 Creatorem
498 945 628 1002 omniurn
656 946 816 1015 fastidiunt,
838 947 976 1004 iacientes
1030 946 1075 1002 lris
1096 948 1222 1019 mysticis
1242 949 1335 1006 verbis
1354 950 1427 1006 meis
1445 951 1573 1007 osculnm
1603 950 1792 1024 amplexionis
1805 968 1880 1024 preo-

128 1051 307 1110 quecunque
330 1036 438 1092 volunt.
466 1035 546 1092 Unde
566 1040 596 1091 et
616 1035 776 1092 secundum
795 1035 903 1109 judicia
931 1051 976 1091 eo·
1029 1035 1105 1106 beat,
1122 1053 1187 1109 quoa
1200 1036 1235 1094 de
1250 1025 1419 1095 merire'r'ate
1435 1044 1580 1096 emanant.

912 1167 1067 1182 ψ

822 1281 951 1356 VISIO
989 1279 1184 1367 QUINTA.

127 1439 326 1508 Suaaanruu.
339 1467 373 1475 —
385 1435 463 1502 Quod
483 1433 608 1507 apostoli
628 1437 658 1489 et
678 1433 866 1508 pipmentarii
886 1449 1022 1506 sequaces
1037 1450 1135 1489 carram
1157 1432 1292 1491 uidelicet
1304 1434 1478 1502 sacerdotes,
1499 1433 1650 1492 ecclesiam
1670 1435 1803 1492 doctrina
1823 1453 1881 1493 sua
1979 1451 1980 1462 ¹

162 1505 394 1589 splendidissime
413 1505 603 1562 circumdant.
623 1506 792 1578 Exemplum
814 1506 850 1561 de
871 1506 952 1562 Abel.
966 1505 1045 1573 Quod
1070 1503 1198 1561 ministri
1220 1504 1352 1562 Ecclesia
1374 1506 1537 1563 castitatem
1561 1523 1677 1564 seruare
1697 1507 1809 1565 debent.
1825 1509 1882 1575 Qui

163 1595 197 1633 es
210 1579 256 1633 tiss
264 1577 296 1632 in
309 1575 638 1648 clausurasubjectionis
651 1577 824 1650 reputariter
833 1577 930 1633 uiuunt
938 1593 1039 1632 curam
1049 1576 1306 1658 pipmenlariorum
1315 1593 1373 1632 non
1388 1577 1532 1646 baberetes,
1548 1594 1704 1659 supernam
1717 1581 1881 1636 mercedem
1974 1567 1980 1623 l

162 1648 327 1721 acquirunt.
350 1652 388 1704 tte
405 1651 486 1704 statu
503 1647 688 1704 nobilissima
700 1648 888 1721 perfectionis
906 1646 1040 1721 cirpinea
1049 1647 1251 1717 jucunditatis.
1277 1649 1320 1704 De
1347 1647 1473 1720 puellari
1490 1648 1628 1722 inopine.
1648 1654 1688 1706 lte
1717 1651 1801 1708 turba
1818 1667 1881 1722 que

163 1719 294 1776 earndem
316 1717 505 1775 circumstant
527 1718 601 1775 mira
618 1718 701 1774 modo
721 1722 835 1775 ansata.
863 1719 958 1776 Verba
973 1718 1146 1774 Jaannisde
1163 1719 1271 1775 eodem.
1288 1718 1526 1793 Quodoirpinitas
1541 1723 1596 1776 fleo
1610 1721 1707 1778 oblata
1722 1721 1882 1794 pruderter
1979 1751 1980 1754 ¹

163 1791 359 1847 commanda
381 1794 432 1846 est.
455 1789 519 1856 Quae
536 1793 673 1860 corrupto
688 1793 775 1862 pacto
796 1790 841 1846 oir
866 1789 975 1847 ‘nitatis
987 1789 1117 1857 redierit,
1133 1789 1207 1856 flore
1218 1789 1397 1860 intepritatis
1410 1792 1535 1854 carebit:
1545 1809 1602 1847 non
1612 1791 1688 1848 enim
1702 1792 1880 1860 abdomina,

163 1862 215 1917 sed
237 1867 271 1918 ut
291 1861 404 1918 ancilla
423 1861 590 1932 susmpitur.
613 1862 783 1933 Exemplum
861 1861 989 1916 eamdem
1003 1877 1074 1916 rem.
1096 1861 1173 1928 Quod
1190 1877 1299 1932 mapna
1318 1859 1484 1932 differentia
1497 1865 1541 1917 est
1563 1863 1880 1920 intercalestedesicle-
1979 1891 1980 1908 .

164 1934 241 1988 rium
260 1936 288 1987 et
306 1936 451 1987 terrenam
474 1931 744 2004 concupiscentiam,
759 1935 803 1987 ita
821 1931 975 2004 quodnisi
995 1929 1136 2004 sanquine
1156 1931 1228 1987 ritis·
1248 1930 1300 1987 Dei
1315 1932 1399 1988 bomo
1417 1949 1478 1990 non
1495 1933 1692 1989 redimeretur.
1714 1938 1754 1990 lle
1778 1933 1817 1990 iis
1829 1934 1883 2006 qui
1979 1989 1980 1998 .

162 2006 328 2076 passionem
347 2003 451 2060 Christi
472 2002 504 2058 in
525 2002 680 2058 claritatis
693 2002 798 2058 ardore
809 2002 960 2058 imitantes
972 2005 1002 2058 el
1018 2005 1114 2058 visens
1124 2002 1196 2060 odor
1209 2002 1371 2070 existentes,
1385 2002 1443 2061 iter
1455 2007 1568 2061 secrete
1585 2005 1814 2078 reperierationis
1826 2023 1881 2060 ar-
1979 2009 1980 2076 ζ

163 2073 287 2157 ripiunt.
308 2074 404 2130 Verba
411 2072 554 2155 eoanpeiii
566 2073 605 2129 ad
619 2073 751 2132 eamdem
760 2091 831 2130 rem.
849 2073 1099 2147 Quoduirpineum
1106 2077 1231 2147 perisset
1241 2073 1287 2130 iic
1299 2074 1367 2129 ordo
1376 2090 1477 2157 acuens
1490 2074 1547 2131 iter
1562 2079 1676 2158 semele
1689 2076 1882 2148 repereratio

163 2161 220 2216 nes,
235 2163 268 2201 sn
277 2147 416 2217 precepta
431 2145 503 2217 lepis
518 2161 576 2200 non
587 2147 665 2200 sunl.
679 2145 855 2217 Exemplum
872 2145 908 2200 de
920 2147 1037 2200 Joanne
1046 2145 1083 2200 ad
1095 2144 1224 2202 eamdem
1242 2161 1314 2201 rem.
1333 2145 1412 2212 Quod
1426 2162 1476 2217 qus
1486 2149 1554 2201 sunt
1573 2163 1670 2202 cruens
1689 2147 1758 2204 ordo
1775 2164 1883 2204 acuens

163 2215 219 2273 iter
233 2219 348 2272 secrete
367 2215 679 2298 repenerationis,·pro
688 2215 856 2272 necessitate
872 2218 901 2270 et
919 2214 1048 2271 utilitate
1067 2215 1200 2272 Ecclesiae
1219 2215 1348 2288 repimcn
1372 2216 1600 2274 ecclesiasticum
1624 2217 1785 2290 nneipiant
1807 2235 1877 2274 con·
1979 2265 1980 2276 .

164 2286 245 2360 topia
257 2287 438 2343 secularium
449 2303 546 2343 rerum
555 2287 732 2357 abjicientes.
752 2287 843 2344 Verba
855 2285 1051 2360 annpeliide
1063 2289 1187 2344 Joanne.
1202 2287 1280 2354 Quod
1296 2285 1328 2342 in
1337 2287 1470 2343 vestitum
1483 2287 1603 2344 istorum
1620 2288 1734 2345 castitati
1752 2289 1882 2346 ationem

162 2359 335 2432 populorum
347 2357 495 2427 dissimili,
509 2356 674 2414 incarnatio
686 2362 715 2413 et
725 2359 876 2431 sepultura
889 2357 1000 2413 Obristi
1012 2357 1190 2430 desipnatur.
1203 2358 1282 2424 Quod
1295 2357 1391 2429 prima
1406 2358 1455 2414 lus
1472 2358 1532 2415 diei
1556 2359 1746 2432 apostolicam
1768 2361 1880 2416 doetri-

163 2447 244 2498 nam,
266 2444 374 2485 aurora
392 2427 509 2485 initium
528 2429 613 2498 bajus
630 2429 864 2495 macerationis,
888 2429 934 2485 soi
955 2429 1112 2486 discretam
1133 2430 1211 2488 mam
1228 2429 1260 2484 in
1274 2429 1431 2486 Benedicta
1442 2429 1492 2502 qui
1509 2433 1553 2486 est
1564 2432 1651 2503 quasi
1665 2431 1742 2487 alter
1751 2433 1880 2504 Moyses,

163 2499 305 2574 dampnat.
333 2499 386 2566 Qui
403 2499 435 2555 in
448 2500 503 2556 bac
522 2499 735 2558 conomsatione
756 2500 876 2573 probati
889 2499 1081 2569 inueniuntur,
1096 2517 1148 2573 pro
1172 2499 1342 2556 necessitate
1355 2501 1486 2557 Ecclesia
1499 2505 1732 2573 napercatensum
1744 2503 1880 2558 sacerdo-

164 2571 234 2628 tium
253 2570 423 2643 suscipiant.
445 2571 521 2638 Quod
536 2570 639 2628 nullus
654 2571 897 2628 conversationem
910 2571 1032 2628 istorum
1051 2575 1170 2644 repente
1189 2571 1375 2644 appredialur
1384 2570 1443 2627 nisi
1464 2571 1569 2628 intima
1581 2573 1751 2644 probatione
1768 2575 1882 2629 mami-

162 2646 259 2699 notus.
275 2642 353 2709 Quod
363 2642 511 2698 secularis
524 2642 648 2768 populus
663 2643 755 2716 tepent
771 2642 821 2699 liei
834 2658 1013 2712 mmeroans,
1027 2643 1188 2699 Ecclesiam
1207 2642 1257 2698 lici
1270 2641 1432 2715 plurimum
1446 2647 1575 2699 exornat.
1590 2645 1672 2711 Quod
1686 2661 1738 2700 nea
1753 2644 1881 2700 maritus

163 2729 291 2782 seso-eru,
312 2729 365 2770 nce
384 2730 456 2770 usar
475 2714 553 2769 mari
567 2730 615 2768 um
634 2712 666 2769 in
678 2714 732 2770 boc
749 2713 895 2787 proposito
907 2713 1032 2783 deserat,
1051 2713 1110 2770 nisi
1123 2713 1428 2772 uoluntateamborum
1439 2713 1488 2770 sit.
1509 2715 1605 2770 Verba
1619 2715 1778 2788 Eeunyetii.
1799 2716 1884 2782 Quod

161 2783 304 2858 predictae
321 2783 520 2841 ecclesiastice
541 2783 734 2841 institutiones
755 2785 915 2842 monetam
938 2784 970 2840 in
990 2784 1130 2857 pradibus
1150 2789 1178 2840 et
1193 2785 1223 2839 in
1236 2782 1384 2841 ordinibus
1395 2784 1458 2841 suis
1470 2786 1661 2842 carasolidant.
1675 2787 1752 2854 Quod
1765 2786 1797 2842 in
1810 2803 1883 2844 uno-

164 2855 390 2984 zyuoqbegeprdine
402 2855 894 2983 ‘ffndssp⁶⁰”⁶⁰'d³⁰’cdi⁰⁶r³i²ffi⁶
908 2872 1031 2982 rhaprurtn,
1041 2854 1232 2982 sirbrputaritpis
1244 2858 1272 2911 et
1285 2855 1400 2937 nobitas
1413 2855 1476 2912 uite
1490 2857 1656 2984 ῗυυεςιζιὲωῖι
1677 2857 1799 2914 uitanda
1824 2863 1879 2984 ‘iet'

107 2957 120 2980 ‘
163 2925 1205 3079 admirabilitatis&iimefflbib‘imiiiiisitffl
1217 2943 1509 3079 ..triteburc
1522 2944 1630 3072 ..sitit
1643 2929 1884 3056 tristitia...

162 3085 213 3125 car
225 3085 308 3125 suun
320 3068 396 3141 leges
410 3071 534 3135 tammrt.
546 3071 621 3124 Item
634 3069 720 3125 uerba
733 3069 893 3140 annpelii.
905 3069 987 3135 Quod
1001 3086 1032 3124 sn
1046 3068 1092 3126 tris
1114 3069 1288 3124 novitatibus
1305 3070 1382 3123 Deris
1397 3068 1512 3142 aliquos
1524 3070 1634 3139 dejicit,
1655 3069 1768 3143 aliquos
1793 3071 1884 3128 tacite

164 3140 284 3209 tolerat;
298 3155 368 3211 quos
382 3142 479 3195 tamen
492 3139 524 3195 in
531 3140 639 3209 futuro
654 3138 779 3209 judicat.
795 3139 876 3206 Quod
888 3141 924 3195 de
942 3138 1078 3210 infcriori
1093 3139 1187 3212 produ
1201 3138 1268 3195 ticet
1286 3139 1441 3196 ascendere
1454 3139 1493 3195 ad
1503 3140 1690 3212 superiorem,
1704 3157 1765 3200 nan
1782 3149 1884 3200 auum

163 3211 199 3268 de
221 3210 369 3282 superiore
386 3211 426 3265 ad
439 3211 616 3282 inferiorem.
640 3211 816 3284 Exemplum
833 3211 869 3266 de
892 3210 1046 3266 animabus
1064 3217 1092 3267 et
1106 3211 1231 3284 anpelis.
1257 3210 1334 3277 Quod
1357 3209 1407 3282 qui
1430 3214 1498 3266 sunt
1523 3216 1619 3268 cicens
1633 3212 1702 3268 ordo
1714 3216 1884 3269 oooeuiter

164 3287 278 3338 secrete
290 3280 524 3363 reponeretionis,
559 3296 665 3338 ranam
677 3279 771 3362 fortis
790 3280 847 3364 cibi
857 3285 886 3338 et
899 3281 1095 3364 pipmentarii,
1111 3298 1196 3354 poma
1207 3279 1443 3363 dulcissapon's,
1463 3285 1492 3337 et
1505 3283 1650 3340 secularis
1661 3283 1794 3356 populus,
1814 3300 1884 3339 car-

164 3368 230 3410 nem
252 3353 414 3426 desspnant.
431 3352 509 3424 Quod
534 3300 576 3409 ie
598 3355 655 3409 tres
669 3353 868 3409 scelestastscae
892 3353 1087 3410 institutiones
1100 3358 1130 3409 in
1151 3352 1262 3408 duabus
1283 3367 1338 3408 usis
1359 3355 1520 3410 versantur.
1536 3353 1592 3421 Qui
1604 3354 1717 3427 signum
1731 3354 1885 3428 relipionis

166 3423 199 3478 in
213 3422 359 3481 uoluntate
370 3423 465 3480 cardis
478 3428 638 3496 acceptum,
654 3423 786 3486 abiiceril
799 3440 807 3492 ;
827 3422 968 3492 iudicium
977 3423 1104 3482 districti
1110 3423 1253 3480 examinis
1260 3421 1393 3496 accipiet.
1413 3424 1508 3481 Verba
1521 3425 1616 3481 Dauid
1629 3426 1664 3482 de
1677 3425 1785 3482 cadem.
1802 3427 1887 3493 Quod
1979 3437 1980 3440 ’

164 3493 213 3552 iiii
250 3494 281 3550 ui
297 3511 356 3550 non
369 3511 468 3552 amore
489 3495 552 3560 Dei,
563 3494 615 3550 sed
629 3494 732 3567 aliqua
739 3494 871 3552 seculari
879 3494 1021 3551 modestia
1032 3494 1187 3563 constricti,
1197 3495 1314 3568 sipnum
1329 3493 1478 3566 rclipionis
1484 3496 1562 3568 ficte
1575 3497 1731 3569 accipiunt,
1754 3497 1884 3555 Balaam

165 3513 342 3622 simiiantur.
362 3565 531 3637 Exemplum
546 3565 582 3620 de
599 3565 732 3622 Balaam.
756 3565 811 3632 Qui
833 3564 948 3639 sipnum
967 3564 1117 3639 relipianis
1136 3565 1305 3639 insipienter
1326 3566 1469 3638 acceperit
1491 3570 1519 3622 el
1539 3567 1617 3622 mate
1630 3569 1884 3637 consummaverit,

165 3637 198 3693 in
210 3636 327 3694 ruinam
340 3637 429 3694 eadit.
445 3637 541 3695 Verba
553 3636 687 3694 Jeremiee
698 3637 734 3692 de
746 3637 854 3692 eodem.
871 3636 928 3708 (lui
941 3636 1072 3704 infantes
1085 3653 1151 3693 suos
1164 3639 1271 3693 sancte
1290 3636 1500 3693 conversationi
1523 3637 1664 3710 subjicere
1684 3638 1815 3706 uoluerit,
1830 3639 1886 3696 troc

165 3725 224 3764 non
236 3707 435 3781 imprudenter
446 3707 497 3764 sed
511 3707 657 3781 sapienter
668 3707 710 3763 eis
721 3706 962 3764 consentientibus
974 3708 1081 3781 absque
1093 3707 1239 3764 coactione
1252 3707 1356 3772 fadai.
1372 3710 1540 3781 Exemplum
1548 3708 1584 3764 de
1598 3725 1617 3764 a
1637 3725 1678 3765 ro.
1688 3708 1741 3776 Oui
1754 3709 1886 3767 colentes

170 3781 261 3836 Deum
273 3777 357 3852 sequi
369 3780 556 3851 pertinerem
569 3777 688 3835 malitie
699 3779 864 3847 retruserit,
881 3778 1068 3852 sacnkpium
1081 3779 1163 3852 [ecit.
1183 3779 1278 3837 Verba
1302 3779 1334 3834 n
1371 3778 1407 3834 si.
1423 3779 1480 3846 Qui
1493 3727 1640 3836 uoluntatis
1655 3797 1710 3836 sua
1729 3781 1882 3838 seruitium

167 3849 219 3907 liei
229 3849 397 3924 appreditur
411 3853 440 3906 et
452 3853 553 3922 postea
564 3853 748 3906 contenmens
761 3867 798 3905 ne
817 3849 928 3919 leserit,
944 3850 1076 3907 districts
1088 3849 1265 3906 reuocandis
1278 3852 1330 3905 est.
1371 3849 1441 3906 erba
1460 3849 1616 3924 annpelii.
1633 3849 1687 3920 Qui
1699 3849 1886 3924 disciplinate

166 3920 301 3989 uiuentes,
325 3921 413 3977 nulla
426 3920 614 3994 castipationc
633 3919 742 3993 corripi
761 3867 873 3988 raoiunt,
899 3938 935 3976 ne
946 3937 1059 3995 prepem
1075 3919 1194 3978 Domini
1213 3918 1418 3990 contaminent,
1433 3923 1628 3994 expellantur.
1648 3921 1742 3977 Verba
1756 3923 1885 3996 apostoli
1979 3969 1980 3986 ,

167 3991 207 4046 ad
231 3991 361 4047 eamdem
379 4009 450 4048 rem.
473 3991 552 4058 Quod
572 3991 598 4049 ii
624 3994 674 4064 qui
689 3992 758 4061 ficte
771 3994 982 4060 conomtuntur,
1007 3991 1200 4064 decipiuntur,
1222 3994 1249 4046 et
1272 3991 1346 4063 quad
1359 3989 1383 4046 ii
1401 3991 1452 4063 qai
1467 3996 1524 4049 toto
1538 3993 1846 4061 cordecoauertuntur,
1863 4011 1885 4051 a
1979 4027 1980 4030 =

168 4065 225 4142 lieo
246 4061 452 4133 suscipiuntur.
480 4063 576 4119 Verba
589 4062 682 4120 Dauid
693 4062 732 4118 ad
745 4063 874 4118 eamden
888 4079 960 4118 rem.
985 4062 1038 4131 Qui
1058 4063 1266 4135 blasphemiam
1283 4065 1384 4119 contra
1399 4062 1682 4134 Spiritumsanclum
1692 4063 1739 4119 im
1762 4065 1886 4122 aniterss

165 4131 282 4200 timent,
295 4135 323 4187 et
336 4134 389 4205 qui
401 4133 528 4206 seipsum
536 4132 569 4188 in
581 4138 703 4190 martem
716 4133 948 4205 precipitaoerit,
956 4134 1029 4190 tune
1041 4137 1114 4190 Deus
1126 4133 1227 4190 nescit.
1247 4134 1342 4191 Verba
1350 4135 1511 4206 Euanpelii.
1527 4135 1621 4192 Verba
1632 4134 1721 4192 Dauid
1752 4136 1882 4192 eaodem

168 4204 259 4275 Super
266 4219 350 4285 quern
363 4203 543 4276 blaspbcmia
558 4202 770 4274 desperationis
792 4203 888 4272 cadit3
898 4204 925 4260 si
939 4204 1085 4261 eruciatm
1103 4204 1318 4279 repupnooerit,
1332 4204 1421 4262 citius
1434 4205 1461 4260 ei
1471 4222 1491 4261 a
1511 4205 1885 4276 montemmaranum

164 4273 448 4347 perditsonsmcadit,
463 4276 626 4349 puicorpus
638 4279 667 4332 et
678 4274 808 4332 animam
819 4292 880 4348 qua
897 4276 971 4332 Deus
978 4276 1136 4347 conjunxit,
1149 4279 1278 4349 separat.
1296 4277 1387 4334 Verba
1398 4275 1559 4350 Euarapelii.

169 4484 317 4542 Posthac
337 4484 395 4542 ridi
420 4485 497 4558 quod
525 4484 690 4557 predictam
718 4483 890 4541 muliebrem
913 4486 984 4540 ima·
1003 4485 1124 4560 Dpedes
1145 4485 1206 4556 ejus
1238 4481 1397 4549 diffluebat,
1426 4482 1528 4540 induis
1557 4483 1700 4556 apparuit.
1725 4485 1760 4540 Et
1786 4469 1884 4541 audivi

134 4573 234 4646 ginem
259 4572 377 4646 qnidam
399 4574 536 4647 splendor
557 4575 688 4631 albusut
709 4576 769 4644 nix,
793 4580 823 4632 et
842 4581 982 4649 unquam
1035 4591 1133 4632 rocem
1161 4575 1196 4630 de
1230 4574 1302 4630 eaelo
1327 4572 1493 4630 dicentem:
1526 4573 1591 4628 llaec
1618 4575 1661 4629 est
1685 4571 1826 4628 floriditas
1852 4571 1882 4626 in

133 4663 283 4736 crystallus
310 4663 484 4734 perlucidus,
511 4679 529 4718 a
564 4664 670 4720 vertice
697 4680 791 4736 usqne
819 4665 855 4721 ad
882 4670 983 4737 guttur
1036 4677 1160 4734 superna
1177 4661 1256 4730 Sion,
1285 4667 1376 4716 mater
1396 4666 1425 4716 et
1439 4661 1492 4718 llos
1514 4675 1645 4717 rosarum
1660 4665 1688 4716 et
1703 4660 1796 4715 lilium
1810 4675 1882 4715 con·

134 4752 197 4823 ejas
210 4752 446 4808 circumfulserat.
464 4752 519 4809 Sed
540 4757 692 4825 sgutture
713 4769 806 4826 usque
829 4753 865 4809 sd
886 4752 981 4809 umbi·
1035 4751 1162 4807 vallium.
1177 4750 1199 4806 0
1214 4749 1365 4816 floriditas,
1382 4748 1443 4805 lilio
1456 4747 1651 4820 potentissimi
1662 4748 1738 4820 regis
1757 4747 1883 4818 despon-

132 4841 221 4897 licum
256 4841 319 4913 ejus
352 4840 471 4913 quidam
497 4840 571 4896 alius
604 4841 742 4914 splendor
767 4841 851 4898 rubei
879 4841 983 4897 coloris
1036 4839 1157 4907 saberis;
1175 4839 1226 4911 qui
1240 4837 1537 4894 etnominalissimam
1554 4837 1664 4908 prolem
1687 4837 1798 4909 gignes,
1817 4851 1883 4892 cum

133 4945 198 4986 eam
212 4929 519 5002 circumdederst3qui
533 4929 570 4986 de
592 4933 708 5002 grrtture
727 4945 820 5004 usqua
838 4929 875 4986 ad
892 4930 983 4985 ubera
1034 4927 1066 4983 in
1096 4932 1225 4999 tempore
1255 4931 1306 4982 luo
1338 4925 1551 4982 confortaberis.
1582 4926 1616 4981 lit
1647 4924 1721 4980 circa
1752 4924 1883 4980 eamdem

134 5018 290 5090 ejusselut
311 5017 580 5089 eurorarutilobat3
599 5019 649 5074 sed
666 5018 702 5074 sb
727 5018 864 5076 uberibus
891 5033 982 5090 usqae
1037 5017 1162 5089 puellam
1183 5015 1242 5071 ridi
1263 5015 1419 5071 maximam
1447 5015 1562 5072 turbem
1590 5013 1743 5072 hominurn
1759 5012 1882 5070 lucidio-

134 5108 171 5163 ed
189 5107 358 5164 ombilicum
378 5107 455 5164 illins
474 5107 556 5179 qussi
576 5122 707 5180 purpure
723 5107 878 5179 hyacintho
891 5106 982 5161 inier-
1036 5121 1098 5161 rem
1122 5106 1180 5161 sole
1200 5109 1333 5170 amntem,
1362 5105 1414 5176 qui
1432 5121 1532 5160 omnes
1556 5103 1630 5160 miro
1655 5103 1741 5159 modo
1758 5119 1830 5158 auro
1855 5107 1885 5160 ct

135 5195 222 5252 misle
239 5196 376 5269 fulgebat.
402 5197 437 5253 lit
465 5195 515 5252 obi
535 5197 598 5267 ipse
613 5196 691 5251 velut
714 5209 817 5251 aurora
835 5194 981 5262 rutilabat,
1037 5193 1158 5266 gemme
1186 5192 1281 5249 ornati
1301 5197 1400 5261 erant3
1424 5193 1590 5266 etquidem
1612 5192 1729 5248 illorum
1752 5191 1783 5247 in
1804 5191 1883 5263 capi·

134 5285 292 5340 claritatem
321 5301 403 5342 suam
425 5301 540 5341 sursum
567 5285 603 5341 ad
624 5288 734 5340 secrete
749 5284 814 5340 coeli
845 5283 981 5350 extendit,
1036 5283 1114 5338 tibus
1136 5281 1195 5338 suis
1216 5281 1302 5338 velati
1329 5281 1457 5338 candidis
1490 5281 1680 5338 velaminibus
1700 5295 1788 5336 aurea
1811 5296 1884 5334 zona

135 5372 166 5429 in
181 5388 238 5446 qua
251 5374 446 5445 pulcherrima
468 5379 498 5431 ot
518 5373 656 5446 puellaris
675 5373 774 5445 imago
796 5372 876 5428 nudo
890 5371 983 5445 capite
1037 5371 1238 5428 circumornati
1268 5369 1400 5438 iuemnt;
1424 5387 1511 5444 supra
1545 5385 1669 5442 quornm
1691 5369 1810 5424 sordeas
1841 5369 1884 5424 si·

134 5465 165 5518 et
193 5460 338 5535 subnigris
366 5463 479 5536 capillis
506 5467 535 5519 et
563 5462 653 5519 rubea
685 5461 783 5518 tunica
811 5477 877 5535 que
907 5460 984 5517 ciros
1038 5459 1170 5517 mititudo
1192 5457 1346 5516 ineffabilis
1365 5457 1512 5515 trinitatis
1541 5456 1787 5532 quemadmodum
1810 5455 1883 5512 milri
