3984 6034
97 116 172 169 {057

652 116 874 174 electuario
893 118 1041 175 REGULAE
1060 118 1088 174 S.
1111 120 1305 179 nanneten.

1782 130 1850 187 lose

91 249 314 306 illucescentem
331 248 408 306 diens
424 249 562 306 riderent.
579 250 613 305 Et
631 267 684 323 pro
708 258 784 308 recto
808 254 947 326 disposito
966 259 989 313 Δ
1005 260 1125 323 recusat,
1146 273 1179 312 ea
1190 262 1288 329 aperte
1306 256 1453 317 interdicit
1481 276 1488 316 ε
1506 266 1534 319 et
1549 278 1614 335 quae
1628 263 1690 319 lieri
1714 264 1849 323 exhorta·

91 341 331 410 temperamento
367 355 426 394 nou
453 339 655 410 gravabantur,
695 340 745 397 sed
770 343 946 413 gandebant,

92 430 170 499 qnia
185 428 272 482 etium
291 428 415 499 amptius
438 444 526 501 quam
551 428 646 483 media
671 434 753 484 rroele
780 431 948 501 pactuatione

94 516 185 583 faeta,
206 520 235 571 et
257 516 360 570 deiude
384 532 511 585 excussa,
535 515 622 571 borno
637 523 735 589 postea
758 518 891 590 vigilans,
917 519 948 575 in

92 600 210 657 viribus
223 602 282 657 suis
296 620 349 675 pro
363 604 407 659 his
428 604 533 675 uigiliis
547 620 605 659 non
621 606 795 677 debilitatur,
815 614 848 664 nt
871 625 947 680 pres·

94 690 208 746 dietum
226 699 277 748 cst.
295 692 375 757 Quod
390 699 487 748 autem
502 700 599 765 postea
615 694 683 749 dicit
708 696 834 763 :Quibus
854 697 946 765 dictis,

93 780 173 835 dmin
186 796 276 848 cusu,
298 782 438 837 benedicet
465 782 561 849 obbas,
586 783 761 839 Dominicam
788 785 946 843 orationem

93 868 141 923 ibi
154 870 294 941 praemitti
315 886 372 925 non
389 871 582 933 demonstrat:
600 872 675 929 sicul
690 890 742 928 nee
757 875 824 942 illie,
847 875 896 930 ubi
912 876 947 931 de

93 956 194 1027 primo
214 962 354 1013 nocturno
383 959 524 1013 Dominici
545 960 601 1016 diei
623 960 677 1016 boo
698 962 783 1017 modo
812 963 911 1018 scribit
938 981 945 1019 :

94 1045 259 1114 diodutntis,
293 1052 324 1101 ut
355 1047 592 1118 supradiximus,
620 1064 669 1105 ses
692 1052 808 1121 psalmis
833 1057 859 1107 ct
885 1069 946 1109 uer·

1002 349 1059 408 tur,
1075 344 1125 400 ille
1149 351 1247 418 aperte
1273 346 1446 403 manifestat.
1478 350 1543 405 ltaec
1567 356 1663 409 autem
1682 353 1717 407 de
1742 352 1848 425 quibus

1002 432 1052 487 lali
1067 434 1152 489 modo
1168 436 1277 503 reticet,
1307 435 1424 491 arbitrio
1448 441 1476 491 et
1499 437 1662 494 discretioni
1690 441 1800 497 abbatis
1821 446 1850 497 et

1001 521 1123 577 fratrum
1138 522 1265 578 dimittit.
1281 523 1359 579 Unde
1375 530 1403 579 et
1422 524 1452 579 in
1472 525 1529 580 fine
1556 532 1770 591 nocturnarum.
1791 544 1849 585 ma·

1002 608 1172 681 latinarum,
1195 610 1429 683 diurnaliumque
1450 611 1539 668 divini
1563 615 1672 670 servitii
1699 616 1847 687 horarum,

1001 703 1068 769 post
1082 696 1166 771 Kyrie
1186 699 1292 755 eleison
1311 700 1488 755 Dominieam
1514 703 1672 759 orationem
1697 704 1849 763 dicendam

1002 787 1174 854 manifestat,
1190 788 1239 843 ubi
1256 788 1324 843 dicit
1351 805 1358 843 ι
1389 791 1504 845 Ceteris
1518 806 1580 846 uero
1603 793 1725 863 numne,
1752 795 1849 851 reltime

1000 890 1066 947 pers
1080 876 1138 945 ejus
1151 879 1282 933 orationis
1297 879 1407 933 dicutur
1420 895 1426 932 :
1441 884 1471 933 ut
1485 879 1520 933 ui
1536 881 1661 936 omuibus
1680 883 1846 953 responden-

1002 970 1069 1020 tur:
1088 986 1102 1015 u
1118 965 1171 1021 Sed
1186 966 1272 1021 libera
1296 981 1377 1021 noso
1398 968 1470 1022 molo
1491 967 1600 1039 (Molli.
1627 985 1664 1041 vn
1687 986 1726 1024 :u
1753 976 1781 1025 et
1808 971 1848 1027 ibi

1000 1053 1146 1109 collectam
1170 1054 1322 1111 dicendam
1349 1071 1482 1110 essenon
1507 1058 1642 1127 ostendit,
1676 1058 1745 1129 quia
1771 1059 1848 1115 dieto

94 1150 141 1201 su,
172 1135 353 1191 residentibus
381 1137 504 1192 omnibus
532 1137 664 1209 disposite
689 1155 739 1210 per
771 1140 893 1197 ordinem
916 1146 945 1197 in

94 1223 246 1292 subselliis,
270 1226 396 1292 lepontur
410 1228 439 1279 iu
454 1226 552 1296 codice,
576 1232 705 1298 utsupra
732 1228 864 1299 discimus,
881 1246 948 1301 quc-

1001 1142 1107 1197 scilieet
1122 1158 1130 1197 :
1145 1142 1199 1199 Sed
1225 1143 1309 1198 libero
1323 1158 1370 1198 nos
1389 1161 1405 1197 n
1421 1145 1491 1199 mulo
1507 1160 1514 1198 :
1531 1145 1602 1200 dicit
1618 1162 1624 1201 :
1642 1148 1676 1203 lit
1691 1150 1730 1202 sic
1743 1148 1847 1209 rinion-

1001 1238 1046 1284 tur
1058 1230 1161 1297 uigilia
1174 1236 1326 1295 nocturum·
1340 1234 1368 1285 ct
1392 1229 1519 1285 iterum:
1545 1233 1581 1285 Et
1604 1234 1763 1303 completum
1789 1240 1847 1301 cst;

97 1317 162 1366 tuor
190 1313 332 1381 lectiones;
360 1330 412 1369 nee
435 1315 533 1381 etiam,
557 1314 606 1369 nbi
621 1316 655 1371 de
670 1317 794 1373 secundo
810 1323 838 1373 el
861 1319 945 1375 terlio
1000 1321 1030 1372 el
1043 1317 1165 1373 iterum:
1189 1320 1279 1373 lllissae
1292 1322 1366 1381 sunt,
1383 1317 1463 1373 nulla
1477 1319 1595 1374 collecta
1608 1320 1766 1392 designata,
1777 1338 1846 1394 qua·

95 1405 241 1455 nocturno
256 1402 393 1473 loquitur,
407 1403 475 1474 qnia
488 1402 571 1458 [inito
587 1404 671 1459 tertio
697 1410 838 1461 nocturno
855 1406 944 1465 dicit:
1000 1410 1084 1461 tenus
1098 1404 1246 1461 fastidium
1267 1406 1416 1460 orantibus
1437 1407 1563 1475 tollatur,
1588 1412 1617 1461 et
1637 1424 1672 1462 nc
1697 1410 1847 1480 praemissa

95 1493 175 1545 Dicto
198 1496 287 1545 nutem
316 1507 407 1557 cusu,
433 1497 458 1547 et
481 1494 663 1548 benedictinis
682 1494 789 1563 obtule,
810 1496 946 1564 'leuantur
999 1494 1090 1549 oratio
1104 1494 1252 1571 [lominica
1267 1494 1295 1549 iu
1312 1494 1473 1565 neglectum
1487 1495 1617 1561 dueatur,
1634 1497 1770 1568 quoniam
1786 1514 1847 1553 ora-

92 1578 160 1633 oliae
173 1584 293 1647 quotuor
321 1580 455 1646 lectiones,
486 1580 642 1635 [lominica.
663 1582 802 1638 orationis
832 1584 943 1640 nullam
964 1554 1107 1638 Btionem
1126 1583 1417 1639 Domiuieaoratione
1434 1584 1632 1656 pretiosiorem
1649 1601 1708 1639 non
1724 1586 1846 1657 invenit,

93 1666 268 1722 memoriam
284 1666 343 1721 illic
367 1666 484 1736 taciens,
515 1683 551 1723 ne
565 1668 738 1742 interruptio
758 1671 798 1726 ibi
817 1688 879 1727 esse
902 1672 943 1727 vi·
999 1686 1050 1742 per
1075 1686 1162 1745 qnam
1182 1670 1312 1725 divinum
1337 1671 1485 1726 servitium
1518 1672 1696 1728 terminetur.
1728 1674 1784 1730 Sed
1819 1680 1847 1731 et

91 1754 206 1810 dentur.
236 1755 337 1811 Sedet
358 1754 446 1811 linitis
472 1773 521 1811 sex
545 1758 663 1828 psalmis
679 1759 796 1814 secundi
812 1761 944 1817 nocturni
998 1758 1102 1813 deinde
1129 1757 1159 1813 in
1182 1758 1240 1813 tine
1264 1758 1445 1830 completorii
1471 1759 1566 1815 subdit
1591 1777 1598 1815 :
1623 1760 1844 1833 Kyneetcison,

92 1845 198 1916 privati
213 1841 280 1913 diei,
297 1844 390 1899 dicit:
415 1846 477 1899 Post
500 1846 547 1899 bos
568 1847 645 1901 tectio
670 1849 798 1919 Apostoli
819 1854 944 1918 sequitur
998 1844 1145 1900 benedicite
1169 1849 1194 1899 et
1216 1846 1408 1913 militellum,
1440 1846 1488 1900 illa
1514 1846 1647 1902 videlieet
1672 1849 1844 1911 benedictio.

88 1945 126 1983 ec
148 1929 227 1984 eorde
246 1931 399 1999 recitando,
420 1937 524 2003 etpost
548 1933 603 1989 baec
627 1950 678 2004 pro
706 1938 776 2006 ipsis
805 1937 892 1993 tribus
908 1939 944 1993 le·

90 2020 226 2074 ottonibus
252 2036 309 2074 urio
338 2020 371 2077 de
402 2022 489 2077 Veteri
516 2026 684 2077 testamento
719 2028 873 2080 memoriter
904 2028 943 2081 le-

87 2111 188 2175 potur3
204 2115 234 2162 et
246 2108 369 2163 ilerum:
394 2110 494 2164 Deinde
518 2112 595 2167 tectio
616 2127 673 2166 unu
688 2114 818 2183 Apostoli
842 2130 941 2170 memo·

90 2198 163 2251 riter
180 2200 307 2263 recitate,
330 2197 463 2253 videlicet
481 2206 628 2270 sequatur,
645 2200 674 2254 in
703 2201 756 2256 turc
775 2202 941 2270 ostendens,

91 2287 170 2357 quod
191 2300 257 2340 cnm
279 2285 382 2340 tratres
400 2286 571 2341 lectionibus
594 2295 624 2343 et
645 2288 879 2344 meditationibus
892 2290 941 2346 in-

91 2372 232 2440 serviunt,
249 2389 364 2445 eaquae
381 2374 411 2429 in
430 2373 528 2429 divina
556 2375 701 2447 Scriptura
716 2378 876 2433 necessaria
889 2379 940 2433 ba·

91 2463 172 2530 bent,
188 2464 335 2518 memorius
351 2479 408 2517 snae
425 2464 640 2532 commendent,
654 2465 693 2519 ita
709 2471 740 2520 ut
753 2482 818 2521 enm
831 2483 940 2538 oppor-

91 2558 196 2606 tunum
212 2556 324 2623 tempus
339 2551 486 2617 institerit,
502 2557 530 2607 et
544 2568 609 2607 cum
630 2553 783 2608 necessitas
802 2571 831 2609 se
847 2571 940 2611 emer·

91 2641 172 2710 serit,
197 2641 304 2713 absque
330 2640 517 2695 materialiter
544 2641 648 2712 scripto
675 2642 723 2697 illa
752 2642 781 2697 in
811 2643 939 2700 medium

90 2730 250 2802 proferant,
271 2729 516 2801 quemadmodum
540 2734 568 2786 et
589 2730 739 2803 predictas
752 2732 890 2787 lectiones
904 2750 937 2790 ex

996 1949 1060 2005 qum
1073 1947 1106 1987 eo
1124 1938 1254 2006 tempore
1267 1933 1416 2005 bucusque
1432 1932 1462 1988 in
1487 1950 1541 1988 usu
1565 1934 1697 1991 babetur.
1720 1938 1751 1991 El
1767 1938 1844 2009 quod

996 2021 1078 2077 dicit:
1105 2023 1217 2093 Sernpcr
1245 2037 1373 2077 memores
1399 2024 1484 2077 simus
1507 2020 1580 2093 quud
1603 2026 1643 2077 nit
1676 2025 1810 2095 Propheta
1837 2042 1843 2080 :

996 2110 1130 2166 «seruile
1153 2114 1265 2165 llomino
1289 2112 1319 2165 in
1344 2112 1438 2165 timore
1460 2112 1544 2175 (Psnl.
1570 2117 1613 2181 u);
1641 2132 1651 2161 ι
1677 2115 1841 2168 etiterum:

996 2218 1010 2247 u
1027 2199 1139 2254 Psatlite
1161 2204 1300 2270 sapienter
1323 2198 1411 2268 (Psnl.
1435 2200 1527 2269 xnv1);
1554 2222 1565 2249 ι
1594 2200 1623 2254 iu
1645 2200 1700 2255 boc
1721 2200 1844 2273 intelligi

995 2286 1065 2352 vrrlt,
1088 2285 1227 2357 quoniam
1243 2286 1372 2342 divinum
1400 2286 1549 2342 servitium
1571 2286 1795 2357 abbreviaverat,
1813 2296 1845 2345 ut

994 2373 1023 2428 in
1040 2374 1145 2445 gaudio
1160 2380 1190 2430 et
1203 2375 1264 2429 sine
1290 2374 1374 2430 laedio
1388 2374 1512 2431 studiose
1536 2376 1607 2431 illud
1628 2376 1733 2433 deinde
1760 2378 1846 2450 perli-

993 2460 1103 2527 ciatur;
1119 2460 1188 2533 qnia
1212 2462 1297 2517 breve
1312 2478 1372 2516 esse
1385 2462 1484 2529 scitur,
1500 2466 1528 2517 et
1552 2462 1619 2533 quia
1635 2463 1685 2518 ubi
1701 2464 1843 2519 distinctio

994 2550 1143 2622 longeest,
1171 2550 1207 2606 ad
1233 2550 1368 2622 spiritum
1384 2551 1602 2623 apsaltenlibus
1626 2552 1734 2623 pariter
1758 2554 1843 2621 susti-

993 2645 1097 2693 neatur
1112 2655 1119 2694 :
1137 2639 1188 2695 ubi
1204 2656 1269 2693 vero
1279 2639 1372 2695 brevis
1389 2644 1439 2707 est,
1464 2640 1499 2694 ad
1525 2639 1659 2711 spiritum
1684 2658 1741 2695 non
1757 2642 1843 2697 susti-

995 2728 1101 2795 nendo,
1121 2728 1301 2800 procedatur.
1319 2727 1505 2784 Garrntitates
1525 2728 1603 2784 enim
1619 2728 1649 2783 in
1665 2728 1762 2786 divino
1777 2730 1842 2785 olli-

90 2819 177 2873 corde
192 2823 222 2874 et
236 2819 414 2882 memoriter,
430 2818 460 2873 id
474 2824 516 2874 est
530 2818 591 2873 sine
614 2819 700 2888 libro,
717 2821 855 2893 quoniam
874 2822 939 2877 bre·
959 2816 1039 2888 coin
1053 2832 1150 2871 eoram
1161 2817 1218 2872 ileo
1232 2816 1314 2888 quasi
1330 2832 1383 2888 pro
1398 2816 1518 2872 minimo
1533 2816 1684 2873 babeulnr.
1701 2816 1841 2882 Quoniam
1919 2886 1921 2892 y

90 2923 139 2962 ves
153 2912 220 2962 sunt
239 2906 416 2975 recitabunt;
435 2924 470 2963 ne
492 2907 521 2962 in
545 2907 684 2963 brevitate
698 2926 799 2964 eornm
820 2910 941 2981 impedi·
993 2905 1114 2976 dignum
1138 2910 1190 2973 est,
1216 2911 1249 2961 ut
1270 2921 1365 2961 eoram
1382 2922 1449 2977 rege
1471 2912 1547 2961 stans
1571 2906 1668 2973 (beato
1693 2907 1842 2963 Benedicta

91 2980 222 3049 mentum
246 2994 416 3062 sustineant,
438 2994 462 3049 si
481 2999 530 3050 aut
557 2995 685 3051 codicem
709 2995 744 3051 ad
771 2996 938 3068 legendum,
993 2993 1110 3063 latente)
1137 2995 1233 3066 ipsum
1258 2994 1378 3049 honeste
1412 2996 1587 3067 alloquatur.
1614 2991 1715 3049 Postea
1744 3000 1839 3052 nartem

91 3082 253 3138 autlnmeu
267 3082 475 3138 adridendum
489 3083 519 3138 in
542 3088 679 3157 promptu
700 3100 760 3139 non
775 3085 937 3143 habuerint.
993 3082 1134 3138 subinfert
1150 3100 1157 3139 ε
1172 3084 1202 3139 ln
1225 3088 1355 3139 conuentu
1377 3090 1465 3139 tuanen
1485 3086 1594 3139 omuino
1619 3083 1753 3139 brevietur
1775 3102 1840 3141 oru-

91 3172 145 3226 Sed
161 3172 237 3242 quod
263 3169 291 3225 iu
316 3170 425 3226 diurnis
449 3172 528 3227 boris
550 3171 641 3228 divini
655 3174 749 3245 operis
762 3175 798 3229 de
812 3174 857 3229 his
871 3175 939 3231 reli·
993 3176 1042 3240 tio,
1058 3174 1196 3244 quoniam
1210 3179 1275 3228 ante
1291 3172 1418 3245 singulas
1442 3174 1592 3228 canonicos
1620 3174 1707 3229 boras
1733 3175 1839 3229 oratio·

91 3264 145 3329 cet,
163 3260 216 3316 boc
233 3259 299 3315 ideo
313 3264 365 3327 est,
393 3260 461 3332 qnia
477 3260 506 3315 in
520 3260 638 3316 arbitrio
664 3261 793 3334 ipsorum
808 3263 938 3331 dimittit,
992 3277 1059 3316 nem
1083 3261 1140 3317 dici
1169 3262 1357 3331 admonebat;
1381 3262 1449 3334 qnia
1463 3278 1528 3317 cum
1542 3261 1574 3316 in
1596 3263 1784 3333 sequentibus
1795 3268 1841 3335 ju·

92 3349 168 3420 quod
184 3353 233 3403 aut
245 3365 281 3404 ex
296 3348 380 3405 corde
395 3354 424 3404 el
442 3349 619 3417 memoriter,
636 3353 685 3404 aut
700 3350 730 3405 iu
752 3350 849 3405 codice
872 3366 937 3405 cum
992 3350 1068 3417 beat,
1083 3349 1157 3421 quod
1170 3351 1272 3421 bospitt
1292 3356 1368 3421 pacis
1390 3352 1510 3407 osculum
1527 3366 1580 3405 uon
1599 3354 1678 3421 prius
1698 3351 1838 3421 offeretur,

91 3437 219 3493 claritate
239 3438 298 3492 diei
322 3437 457 3509 capitula,
487 3435 518 3491 id
543 3441 595 3506 est,
624 3437 775 3509 praedictas
801 3438 938 3493 lectiones
991 3432 1047 3492 nisi
1058 3442 1179 3493 oratione
1195 3440 1350 3509 premisso,
1365 3439 1456 3493 mullo
1471 3438 1562 3508 magis
1577 3454 1642 3493 cum
1656 3439 1840 3511 omnipotens

91 3523 249 3595 proferant,
266 3525 406 3597 qnoniam
429 3525 526 3579 minus
549 3524 790 3596 impedimentum
820 3530 938 3597 propter
993 3525 1068 3579 Deus
1081 3524 1250 3581 salutandus
1265 3528 1316 3594 est,
1338 3526 1429 3580 oratio
1450 3527 1650 3598 praemittenda
1664 3532 1707 3581 est
1723 3533 1751 3583 et
1774 3528 1839 3583 brc-

91 3614 232 3668 lucentem
244 3613 321 3667 diem
335 3617 404 3668 tunc
417 3612 608 3668 sustinebunt.
990 3613 1045 3681 vis,
1065 3629 1101 3668 ne
1122 3613 1196 3668 forte
1223 3612 1388 3685 psalmodiae
1418 3619 1517 3685 postea
1539 3614 1712 3680 insistentes,
1743 3616 1839 3671 miuus

125 3700 329 3755 lullominieis
347 3706 444 3756 autern
460 3700 561 3757 diebus
589 3706 618 3757 et
636 3701 667 3757 in
690 3701 753 3758 aliis
776 3702 938 3757 solemniis·
989 3700 1046 3772 ipsi
1062 3701 1228 3772 psalmodiae.
1244 3700 1404 3767 intendant,
1430 3717 1495 3756 cum
1524 3718 1576 3773 per
1602 3702 1780 3772 praemissam
1811 3709 1838 3758 ct

89 3788 166 3843 tibus
185 3794 248 3861 post
275 3795 432 3845 nocturnos
458 3790 643 3862 Evangelium
668 3790 727 3861 legi
755 3790 935 3863 precipiens,
989 3788 1130 3859 prolixam
1148 3788 1306 3843 orationem
1323 3787 1433 3859 fatigati
1453 3788 1570 3844 luerint.

90 3877 211 3949 intelligi
227 3879 287 3933 vult
307 3878 384 3950 qnod
408 3879 644 3951 omnitempore,
666 3880 800 3936 uidelicet
821 3885 880 3936 tarn
906 3877 935 3936 iu
1026 3876 1107 3943 Quod
1124 3881 1218 3933 autem
1234 3876 1365 3932 monachi
1379 3878 1545 3933 lectisternia
1563 3892 1615 3949 pre
1634 3878 1713 3933 modo
1728 3894 1836 3934 conuer-

89 3971 169 4022 nocte
186 3983 273 4039 quam
291 3968 319 4021 in
338 3968 395 4036 dic,
415 3968 550 4024 nuntium
566 3968 617 4024 liei
631 3969 726 4025 audiri
741 3975 769 4025 et
786 3970 934 4042 compleri,
988 3967 1105 4021 salionis
1129 3964 1276 4021 seeundum
1304 3965 1533 4035 dispensationem
1556 3965 1664 4020 obbatis
1697 3968 1742 4021 sui
1765 3970 1835 4023 occi-

90 4063 118 4111 st
132 4072 182 4128 per
196 4056 267 4112 illud
288 4058 346 4111 ileo
376 4057 476 4112 serviri
503 4057 602 4126 debet,
619 4064 647 4113 et
672 4063 704 4114 nt
730 4058 816 4113 eliam
837 4058 934 4114 audito
985 4056 1079 4125 piant,
1106 4054 1160 4109 lloe
1175 4053 1348 4123 manifestat,
1365 4069 1430 4109 curn
1455 4054 1490 4109 de
1515 4054 1692 4110 vestimentis
1715 4055 1836 4111 tratrem

93 4143 254 4216 Evangelio,
283 4146 418 4201 monachi
445 4146 524 4201 illius
548 4146 692 4217 Evangelii
719 4147 932 4202 recordentur:
952 4128 1128 4215 ”loquitun
1143 4140 1194 4197 ubi
1209 4141 1278 4198 dicit
1303 4157 1309 4197 :
1332 4143 1488 4199 Stramenta
1502 4145 1593 4198 eutem
1617 4143 1743 4198 lectorum
1756 4145 1836 4211 sulfi-

90 4236 154 4289 llcce
166 4250 215 4290 uos
225 4236 387 4305 reliquimus
406 4239 499 4291 omnio
513 4239 539 4291 et
561 4240 646 4291 secuti
664 4250 758 4291 sumus
778 4240 803 4291 te
821 4236 934 4307 (Multi.
990 4235 1075 4299 cient,
1091 4236 1190 4297 matta,
1203 4245 1310 4301 sapum,
1333 4235 1359 4284 et
1373 4231 1443 4285 lenc
1465 4232 1631 4301 eternitate.
1652 4232 1752 4287 l'estiti
1773 4232 1835 4287 dor-

90 4322 160 4393 arx);
175 4324 305 4378 cleliam
328 4323 384 4378 boc
408 4324 529 4393 intendi,
549 4329 582 4379 ut
609 4324 634 4378 si
659 4324 724 4395 quis
751 4339 803 4395 pro
816 4324 933 4380 raritate
988 4324 1085 4389 minist,
1101 4320 1209 4375 seilicet
1225 4318 1350 4391 simplici
1374 4324 1402 4373 et
1418 4319 1477 4373 sola
1496 4324 1585 4389 veste,
1612 4335 1676 4392 qnae
1701 4320 1833 4391 proxima

89 4409 266 4466 sacerdotum
290 4428 341 4467 scu
366 4428 424 4483 prae
447 4411 636 4483 occupatione
660 4411 782 4482 aliqu'us
810 4411 933 4484 impedi·
988 4409 1022 4465 ad
1030 4414 1123 4463 cutem
1131 4406 1256 4463 bominis
1269 4410 1321 4474 est,
1336 4423 1372 4462 ne
1388 4405 1457 4462 nudi
1468 4406 1666 4479 jaccaut;quse
1677 4409 1759 4463 tanea
1770 4408 1834 4474 tuit,

91 4498 187 4566 urenti,
204 4499 298 4556 eodie
318 4500 434 4555 missam
458 4501 576 4568 habere,
603 4500 647 4555 rel
676 4501 768 4555 missa
793 4499 933 4557 interesse
988 4503 1016 4553 el
1030 4496 1206 4568 nondupliei
1219 4495 1407 4563 resteinduti,
1418 4494 1549 4568 quiahoc
1563 4496 1834 4579 palinonpqssunt3

88 4602 145 4642 non
163 4589 279 4659 poterit,
289 4589 395 4645 tectum
409 4594 436 4645 et
451 4590 580 4645 auditum
595 4589 780 4661 Evangelinm
792 4588 847 4644 sibi
856 4588 933 4645 suili-
987 4589 1069 4643 cincti
1083 4586 1200 4656 ciupulis
1214 4590 1263 4639 aut
1280 4584 1407 4653 (unibus,
1423 4599 1459 4638 ne
1474 4584 1568 4652 vestis,
1586 4600 1643 4655 qna
1658 4583 1751 4638 induti
1768 4583 1835 4639 dor·

88 4676 149 4731 ciet.
174 4659 287 4749 Et'quo
311 4678 466 4751 Evangelio
491 4678 575 4747 lecto,
600 4678 690 4733 dicit:
719 4678 795 4732 Dolo
819 4676 932 4734 benedi·
987 4672 1093 4737 minut,
1113 4672 1148 4727 ab
1164 4674 1205 4727 eis
1220 4672 1341 4739 diltloat,
1359 4676 1387 4726 et
1411 4672 1504 4727 neila
1526 4671 1596 4727 nudi
1619 4676 1785 4743 appareant.
1802 4672 1834 4726 El

86 4768 180 4834 ctione,
196 4766 344 4823 seilicetin
357 4767 611 4824 consuetudinaria
630 4768 772 4835 oratione,
797 4769 932 4837 incipiant
986 4762 1074 4818 elium
1091 4761 1159 4817 dicit
1174 4778 1181 4817 2
1199 4762 1230 4817 Si
1251 4765 1313 4830 quis
1326 4764 1417 4829 frater
1429 4766 1584 4830 contemne,
1605 4766 1653 4815 out
1668 4760 1832 4829 inobediens,

85 4858 233 4911 matutinos
249 4873 255 4912 :
270 4857 316 4912 hie
331 4856 514 4913 intervallum
531 4856 566 4912 ad
581 4856 799 4912 meditationem
827 4856 931 4910 oratio·
985 4856 1035 4907 eut
1045 4851 1250 4921 aripertusetc.
1261 4850 1295 4903 Et
1304 4864 1370 4905 mox
1381 4848 1548 4921 subjungit:
1561 4849 1592 4905 Si
1602 4850 1732 4917 intellipit
1742 4850 1833 4920 qualis

87 4959 153 4998 nuru
171 4960 221 5000 seu
239 4944 395 5000 lectionum
412 4961 471 5000 non
485 4944 622 5012 ostendit,
636 4961 688 5000 uec
711 4946 741 4999 in
763 4943 808 4999 his
829 4942 930 4999 diebus
984 4944 1022 4996 sit
1040 4954 1134 5011 pono,
1160 4940 1431 4995 recommunicotioni
1445 4937 1597 5007 subjaceat,
1613 4953 1669 4992 non
1695 4937 1744 4992 illa
1767 4938 1831 5009 jure

87 5032 192 5098 tratres,
210 5032 302 5089 linitis
316 5033 476 5102 matutinis,
491 5033 525 5089 ad
550 5016 757 5105 quiescendum
781 5033 817 5088 ad
841 5033 929 5087 lectos
984 5028 1138 5084 sacerdotii
1152 5028 1205 5083 sub
1227 5026 1299 5083 stola
1313 5027 1435 5099 prolate,
1457 5026 1507 5081 sed
1528 5025 1829 5093 excommunicationi,

87 5121 174 5177 redire
197 5122 346 5193 prohibet;
371 5124 421 5179 sed
446 5122 470 5177 si
494 5127 609 5193 tempos
636 5120 808 5194 permiserit,
836 5121 877 5176 ila
897 5126 931 5177 ut
984 5118 1149 5192 quarerbis
1168 5120 1280 5173 tantum
1301 5114 1479 5187 simplicibus
1496 5131 1514 5170 a
1529 5115 1672 5169 consortio
1698 5114 1830 5182 fratrum,

86 5210 221 5265 maturius
236 5211 422 5281 surrexerint,
458 5212 527 5283 quie
550 5211 582 5265 in
596 5210 759 5282 prolixitate
793 5208 928 5265 nocturni
984 5223 1034 5261 sen
1050 5208 1079 5261 in
1095 5206 1256 5275 refectorio,
1273 5221 1323 5259 scu
1342 5205 1373 5259 in
1394 5203 1490 5259 diuino
1505 5202 1601 5259 officio
1620 5203 1650 5258 in
1665 5203 1763 5271 eboro,
1781 5220 1831 5261 seu

86 5303 114 5353 et
133 5297 219 5355 divini
234 5299 342 5355 servitii
365 5298 476 5372 fatigati
501 5303 578 5368 sunt,
598 5299 628 5353 in
643 5298 794 5354 arbitrium
816 5313 927 5367 eornm,
982 5295 1014 5350 in
1030 5294 1209 5363 dormitorio,
1235 5310 1285 5349 seu
1299 5292 1343 5347 bis
1359 5291 1500 5347 similibus
1515 5296 1673 5363 separatur,
1691 5292 1830 5363 quoniam

87 5392 116 5440 ut
129 5387 161 5442 ad
178 5388 265 5444 lectos
279 5389 408 5454 redeant,
429 5388 547 5444 silenter
560 5388 650 5461 ponit.
674 5387 742 5453 oue
765 5386 844 5443 enim
865 5386 929 5442 lieri
983 5401 1068 5457 poena
1088 5384 1150 5440 bac
1164 5381 1391 5455 intelligentibus
1406 5381 1566 5455 graviorem
1587 5381 1763 5438 contusionis
1778 5398 1829 5438 ru·
