3984 6034
94 175 157 233 risi
689 174 980 236 nursica-mn.
1002 174 1025 240 r.
1044 175 1092 233 nn
1111 175 1266 235 amaus.
1691 160 1696 180 ⁴
1742 143 1840 240 'ires

89 307 218 381 pisbtipit
231 316 286 381 cst,
301 311 379 385 quod
395 311 423 369 ei
437 311 537 385 lingua
551 310 582 368 in
604 310 750 384 loquendo
777 311 884 379 delicit,
908 315 937 367 st
954 307 1095 365 Atlccma
1118 310 1150 368 in
1165 311 1301 384 ospitari
1318 310 1393 369 circs
1404 318 1504 385 pectas
1515 313 1614 384 habet,
1640 319 1669 372 et
1682 313 1748 372 ideo
1774 316 1841 389 plu·

92 401 167 471 quod
192 400 278 456 etiam
308 401 340 456 in
367 416 402 457 eo
427 401 546 473 aliquod
572 402 735 457 membrum
762 400 937 470 destituitur,
992 397 1100 454 rimam
1115 398 1348 468 sordesexcreat,
1366 406 1396 458 et
1409 403 1486 474 quod
1501 403 1589 459 etiarn
1611 403 1759 460 imtentam
1785 421 1840 460 an-

91 486 146 542 ista
175 488 301 544 radicem
331 493 360 544 et
392 488 461 544 folia
490 492 651 545 centaurea
672 504 738 544 cnm
762 503 836 544 novo
868 503 938 560 sepo
992 485 1116 543 halitum
1136 489 1232 557 habet,
1248 489 1375 546 radicem
1390 490 1504 546 beoniae
1533 492 1565 547 in
1580 492 1707 548 modicas
1731 493 1840 548 rotulas

91 576 167 632 cerri
193 576 387 646 commisceat,
415 583 444 633 ct
470 577 511 633 ita
532 593 598 633 curn
626 578 719 632 farina
739 577 879 644 tortellos,
909 577 939 631 id
992 574 1112 646 incidat,
1136 577 1223 634 ethis
1242 578 1329 634 etiam
1353 579 1388 635 de
1414 581 1524 637 semina
1547 582 1611 651 ejus
1632 581 1728 649 addat,
1755 587 1784 637 et
1808 581 1839 635 in

91 669 136 720 est
151 665 275 735 turbela,
295 665 390 730 faciat,
412 671 442 721 st
467 681 517 721 eos
543 680 620 737 sape
645 665 787 734 comodat,
811 671 841 720 et
864 663 939 733 pttcb
991 664 1059 720 uino
1085 665 1194 722 ferrare
1216 667 1312 736 faciat,
1336 673 1366 724 at
1381 667 1422 723 ita
1447 669 1593 724 moderate
1613 685 1689 741 sape
1713 669 1839 725 calidum

92 753 144 825 qni
158 770 226 809 aum
240 754 344 827 fatigat
373 754 558 825 deprimitur.
586 755 643 811 Sed
671 761 700 810 et
719 754 796 809 idam
819 753 871 826 qni
885 755 940 809 οἰο-
992 753 1081 822 bibat,
1097 759 1127 809 ct
1140 761 1226 828 caput
1239 761 1269 811 et
1291 761 1393 828 pactus
1405 757 1484 813 illius
1495 761 1610 830 purgat,
1635 763 1665 814 et
1676 757 1838 814 anhelitum

91 843 225 913 pirhtiyet
241 847 295 912 est,
319 848 504 899 centauream
531 843 563 899 in
587 843 687 899 vinum
706 843 782 900 istud
798 840 840 898 ita
862 857 938 916 seps
992 841 1056 911 ejus
1083 841 1192 899 bonum
1216 845 1335 900 odoram
1362 845 1430 902 facit
1468 846 1584 902 habere.
1621 848 1659 902 Et
1685 852 1838 919 postquam

92 930 183 999 bibat,
198 935 227 986 et
239 931 355 999 gicbtin
368 947 403 986 eo
414 931 545 986 cessabit.
991 929 1047 986 huc
1060 930 1159 987 uinum
1184 932 1317 1003 ebiberit,
1341 933 1419 990 aliod
1442 935 1542 990 vinum
1562 951 1653 1009 usque
1676 936 1763 991 tercia
1778 936 1838 990 vice

197 1017 261 1076 (iar.
281 1020 403 1076 cxxvt.
419 1049 453 1060 -
469 1021 512 1075 lis
528 1020 641 1075 Putaui
659 1018 698 1091 (t)
712 1019 759 1092 [ll,
774 1019 830 1092 68].
991 1033 1058 1074 cum
1073 1019 1173 1076 eadem
1197 1021 1302 1079 beonia
1314 1022 1468 1078 calefacere
1493 1027 1596 1096 potest.
1615 1053 1647 1066 ·-
1662 1023 1719 1079 Sed
1741 1028 1771 1078 et
1793 1039 1837 1077 ss·

128 1105 234 1177 Poleya
246 1122 363 1162 suavem
382 1108 505 1162 mlumm
531 1107 628 1175 habet,
649 1114 679 1162 et
702 1112 801 1163 tamen
820 1104 939 1161 humida
992 1122 1060 1163 meu
1074 1108 1185 1164 beonioe
1201 1111 1297 1182 accipe
1315 1116 1344 1166 at
1367 1111 1551 1183 insanguine
1565 1111 1695 1184 yrudinis
1715 1111 1837 1184 intinge,

92 1198 152 1262 est3
173 1192 212 1267 [et
232 1197 336 1250 haram
360 1196 525 1268 quindecim
548 1197 704 1252 herbarum
731 1195 858 1267 aliquam
879 1192 938 1249 vir·
992 1201 1023 1250 st
1044 1211 1111 1252 mox
1127 1197 1159 1253 in
1183 1198 1277 1254 facim
1300 1198 1403 1256 similo
1428 1201 1469 1257 its
1495 1200 1637 1256 inolidum
1659 1201 1788 1268 involve;
1811 1205 1839 1254 at

92 1286 185 1339 tutem
200 1282 231 1338 in
254 1300 284 1339 se
305 1283 402 1352 habet,
431 1285 540 1341 scilicet
565 1284 693 1355 zituaris,
722 1278 864 1357 gariofyli,
885 1297 938 1354 ga·
992 1297 1058 1337 cum
1086 1283 1190 1356 aliquis
1217 1287 1305 1341 homo
1339 1288 1446 1343 caduco
1469 1288 1571 1344 morbo
1614 1287 1701 1356 cadit,
1739 1287 1768 1343 id
1797 1291 1840 1342 ast

92 1371 196 1442 langa,
212 1371 358 1442 zinziberi,
388 1373 523 1444 basilica,
543 1373 698 1430 consolidoe
718 1371 847 1445 majoris,
871 1371 938 1426 lun·
991 1371 1198 1441 wallendsucht,
1219 1374 1250 1428 in
1273 1391 1304 1428 os
1327 1375 1389 1446 ejus
1412 1391 1497 1447 pone,
1514 1375 1583 1432 dum
1610 1377 1649 1432 ita
1671 1377 1775 1448 jaceat,
1810 1379 1839 1430 et

93 1466 206 1532 gructa,
227 1461 415 1534 aristologiae,
436 1463 587 1531 millefolii,
607 1463 751 1532 abrotani,
778 1460 937 1534 polypodii,
991 1458 1047 1514 hoc
1070 1459 1158 1515 facies
1185 1461 1322 1533 quociens
1350 1479 1402 1534 per
1424 1463 1503 1518 hunc
1525 1463 1659 1519 morbum
1692 1463 1778 1530 cadit,
1811 1467 1839 1518 et

92 1549 276 1621 agrimoniae,
295 1556 368 1622 stur,
392 1552 672 1620 storckenschnabel,
694 1550 882 1607 bachminzae.
907 1551 939 1605 Et
993 1548 1109 1604 tandem
1135 1549 1291 1606 curabitur.
1316 1551 1456 1607 -Etsi
1487 1551 1584 1613 uncae,
1610 1551 1640 1606 id
1669 1557 1713 1607 est
1735 1552 1837 1619 milano,

92 1637 138 1692 hae
152 1638 250 1694 herbae
264 1655 366 1694 omnes
385 1638 515 1696 febribus
537 1640 688 1697 contrariae
711 1645 778 1695 sunt
790 1639 858 1695 odd.
882 1637 935 1701 ed]
993 1636 1088 1692 crines
1101 1637 1228 1694 hominis
1246 1641 1458 1708 comminuunt,
1474 1656 1540 1696 cum
1564 1641 1671 1706 radice,
1694 1645 1723 1694 et
1741 1655 1840 1694 semen

93 1731 123 1781 et
137 1724 187 1798 qui
209 1726 240 1782 in
267 1728 385 1784 cerebro
408 1729 497 1798 dolat,
520 1729 561 1784 ita
580 1730 657 1802 qoud
676 1731 792 1784 virseret
812 1731 867 1790 est,
887 1743 940 1798 po·
992 1725 1105 1781 hauniaa
1120 1727 1245 1783 lixiviam
1261 1728 1358 1797 faciat,
1380 1734 1410 1785 et
1436 1735 1523 1801 caput
1540 1743 1624 1783 suurn
1653 1743 1729 1799 saepe
1754 1729 1838 1790 lavet,

92 1814 187 1885 leyam
200 1815 231 1870 in
246 1815 314 1871 vino
337 1822 425 1888 ponat
452 1822 481 1873 et
495 1823 609 1890 coquat,
626 1823 655 1874 et
668 1818 710 1872 ita
728 1817 850 1872 calidam
865 1816 941 1871 circa
993 1818 1024 1868 et
1053 1815 1138 1870 tinem
1162 1816 1334 1873 morientur.
1349 1817 1403 1876 Sed
1428 1822 1457 1873 et
1483 1817 1607 1874 radicem
1636 1821 1665 1872 ot
1687 1816 1758 1874 folia
1778 1815 1840 1886 ejus

93 1906 187 1958 totum
205 1911 293 1976 caput
310 1921 395 1962 snum
413 1911 511 1978 ponat,
536 1911 567 1962 et
593 1906 717 1978 desuper
739 1919 836 1978 panno
858 1902 939 1974 ligat,
992 1901 1069 1958 inter
1089 1909 1181 1959 uestes
1201 1921 1287 1977 pone,
1313 1911 1341 1962 et
1366 1907 1453 1963 tinem
1480 1905 1598 1979 fugiunt
1626 1921 1679 1961 nec
1704 1905 1767 1960 illas
1790 1905 1838 1960 lm·

92 1995 127 2047 ut
139 1993 290 2048 cerebrum
303 1993 429 2050 calidum
445 1994 492 2062 sit,
511 1999 540 2050 et
555 1994 668 2050 insania
695 1994 726 2049 in
749 2010 785 2050 eo
798 1991 940 2064 deprimi·
994 1990 1077 2046 dunt.

93 2084 152 2134 tur.
173 2081 208 2137 Et
230 2081 278 2136 cui
301 2082 378 2137 ocrrli
400 2083 537 2154 caligant,
560 2098 678 2138 succum
703 2084 766 2154 ejus
788 2080 939 2153 exprimat,
1101 2079 1166 2136 Gar.
1183 2082 1324 2139 cxxvtll.
1339 2113 1374 2126 -
1388 2085 1428 2140 lia
1443 2087 1584 2141 Baranam
1597 2085 1643 2151 [ll.
1662 2084 1732 2150 rsty.

94 2173 124 2224 et
142 2185 210 2225 eum
231 2169 307 2226 circa
327 2172 426 2226 oculos
449 2176 479 2228 et
500 2171 576 2228 circa
597 2171 750 2245 palpebras
780 2175 879 2240 ungat,
900 2168 941 2223 ita
1031 2168 1169 2226 Bithunia
1199 2165 1358 2231 [Pandonia
1394 2171 1450 2233 ed]
1489 2171 1578 2227 calida
1611 2174 1663 2240 ast,
1699 2174 1730 2225 at
1757 2169 1842 2239 signa

92 2261 191 2312 maren
219 2273 256 2312 ne
284 2259 382 2314 oculos
415 2260 558 2335 [interius]
596 2263 707 2332 tangat,
733 2264 762 2315 ct
787 2257 941 2330 caliginem
993 2256 1120 2312 scientiae
1134 2257 1260 2313 hominis
1281 2259 1346 2330 plus
1368 2275 1455 2332 quiam
1477 2260 1542 2316 alia
1562 2261 1661 2316 herbae
1685 2259 1716 2315 in
1736 2275 1766 2314 se
1790 2258 1841 2314 de·

94 2362 195 2401 eorum
216 2346 336 2418 fugabit.
363 2345 401 2411 [Si
424 2353 521 2404 utitem
535 2349 634 2404 oculos
660 2348 782 2403 interius
802 2344 939 2418 tetigerit,
994 2343 1100 2414 signat,
1119 2346 1362 2417 quemadmodum
1381 2348 1538 2404 domestica
1559 2353 1589 2404 ct
1604 2348 1713 2404 munda
1726 2346 1841 2402 anima-

92 2450 212 2490 carnem
238 2450 340 2491 eorum
363 2436 470 2492 virtute
496 2453 548 2492 sua
572 2435 748 2492 exulcerabit
779 2435 848 2491 odd.
882 2435 937 2500 cdl.
993 2431 1034 2486 lia
1061 2433 1127 2504 plns
1152 2451 1217 2490 cnm
1243 2435 1361 2491 homine
1385 2441 1485 2509 agunt,
1510 2453 1598 2509 quam
1625 2436 1763 2492 animalia
1790 2435 1839 2489 sil·

95 2523 152 2579 Sed
168 2524 245 2580 atde
258 2524 327 2596 galli
342 2523 409 2581 felle
432 2530 528 2581 sumat
549 2530 578 2581 et
592 2525 637 2580 his
659 2528 774 2580 tantum
796 2523 831 2580 de
855 2538 940 2580 succo
995 2523 1099 2576 restria
1122 2523 1172 2594 (³l;
1207 2529 1236 2580 et
1258 2523 1323 2580 ideo
1347 2525 1461 2581 fallacia
1481 2526 1599 2595 dyaboli
1632 2525 1749 2580 umbras
1774 2538 1840 2578 suas

94 2613 215 2684 poleyae,
229 2617 260 2668 et
271 2613 417 2669 modicum
432 2613 499 2686 puri
513 2613 572 2670 uini
586 2613 670 2680 adda,
685 2618 715 2668 et
732 2613 773 2668 sic
791 2611 941 2684 collyrium
993 2606 1142 2664 interdum
1156 2625 1243 2682 snper
1258 2616 1428 2684 comparat,
1449 2618 1477 2666 et
1497 2612 1584 2668 etiarn
1599 2627 1686 2684 snper
1701 2609 1839 2682 quasdam

93 2701 147 2770 fac,
167 2709 196 2757 ot
210 2701 239 2756 in
265 2702 411 2758 amentum
426 2719 548 2774 repono,
571 2707 601 2759 et
620 2701 794 2758 adolescenti
818 2699 940 2768 homini,
995 2695 1066 2751 alias
1080 2697 1192 2765 herbas,
1206 2699 1275 2771 quia
1297 2699 1358 2772 ipse
1373 2700 1475 2756 roralis
1494 2704 1548 2768 est,
1571 2701 1648 2756 unde
1663 2699 1750 2756 atium
1776 2713 1839 2753 om·

93 2788 140 2844 cni
161 2789 237 2846 oculi
263 2806 322 2862 prm
350 2790 519 2848 infirmitate
541 2792 675 2862 caligant,
697 2790 742 2846 uel
765 2790 852 2846 etiam
879 2787 941 2844 seni
995 2785 1135 2842 nesvires
1161 2788 1270 2860 quaein
1289 2788 1385 2844 herbis
1409 2796 1477 2844 sunt
1497 2789 1578 2845 novit
1598 2789 1650 2860 (l).
1666 2788 1721 2854 Oui
1735 2788 1840 2844 stultus

94 2876 145 2949 qui
159 2878 316 2933 moderatas
336 2879 429 2934 atatis
451 2885 503 2947 cst,
526 2878 602 2935 circa
614 2880 711 2934 oculos
725 2884 753 2935 at
780 2879 856 2934 circa
877 2879 940 2949 pal·
960 2879 1047 2948 gant
1060 2874 1156 2930 fatuus
1179 2881 1231 2946 est,
1256 2877 1296 2932 ita
1323 2879 1400 2949 quud
1425 2878 1545 2934 scicntia
1562 2877 1594 2934 in
1619 2893 1654 2933 eo
1668 2877 1774 2946 delicit,
1789 2875 1838 2930 ba-

94 2966 199 3037 pebras
227 2982 315 3038 unge,
338 2968 380 3023 ita
404 2969 483 3039 quod
509 2968 596 3024 etiam
629 2968 743 3024 modice
778 2968 815 3023 ad
842 2966 940 3023 oculos
995 2963 1125 3020 thunium
1144 2965 1248 3021 tundat
1273 2967 1355 3040 qrtasi
1379 2967 1414 3022 ad
1434 2982 1560 3035 succum,
1582 2967 1664 3022 etita
1691 2981 1778 3037 super
1794 2969 1839 3020 to-
1874 2970 1877 2983 '

92 3055 196 3122 intrat3
213 3055 268 3110 hoc
290 3055 376 3111 faciet
397 3073 450 3128 per
474 3056 627 3113 duodecim
658 3061 766 3124 noctes,
790 3072 856 3112 cum
874 3057 940 3112 dor·
994 3057 1057 3108 tum
1073 3058 1173 3124 pactos
1187 3071 1272 3110 snum
1286 3055 1321 3111 xd
1341 3060 1456 3111 noctem
1483 3060 1581 3128 ponat,
1604 3059 1633 3110 st
1652 3070 1750 3126 panno
1769 3052 1840 3125 liget

95 3144 199 3198 mitum
211 3143 300 3211 radit,
315 3149 343 3199 et
359 3145 514 3217 caliginem
533 3146 570 3201 ab
591 3146 682 3202 oculis
705 3147 807 3201 aufert.
832 3146 867 3201 Et
885 3161 941 3217 po·
994 3157 1086 3214 usque
1109 3159 1205 3213 mane,
1231 3149 1260 3200 et
1281 3143 1336 3199 hoc
1358 3159 1435 3217 sape
1457 3145 1550 3213 faciat,
1579 3146 1607 3200 et
1635 3144 1670 3199 ad
1690 3143 1839 3198 scientiam

95 3233 189 3303 leyam
216 3232 373 3303 pulveriza,
395 3238 425 3288 et
445 3235 595 3305 pulverem
614 3236 703 3291 istum
722 3235 754 3290 in
779 3240 892 3290 acetum
912 3240 942 3290 et
994 3232 1109 3288 redibit.
1126 3234 1158 3288 Et
1173 3233 1225 3306 qui
1251 3249 1267 3288 a
1292 3233 1369 3290 falsis
1395 3233 1536 3305 sompniis
1555 3233 1670 3305 fatigari
1689 3233 1772 3299 solet,
1789 3231 1838 3285 ba·

92 3320 125 3376 in
155 3321 211 3377 mel
234 3320 353 3392 aqualis
380 3321 514 3393 ponderis
548 3339 634 3395 pone,
665 3330 694 3379 et
719 3323 837 3396 jejunus
863 3339 941 3396 sape
994 3320 1135 3391 theuiam,
1157 3337 1222 3378 cum
1248 3322 1279 3378 in
1304 3327 1388 3380 nocte
1414 3323 1571 3378 dormitum
1602 3322 1688 3390 vadit,
1719 3323 1748 3376 et
1772 3335 1838 3375 cum

93 3407 171 3477 bibe,
195 3409 224 3465 id
254 3409 386 3479 satrape,
408 3415 438 3465 st
461 3411 640 3466 stomachum
662 3415 745 3467 tuum
772 3417 886 3483 purgat,
912 3415 941 3466 et
993 3410 1110 3477 dormit,
1130 3411 1208 3482 apud
1222 3428 1252 3466 se
1266 3411 1382 3482 habeat,
1398 3415 1427 3468 ct
1445 3411 1542 3467 minus
1565 3411 1637 3468 falsa
1648 3409 1782 3482 sompnia
1796 3409 1839 3463 vi·

94 3499 193 3553 oculos
228 3503 293 3554 tuos
327 3497 472 3554 clarificat.
510 3499 565 3554 Sed
598 3505 627 3554 st
661 3499 713 3571 qui
743 3500 813 3554 folia
831 3499 941 3571 poleyae
994 3498 1113 3554 dubitet
1128 3500 1239 3555 sentiet.
1264 3501 1376 3564 [tlulier
1395 3517 1459 3572 quaa
1480 3499 1588 3572 injusto
1604 3498 1839 3570 temporemultu

93 3587 274 3643 crudarum
301 3587 361 3642 sale
389 3603 466 3659 sape
495 3587 633 3654 comedit,
658 3587 722 3659 ipsa
748 3587 857 3643 scilicet
881 3588 941 3642 sola
994 3591 1143 3642 menstrua
1165 3587 1275 3658 patitur
1309 3588 1483 3653 inordinata,
1514 3588 1689 3660 pandoniam
1730 3587 1759 3642 in
1796 3587 1838 3642 vi·

92 3674 227 3731 carnibus
246 3676 353 3741 addita,
375 3676 400 3734 ei
423 3675 563 3749 frigidum
578 3676 758 3733 stomachum
774 3675 869 3744 habet,
892 3692 939 3731 ca·
995 3690 1066 3730 num
1091 3680 1181 3747 ponat
1201 3680 1234 3731 ut
1257 3675 1324 3732 inda
1344 3692 1474 3748 saporem
1490 3677 1604 3743 habeat,
1617 3681 1646 3731 st
1660 3691 1738 3747 sape
1758 3674 1839 3731 bibat

93 3764 189 3821 lelacit
203 3780 285 3833 eum;
305 3770 335 3822 et
349 3766 374 3821 si
391 3765 481 3822 etiam
503 3765 666 3821 stomachus
680 3765 742 3838 ejus
764 3780 887 3834 ueneno,
911 3764 940 3821 id
994 3768 1022 3818 et
1036 3763 1184 3820 curabitur
1203 3763 1269 3819 add.
1287 3763 1342 3829 ed]
1359 3764 1413 3822 Sed
1434 3764 1458 3819 si
1477 3764 1582 3836 aliquis
1605 3763 1680 3819 vira
1706 3763 1836 3830 muliera,

93 3859 137 3910 est
149 3858 236 3925 apter,
252 3855 355 3925 plenus
369 3860 422 3926 est,
437 3871 504 3911 eum
518 3861 623 3927 purgat
637 3859 666 3910 et
678 3859 771 3911 sanat.
993 3867 1045 3908 sau
1074 3853 1172 3924 aliqua
1193 3851 1298 3908 mulier
1326 3870 1343 3908 a
1365 3853 1435 3920 viro,
1462 3853 1521 3908 ulla
1541 3852 1653 3926 magica
1671 3855 1732 3908 arte
1754 3851 1839 3906 illusa

190 3941 259 3997 Gar.
273 3942 453 3999 cxxv11-.
471 3958 507 3998 nn
522 3945 627 3999 Baoura
643 3946 677 4014 (2)
693 3944 738 4011 [ll,
756 3943 828 4012 rsty.
993 3941 1090 4005 fuerit,
1111 3957 1162 3998 sao
1187 3943 1285 4014 aliquo
1309 3941 1455 4014 prestigio
1475 3939 1553 3997 illius
1574 3941 1616 3997 rei
1642 3945 1715 3996 tacta
1740 3939 1837 4006 fuerit,

130 4029 236 4086 Reunia
259 4031 419 4102 [Dactylosa
447 4031 501 4102 cd]
528 4031 614 4104 ignea
637 4037 690 4099 est,
713 4038 743 4088 et
756 4033 861 4087 bonam
884 4032 940 4088 vir·
994 4047 1045 4086 seu
1075 4029 1141 4087 ullis
1164 4031 1320 4087 fantasticis
1357 4035 1387 4086 et
1415 4029 1571 4103 dyabolicis
1607 4027 1839 4085 incantationum

93 4122 185 4174 tutem
206 4118 303 4188 habet,
326 4123 469 4176 utcontra
496 4121 637 4177 tercianas
663 4125 692 4176 et
718 4126 873 4194 quartanas
898 4121 938 4177 fe·
993 4119 1142 4191 conjurata
1165 4120 1262 4190 fuerit,
1285 4119 1326 4177 ita
1349 4120 1429 4194 quod
1457 4121 1502 4175 vir
1523 4119 1554 4174 in
1583 4135 1680 4175 amore
1708 4115 1838 4173 mulieris

93 4204 159 4260 bros
172 4207 256 4262 volet.
287 4208 359 4264 Nam
378 4207 504 4263 radicem
519 4208 580 4280 eius
596 4207 707 4264 modice
721 4209 823 4280 tunde,
844 4214 874 4264 et
898 4210 939 4266 ita
958 4181 1044 4264 ”aut
1072 4210 1149 4281 qrrod
1171 4209 1277 4265 mulier
1303 4209 1335 4265 in
1363 4225 1461 4265 amore
1476 4209 1530 4264 viri
1555 4209 1597 4264 sic
1623 4208 1767 4263 incantata
1791 4205 1838 4260 in·

93 4295 123 4350 in
145 4295 244 4352 vinum
260 4311 347 4368 pone,
366 4302 395 4353 st
415 4313 491 4370 saepe
506 4297 582 4364 bibe,
598 4304 628 4354 et
641 4296 798 4355 tercianam
811 4304 842 4354 et
853 4314 939 4371 quar·
992 4297 1077 4366 scuit,
1096 4303 1160 4354 tum
1183 4299 1350 4354 bathoniam
1361 4304 1470 4370 quarrat
1480 4313 1532 4370 per
1542 4312 1629 4368 quam
1643 4311 1770 4367 unquam
1787 4294 1837 4350 ali-

93 4391 223 4441 tanama
243 4391 272 4441 te
294 4387 385 4459 fugat.
401 4388 436 4443 Et
455 4388 561 4443 iteruin
581 4387 716 4444 beoniam
739 4388 895 4459 pulveriza,
909 4393 939 4443 et
992 4386 1072 4458 qnod
1087 4386 1329 4442 medicamentum
1343 4388 1387 4441 vel
1404 4386 1501 4459 aliqua
1520 4384 1641 4441 fantasia
1665 4383 1745 4455 prius
1764 4383 1837 4438 lacta

93 4473 241 4544 puluerem
261 4474 349 4530 istum
374 4475 405 4530 in
428 4475 551 4531 farinam
566 4493 652 4548 pone,
678 4493 711 4532 ac
735 4477 866 4549 sagimen
888 4481 939 4532 aut
993 4477 1038 4540 sit,
1054 4473 1122 4547 qriia
1136 4475 1159 4530 si
1183 4476 1240 4530 tale
1260 4475 1378 4548 aliquod
1401 4490 1454 4546 por
1477 4489 1541 4529 eam
1565 4473 1758 4530 antefactum
1781 4477 1835 4540 ast,

92 4565 186 4618 oleum
216 4565 366 4636 papaveris
394 4565 482 4632 adde;
511 4565 551 4620 ita
576 4565 621 4620 fac
652 4565 735 4639 quasi
769 4566 873 4633 tobim,
910 4569 940 4620 at
992 4561 1097 4617 amodo
1113 4563 1148 4618 ad
1165 4562 1308 4618 medelam
1334 4563 1484 4618 medicinae
1507 4577 1567 4618 nou
1591 4563 1676 4631 valet,
1702 4561 1837 4632 quiaper

92 4668 169 4724 saepe
192 4653 321 4721 comede,
346 4660 373 4709 st
395 4655 502 4711 iterum
524 4654 650 4712 terciana
669 4659 699 4711 at
711 4660 853 4727 quartana
872 4673 889 4710 a
910 4660 938 4711 ta
991 4649 1128 4706 fantasias
1143 4651 1223 4723 prins
1236 4651 1398 4707 irretitaest
1412 4651 1462 4723 (5).
1481 4652 1514 4706 St
1527 4665 1668 4706 cumeum
1682 4649 1835 4718 invenerit,

92 4740 223 4795 cessabit.
252 4742 285 4796 lit
311 4741 335 4796 si
358 4743 444 4798 humo
480 4749 605 4799 ruentem
639 4744 757 4813 excedit,
785 4743 868 4816 quasi
891 4743 938 4798 ni·
992 4740 1062 4796 folia
1084 4741 1119 4796 ds
1143 4757 1178 4796 ea
1203 4741 1324 4808 auferat,
1349 4744 1379 4796 et
1397 4740 1496 4795 folium
1511 4754 1603 4795 unum
1629 4739 1660 4794 in
1681 4744 1838 4811 utrumque

92 4828 148 4883 chil
162 4829 234 4884 sciat
250 4835 279 4885 at
298 4831 380 4902 quasi
400 4832 430 4887 in
455 4834 544 4888 extasi
571 4833 674 4904 jaceat,
699 4848 799 4888 saman
826 4833 937 4889 beonia
992 4829 1121 4886 foramen
1142 4829 1254 4885 narium
1275 4845 1402 4893 suarum,
1428 4829 1636 4884 foliumnnum
1659 4828 1713 4884 sub
1736 4827 1838 4899 lingna

92 4917 122 4971 iu
149 4917 233 4972 molle
257 4918 417 4990 intinguat
439 4936 527 4992 snper
549 4920 884 4994 linguamilliuspone‚
910 4924 940 4977 st
992 4934 1045 4974 sua
1059 4922 1157 4991 ponat,
1179 4923 1208 4972 et
1232 4917 1262 4972 in
1288 4924 1410 4990 utraque
1437 4933 1524 4973 mann
1548 4916 1723 4972 anatolium
1747 4931 1836 4971 unum

91 5007 131 5060 sic
155 5005 230 5061 vires
249 5006 362 5062 beoniae
389 5009 420 5062 in
440 5009 589 5064 cerebrum
617 5010 694 5064 illius
719 5011 886 5076 ascendunt,
910 5016 939 5068 et
992 5012 1099 5077 teneat,
1115 5011 1202 5080 atque
1230 5008 1283 5062 sub
1306 5012 1461 5078 utrumque
1485 5007 1587 5078 pedem
1615 5004 1717 5062 folium
1745 5021 1837 5060 unum

91 5111 159 5150 eum
180 5095 315 5164 excitant,
340 5097 380 5151 ita
399 5098 474 5169 quod
498 5098 555 5153 cito
570 5099 606 5154 ad
622 5103 843 5156 mentemsuam
863 5099 940 5155 redit
992 5101 1091 5169 ponat,
1130 5104 1158 5152 at
1194 5097 1281 5153 etiam
1310 5095 1474 5151 batheniam
1508 5094 1598 5151 oculis
1636 5093 1696 5148 suis
1726 5093 1838 5149 fortiter

92 5189 120 5239 et
147 5184 226 5256 quod
247 5184 424 5241 intellectum
449 5186 578 5258 recipiet.
609 5187 664 5243 Sed
686 5192 716 5244 et
743 5188 795 5260 qui
814 5187 937 5244 multum
991 5186 1138 5258 inspiciat;
1156 5190 1184 5242 et
1198 5187 1251 5241 hoo
1272 5185 1372 5241 tandiu
1394 5185 1486 5251 iaciat,
1511 5185 1581 5240 dum
1606 5182 1705 5240 eadem
1724 5181 1793 5240 tolia
1806 5183 1836 5238 in

128 5311 165 5377 tf)
180 5310 291 5365 dicatio
308 5311 461 5379 Pulcgium.
1029 5312 1068 5382 (l)
1083 5314 1119 5366 Et
1138 5314 1220 5367 etium
1234 5340 1268 5350 -
1283 5313 1358 5366 uouit
1371 5309 1431 5364 des.
1450 5306 1490 5363 in.
1506 5309 1552 5366 ed.

129 5380 166 5447 (t)
183 5383 293 5435 Paconio
307 5381 469 5447 officinalis.
1029 5386 1066 5454 (5)
1084 5383 1156 5450 Qum
1167 5410 1205 5425 -
1218 5387 1259 5438 est
1269 5383 1326 5441 des.
1343 5380 1373 5437 in
1388 5380 1433 5437 cd.

127 5453 164 5522 (³)
179 5451 409 5516 Quemadmodum
425 5485 459 5495 —-
475 5455 622 5525 sylvestria
637 5455 697 5510 das.
715 5454 746 5512 in
760 5455 805 5512 ed.
