3984 6034
81 189 139 244 229
728 183 1083 248 uuistuom-musi.
1103 184 1206 246 tnvtl.
1785 189 1839 249 230

82 343 155 382 suos
183 326 387 389 conculcando,
419 326 507 381 sedet.
535 325 599 396 lpse
625 325 713 381 ctiam
739 326 837 380 orunio
860 342 934 380 nora
953 333 1066 395 Aaou,
1092 326 1187 397 ipsum
1215 330 1357 395 coercent,
1383 341 1418 380 ue
1447 331 1523 381 terra
1551 325 1641 383 uimio
1665 329 1768 385 ardore
1785 345 1837 384 suo

81 415 169 480 iacit3
199 417 267 486 quia
293 421 325 469 ut
352 431 386 471 cx
408 415 504 486 prima
528 415 648 469 materia
677 431 777 469 omnes
799 421 937 470 creaturae
990 416 1149 482 comburet,
1171 414 1289 487 ipseque
1319 431 1407 486 aquas
1433 416 1614 487 constringit,
1644 435 1679 473 nc
1706 419 1763 474 illae
1786 435 1839 491 par

81 520 138 574 per
162 505 282 559 verbum
304 505 353 559 liei
382 501 596 572 (certioremur)
626 502 806 574 procedendo
826 502 934 556 illumi·
989 502 1258 558 immoderationem
1293 503 1458 574 pluviarum
1494 508 1600 559 terram
1639 505 1836 577 submergant.

82 596 162 646 natae
186 595 270 658 sunt;
292 591 934 662 atsicutprimoshomodelimoiormatus,
991 589 1065 644 Deus
1093 603 1208 661 quoque
1234 589 1348 660 igneam
1378 589 1602 645 rationalitatem
1626 591 1741 659 animae,
1772 607 1837 664 quae

82 679 231 750 spiraculo
260 678 326 733 ritae
353 679 382 732 in
412 693 529 733 carnem
555 683 584 732 et
613 679 784 749 sanguinem
810 683 936 734 mutatos
989 677 1165 749 spiraculum
1181 677 1246 732 vitra
1261 681 1314 746 est,
1342 677 1455 732 homini
1470 693 1557 750 quem
1577 678 1759 746 formaverat,
1784 679 1838 734 im·

83 773 136 835 est,
165 767 207 822 sic
235 767 324 823 etiam
355 767 442 822 homo
463 771 606 837 peccator,
629 782 681 838 per
710 767 935 822 misericordiam
990 766 1078 835 misit,
1094 767 1236 838 perquod
1257 766 1288 821 in
1315 782 1401 821 carne
1427 771 1456 820 et
1483 767 1633 838 sauguine,
1654 768 1732 824 velut
1758 769 1838 824 cibus

85 856 150 910 lilii
175 856 236 924 usi,
253 857 305 928 qui
328 857 359 910 in
380 855 487 911 throno
502 873 555 911 suo
575 856 664 923 sedet,
685 872 750 910 cum
766 855 936 926 punitentia
989 855 1165 927 perignem,
1186 855 1365 910 confortatur
1386 858 1414 909 et
1441 855 1590 911 solidatur.
1618 857 1723 912 Anima
1751 857 1837 912 etiam

84 949 269 1014 peecatorum
289 960 407 999 suorum
430 948 593 1011 renovatus,
613 959 705 998 nurus
716 942 848 998 eltlcitur.
867 943 935 997 Βεε·
989 958 1042 1013 per
1054 957 1167 1014 corpus,
1183 949 1211 999 et
1225 959 1327 1014 corpus
1349 959 1400 1016 per
1416 943 1542 999 animum
1558 949 1709 1014 operatur3
1725 950 1753 1000 et
1775 945 1837 999 aui·

84 1032 336 1100 tusenimbomo,
352 1047 439 1104 quem
454 1032 761 1086 heustabernaculum
781 1030 936 1103 Sapientiae
991 1032 1179 1088 maviriditas
1202 1032 1398 1104 commiscet,
1428 1037 1457 1088 et
1482 1033 1522 1086 sic
1550 1033 1653 1104 plenus
1677 1032 1763 1089 homo
1779 1033 1837 1089 exi·

83 1137 150 1175 cnm
169 1121 355 1176 sensualitate
378 1120 509 1191 quiuque
530 1133 666 1174 sensuum
692 1118 768 1186 iecit,
799 1118 935 1190 usquein
989 1119 1048 1187 stit,
1064 1119 1094 1175 in
1116 1137 1174 1193 quo
1201 1121 1286 1192 ignis,
1315 1135 1390 1193 aqua
1416 1125 1444 1176 et
1468 1136 1594 1192 aquosus
1621 1137 1671 1176 aer
1695 1127 1839 1193 suut,per

83 1209 175 1264 tinem
208 1209 276 1264 rite
304 1225 365 1264 sure
390 1223 457 1262 cum
486 1206 591 1262 sanctis
618 1207 767 1262 desideriis
792 1207 936 1263 bonorum
990 1223 1055 1280 que
1069 1209 1130 1280 ipse
1146 1209 1297 1265 humidum
1317 1209 1525 1281 spiramentum
1546 1209 1663 1264 attrahit
1679 1215 1708 1264 et
1720 1210 1836 1266 emittit.

84 1313 221 1368 operum,
248 1304 278 1353 et
304 1312 371 1351 cum
385 1295 479 1350 esurie
493 1294 624 1366 justitie,
651 1311 684 1350 ac
704 1294 935 1351 dulcissimarum
989 1297 1069 1353 Siout
1090 1297 1167 1352 enim
1183 1299 1226 1352 sol
1251 1297 1288 1353 de
1308 1298 1462 1352 constituto
1477 1298 1540 1352 loco
1568 1302 1638 1353 rotie
1668 1297 1767 1353 circuli
1782 1297 1837 1366 sui,

83 1387 237 1451 virtutum,
264 1384 369 1458 quibus
397 1399 545 1455 nunquam
570 1383 691 1438 saturari
707 1388 810 1454 potest,
834 1383 934 1439 deno·
989 1401 1055 1440 cum
1071 1385 1170 1441 mobili
1197 1391 1281 1442 vento
1303 1401 1355 1458 ρετ
1382 1386 1506 1442 calorem
1535 1387 1679 1442 radiorum
1709 1402 1837 1455 suorum,

83 1475 173 1528 ritate
191 1473 394 1528 innoritatem
411 1488 462 1544 per
481 1471 604 1543 gratiam
629 1471 678 1526 liei
702 1488 817 1543 semper
836 1487 935 1526 ascen·
989 1489 1089 1530 omues
1115 1474 1188 1530 sires
1207 1481 1236 1531 et
1276 1477 1395 1530 virtutes
1417 1490 1483 1529 suas
1525 1475 1652 1546 perlicit3
1683 1475 1723 1530 sic
1750 1475 1838 1530 etiam

83 1563 141 1629 dit;
163 1567 192 1617 et
217 1563 258 1616 sic
282 1561 318 1617 ad
347 1561 470 1631 gloriam
498 1559 743 1615 incommutabilis
770 1559 847 1627 vitae,
870 1575 935 1631 quar
990 1563 1138 1618 rationalis
1167 1564 1263 1618 anima
1280 1563 1311 1618 in
1337 1579 1457 1634 corpore
1483 1578 1548 1617 eum
1571 1563 1836 1634 humidospiromi·

83 1651 148 1704 sine
166 1650 261 1716 tedio,
278 1655 307 1704 et
320 1650 381 1704 sinc
407 1649 466 1703 tluc
485 1663 601 1718 semper
615 1652 720 1712 manet,
738 1647 933 1718 ieliciterper·
955 1633 1037 1715 Bnra,
1054 1667 1233 1723 quecunque
1248 1653 1318 1719 volt,
1334 1652 1434 1719 dictat;
1454 1657 1482 1706 et
1497 1668 1530 1706 ea
1546 1652 1576 1706 in
1590 1659 1732 1722 creatura,
1748 1670 1835 1725 quam

81 1739 191 1794 reniet.
213 1739 259 1794 Sic
278 1738 357 1792 enim
384 1738 460 1792 Deus
474 1753 566 1808 usque
591 1737 627 1791 ad
654 1736 843 1791 novissimum
859 1736 936 1792 diem
990 1755 1044 1810 per
1068 1740 1291 1794 rationalitatem
1315 1739 1471 1811 cognoscit,
1488 1743 1632 1810 operatur.
1649 1741 1753 1796 Anima
1768 1757 1836 1796 vero

81 1830 186 1882 omnia
213 1843 287 1881 nora
319 1826 396 1894 iacit,
433 1841 500 1897 quae
528 1830 624 1880 autem
652 1830 718 1895 post
744 1824 935 1879 notissimum
991 1833 1021 1882 et
1041 1844 1146 1899 corpus
1165 1828 1838 1900 cumsiugulisviribusctnomiuibus,qusm-

80 1919 163 1972 diem
178 1932 244 1972 cunr
269 1914 397 1987 potentia
419 1919 448 1969 et
472 1912 665 1985 possibilitate
687 1913 935 1982 suaiacerevelit,
991 1917 1145 1971 admodum
1161 1932 1226 1971 caro
1254 1922 1284 1971 et
1309 1914 1424 1986 sangnis
1448 1931 1539 1970 uuum
1564 1921 1640 1982 sunt,
1658 1917 1836 1988 acpertria,

81 2007 114 2060 in
145 2004 209 2060 sola
237 2005 330 2076 ipsius
357 2002 476 2058 scientia
505 2007 583 2070 suut,
617 2017 681 2056 eom
701 2001 935 2069 boatilromines,
991 2005 1099 2061 scilieet
1140 2019 1192 2076 per
1228 2019 1332 2075 eorpus
1368 2007 1396 2057 et
1437 2001 1574 2071 aninram,
1616 2005 1837 2060 rationalitatem

81 2095 135 2166 qui
160 2095 192 2149 in
218 2093 357 2166 predicta
384 2094 510 2147 novitate
540 2089 683 2156 virebant,
711 2089 742 2144 in
761 2089 880 2144 citharis
908 2094 937 2144 et
990 2093 1077 2148 homo
1106 2093 1254 2165 porricitur
1279 2097 1308 2147 et
1334 2095 1479 2163 operatur.
1510 2091 1574 2161 lpsa
1603 2092 1840 2163 namqueauima

81 2182 277 2254 symphoniis,
306 2198 340 2236 ac
367 2181 398 2235 in
423 2197 493 2235 sono
521 2179 652 2234 omnium
673 2179 936 2238 laudumincon-
990 2182 1042 2237 toti
1057 2181 1169 2252 corpori
1183 2196 1213 2236 se
1228 2180 1365 2249 iufundit,
1385 2185 1414 2235 et
1437 2195 1502 2235 cum
1528 2179 1721 2234 rationalitate
1736 2181 1766 2235 in
1789 2180 1838 2234 illo

82 2277 184 2343 spectu
201 2271 250 2325 hei
279 2269 418 2341 gandium
441 2268 574 2324 omnium
601 2267 773 2337 gaudiorum
793 2267 855 2321 siue
878 2267 937 2322 ilua
990 2272 1149 2342 operando,
1167 2274 1283 2341 gustum
1306 2273 1334 2322 ct
1360 2267 1569 2323 nutrimentum
1598 2267 1653 2339 ipsi
1678 2267 1837 2324 ministrat:

82 2361 244 2416 habebunt
272 2360 394 2414 Oserre
418 2357 506 2412 etfili
530 2356 592 2425 liei,
614 2356 683 2426 quia
704 2355 765 2427 ipse
787 2356 819 2410 in
841 2356 936 2426 primo
990 2359 1079 2413 acitu
1105 2360 1204 2428 bouso,
1232 2357 1328 2413 omnis
1357 2361 1488 2412 creatura
1507 2361 1559 2424 est,
1587 2372 1674 2428 quam
1700 2357 1760 2428 ipsc
1788 2373 1840 2428 per

82 2450 206 2504 homine
230 2453 257 2503 te
282 2445 424 2514 formavit,
447 2445 530 2501 stude
545 2449 575 2499 ut
591 2459 643 2516 par
657 2443 859 2500 abstinentiam
873 2461 935 2499 car·
991 2446 1214 2501 rationalitatem
1237 2447 1289 2500 scit
1304 2451 1333 2500 et
1357 2444 1512 2515 cognoscit,
1539 2449 1567 2499 et
1591 2460 1656 2516 quoe
1682 2459 1715 2499 ex
1732 2461 1837 2517 praece-

81 2539 198 2592 nalium
220 2536 429 2592 desideriorum
453 2536 484 2589 in
499 2534 604 2589 sanctis
631 2533 782 2588 desideriis
810 2540 839 2587 et
853 2534 936 2588 honis
990 2541 1041 2606 pto
1059 2533 1108 2588 lici
1122 2549 1172 2605 prr
1199 2534 1297 2589 omnia
1324 2534 1350 2588 ei
1366 2533 1480 2588 subdita
1503 2538 1554 2588 est.
1580 2533 1654 2588 Dens
1669 2535 1746 2589 euim
1763 2534 1839 2606 ignis

81 2627 223 2697 operibus
250 2625 280 2680 iu
315 2623 425 2680 coelesti
452 2623 609 2679 Jerusalem
635 2623 852 2677 tahemaculum
882 2622 935 2676 tibi
991 2623 1190 2689 oecultusest,
1205 2638 1291 2694 quem
1310 2637 1396 2676 nemo
1412 2621 1578 2678 mortalium
1598 2621 1738 2694 inspicare
1754 2625 1838 2678 valet.

80 2716 187 2785 iacias,
210 2722 239 2771 et
267 2720 299 2769 ut
313 2713 516 2787 pulcherrimis
528 2711 660 2766 fenestris
675 2727 727 2783 per
740 2711 866 2765 esuriem
883 2711 935 2782 ju·
991 2712 1045 2767 Sed
1070 2710 1165 2783 angeli
1189 2710 1239 2781 qui
1268 2711 1347 2780 ignei
1377 2715 1453 2776 sunt,
1481 2710 1567 2764 etiam
1592 2710 1707 2781 igneam
1736 2711 1837 2766 taciem

80 2805 172 2860 stitire
186 2810 216 2858 at
229 2802 377 2859 eharitatis
399 2801 450 2857 hei
464 2816 599 2868 exomes;
621 2800 699 2872 quia,
716 2805 749 2854 ut
762 2799 866 2854 dumus
884 2815 938 2872 per
991 2816 1106 2872 semper
1120 2800 1288 2872 inspiciunt,
1318 2804 1346 2854 et
1374 2798 1512 2871 splendor
1538 2799 1640 2866 Patris,
1663 2799 1750 2855 Filios
1765 2801 1838 2872 ejus,

79 2895 226 2948 fenestras
247 2892 416 2960 illustratur,
447 2891 489 2946 sic
506 2889 594 2945 ctiam
609 2903 661 2960 per
686 2888 857 2943 alteritatem
872 2903 932 2943 om·
953 2891 1027 2968 0⁶⁶
1039 2889 1120 2961 eujus
1136 2889 1319 2958 indumento,
1347 2887 1424 2960 quod
1450 2892 1565 2958 tempus
1579 2888 1676 2955 hahet,
1691 2889 1839 2961 propheta

80 2999 136 3037 nes
164 2982 285 3037 virtutos
314 2980 517 3036 illuminantur
558 2983 586 3033 et
613 2980 836 3049 cognoscuntur.
865 2976 936 3032 Vide
989 2976 1220 3050 prophetabant;
1249 2981 1279 3032 et
1304 2977 1354 3048 qui
1383 2991 1497 3048 semper
1526 2975 1587 3030 sine
1615 2980 1745 3047 tempore
1772 2981 1839 3031 ante

81 3071 174 3126 etiarn
190 3075 223 3124 ut
244 3069 445 3125 tribulationes
468 3085 539 3140 quas
562 3068 705 3138 patienter
715 3065 844 3133 sufferas,
862 3080 936 3137 quo·
990 3081 1083 3120 aarum
1102 3079 1167 3119 cum
1183 3065 1266 3119 Patre
1282 3062 1346 3132 tuit,
1374 3066 1404 3118 nt
1418 3062 1540 3118 ioannes
1556 3065 1733 3135 Evangelista
1753 3070 1839 3120 testa·

80 3159 166 3214 niam
194 3174 248 3229 per
266 3173 315 3212 eas
346 3172 469 3229 queque
496 3156 617 3211 virtutes
640 3155 670 3209 in
698 3160 727 3208 te
746 3154 937 3225 elegantiores
990 3159 1048 3218 tur,
1064 3155 1179 3209 dicens:
1208 3155 1245 3208 In
1258 3151 1404 3225 principio
1426 3155 1490 3208 crui
1508 3153 1644 3221 Verbum,
1660 3157 1688 3208 et
1715 3154 1840 3209 Verbum

81 3248 267 3314 efficiuntor3
290 3253 320 3301 at
341 3245 406 3301 ride
423 3252 454 3300 ut
468 3245 555 3310 etiam
570 3244 698 3300 incordc
720 3249 771 3298 tuo
785 3243 936 3314 pulchram
989 3246 1054 3298 erut
1077 3241 1156 3315 apud
1188 3246 1272 3299 neam
1298 3244 1398 3315 (Jourr.
1421 3242 1451 3314 ι).
1483 3242 1537 3298 Sed
1565 3242 1689 3298 Verbum
1717 3242 1795 3315 quod
1810 3243 1839 3297 in

80 3338 222 3406 formam,
249 3336 284 3391 de
310 3349 368 3406 qua
385 3334 435 3390 tihi
461 3333 531 3403 dixi,
564 3336 647 3388 earrte
665 3331 819 3399 custodias,
833 3338 936 3404 quate·
989 3333 1134 3405 principio
1158 3332 1236 3404 apud
1260 3331 1349 3386 heum
1375 3336 1447 3398 erat,
1473 3331 1508 3387 de
1522 3331 1608 3404 laria
1621 3331 1731 3404 virgine
1746 3333 1840 3386 incer·

81 3442 139 3481 uus
152 3425 218 3496 ipsa
228 3423 260 3478 in
274 3423 383 3478 celesti
398 3422 554 3478 ierusalem
570 3420 673 3476 luccat.
990 3426 1101 3489 natum,
1118 3422 1181 3475 fons
1195 3420 1275 3475 ritus
1290 3421 1440 3491 processit,
1471 3420 1522 3492 qui
1537 3436 1637 3475 omnes
1665 3421 1696 3475 in
1723 3437 1752 3476 sc
1776 3435 1839 3475 cre·

119 3515 154 3568 ln
170 3527 237 3566 ιειε
250 3510 372 3578 risione,
389 3525 476 3582 quam
508 3510 536 3565 in
561 3509 659 3564 anima
673 3524 738 3563 mea
752 3507 937 3584 vigilantibus
989 3511 1091 3566 dentes
1112 3527 1188 3583 aqua
1216 3509 1283 3564 vitre
1302 3509 1403 3578 reiicit,
1416 3509 1662 3582 quemadmodum
1677 3509 1738 3582 ipsa
1754 3509 1838 3566 dicit:

81 3593 178 3649 oculis
207 3604 323 3662 semper
363 3591 458 3659 video,
494 3605 560 3645 cum
583 3589 671 3645 modo
702 3589 885 3660 septuaginta
909 3593 938 3645 ct
991 3598 1142 3665 qutnme
1156 3597 1396 3669 medigstumina
1414 3597 1449 3652 de
1466 3599 1563 3653 venire
1576 3599 1640 3668 ejus
1648 3597 1742 3670 fluent
1760 3615 1841 3670 aquae

81 3676 335 3730 triumannorum
364 3669 430 3736 sim,
456 3686 473 3724 a
496 3670 609 3725 virente
628 3669 937 3724 lumineadsoriben-
988 3686 1057 3743 „rw
1089 3687 1263 3757 (JWJH),
1290 3687 1353 3756 1993
1379 3686 1466 3740 ,qam
1497 3701 1549 3757 pe,-
1575 3686 1839 3758 inexstinguibilem

82 3757 158 3810 Μ
173 3753 235 3808 hoee
261 3751 348 3806 ''⁰¹⁹¹'‘
371 3753 561 3805 ⁰⁰³⁰¹⁸³⁰m²
592 3749 665 3804 ⁰⁰⁰⁵
692 3748 772 3802 *ivm
791 3747 856 3803 ‘⁰⁰⁵
883 3753 936 3816 ⁰⁸³¹
991 3777 1088 3848 ignem
1106 3775 1232 3841 lteitutis,
1261 3789 1376 3829 omnem
1392 3773 1489 3846 ignem
1514 3775 1659 3844 spurcitiae
1674 3775 1840 3848 exstinguit,
1865 3773 1869 3794 '

81 3834 138 3904 ‘1¹¹5
168 3847 259 3902 aqum
286 3829 391 3896 mih
417 3828 533 3899 (ΝΜΟ
556 3827 743 3898 9⁰¹⁸V⁰sb¹¹m
758 3826 832 3896 Μ’
849 3826 936 3882 dni&
991 3865 1141 3937 quisenta
1166 3880 1257 3919 aarum
1273 3863 1302 3917 in
1318 3863 1615 3934 Patragenitoserat,
1632 3863 1713 3933 cujus
1736 3863 1839 3918 voluu-

81 3912 174 3968 riam
199 3907 453 3979 luminariuiden.
482 3906 513 3978 r),
542 3914 595 3961 etc.
622 3906 690 3971 Once
718 3903 936 3961 luminariaiir-
1050 3951 1055 3963 .
1292 3951 1297 3962 .
1554 3951 1560 3962 .
1713 3951 1718 3962 .

80 3995 278 4055 mammam,
304 3988 394 4042 soqem
418 3984 536 4054 scium,
562 3985 663 4039 lunam
692 3989 721 4038 e,
748 3984 845 4039 stan„
868 4000 937 4056 po„
991 3952 1249 4009 tasrndumentum
1273 3950 1401 4023 ejusdem
1427 3951 1491 4006 llrlu
1518 3967 1562 4005 sur
1592 3951 1767 4006 eternaliter
1784 3949 1839 4006 ha-

80 4076 158 4137 tant,
172 4076 202 4125 at
217 4085 283 4141 quac
307 4067 456 4138 speculum
472 4065 641 4121 eorumdem
657 4065 844 4119 luminarium
858 4068 936 4130 sunt,
989 4040 1064 4097 bust-
1087 4041 1165 4096 ¹d0m
1191 4056 1308 4113 ‘l¹¹⁰(l¹¹⁰
1336 4039 1422 4095 Fumi
1438 4039 1489 4095 ⁰⁸5
1501 4039 1543 4141 ‘in
1558 4039 1640 4111 “1⁰1⁵
1655 4057 1684 4096 ⁵0
1699 4039 1839 4111 hiliizffl

81 4153 225 4226 quoniam
255 4151 351 4206 radim
379 4165 445 4204 ³⁰0,
472 4149 504 4202 jn
527 4163 574 4202 ω
598 4147 726 4202 mittunt,
757 4148 821 4218 lpse
849 4147 935 4204 etiam
990 4130 1091 4198 voluit,
1110 4129 1159 4186 ubi
1186 4145 1252 4185 eum
1280 4134 1399 4201 paterna
1413 4145 1465 4184 ror
1480 4129 1617 4184 dilectum
1635 4129 1738 4184 Filium
1754 4145 1839 4184 suum

81 4231 242 4304 splendens
256 4229 332 4301 ignis
350 4244 383 4283 ac
399 4227 545 4283 aeternitas
559 4231 626 4280 ante
649 4242 742 4281 eriam
757 4230 817 4293 est;
831 4225 862 4281 in
877 4242 935 4299 quo
955 4205 1109 4288 DiMaiilt.
1125 4233 1165 4287 m,
1181 4219 1259 4290 xvir),
1276 4217 1326 4290 qni
1342 4223 1513 4273 ontearum
1540 4218 1744 4273 maternitate
1773 4234 1839 4273 cum

81 4313 184 4382 imago
204 4325 267 4374 sua,
291 4307 506 4363 scilicetiorma
530 4303 667 4372 hominia,
683 4321 798 4376 semper
818 4311 935 4361 etsem·
989 4307 1054 4378 ipso
1069 4312 1140 4375 erat,
1166 4310 1304 4373 testatur,
1333 4311 1362 4361 ct
1389 4307 1439 4379 qni
1465 4322 1518 4377 per
1542 4307 1701 4378 speciosam
1716 4305 1839 4362 iormam

82 4417 136 4473 per
151 4399 215 4453 sina
229 4403 361 4468 tempore
377 4393 508 4449 radiavit.
989 4395 1177 4451 humanitatis
1197 4411 1266 4462 aue,
1290 4411 1389 4450 omues
1415 4395 1548 4450 inimicos
1576 4411 1650 4464 suos,
1667 4395 1718 4468 qui
1740 4400 1840 4452 contra

119 4490 213 4544 llomo
236 4486 326 4554 euim,
343 4499 429 4556 quem
457 4483 493 4539 od
507 4483 665 4554 imaginem
679 4487 704 4537 et
720 4482 936 4538 similitudinem
990 4501 1057 4540 eum
1085 4499 1216 4556 pugnare
1241 4484 1351 4552 volunt,
1377 4484 1564 4540 conculcabit.
1595 4486 1625 4538 ln
1654 4485 1736 4556 aquis
1761 4485 1838 4540 enim

81 4594 168 4634 suam
198 4573 343 4641 iormarit,
371 4589 443 4645 opos
463 4587 547 4628 suum
562 4577 590 4627 et
605 4572 809 4628 indumentum
822 4571 938 4627 Deitatis
989 4588 1101 4628 memor
1116 4577 1187 4642 erat,
1203 4572 1348 4646 quomodo
1363 4573 1427 4627 illas
1443 4589 1495 4644 per
1514 4572 1636 4628 verbum
1654 4589 1739 4628 suum
1755 4589 1838 4629 crea-

82 4683 145 4722 suae
159 4670 213 4731 est,
226 4665 278 4737 qni
300 4661 459 4718 secundum
485 4661 649 4716 Creatorem
670 4675 755 4715 suum
779 4659 935 4732 operando,
990 4662 1039 4724 rit,
1055 4677 1142 4732 super
1170 4677 1241 4733 quus
1272 4661 1390 4733 spiritus
1406 4660 1521 4716 homini
1536 4662 1597 4733 (qui
1613 4662 1693 4716 virus
1709 4661 1838 4744 ionsest)

80 4757 120 4812 nd
136 4754 296 4810 utilitatem
314 4766 405 4816 suam,
421 4749 685 4821 quomodocunque
698 4749 832 4816 volucrit,
845 4749 938 4804 utitur
989 4749 1136 4806 terebatur
1151 4750 1233 4822 (Gen.
1249 4749 1278 4819 ι),
1302 4750 1351 4822 qni
1379 4765 1427 4804 eas
1450 4749 1539 4805 morit
1557 4755 1586 4806 et
1600 4749 1690 4806 liuere
1708 4750 1786 4818 iecit,
1799 4751 1840 4805 ita

81 4849 229 4902 ereatura.
249 4842 287 4896 lle
303 4839 406 4895 limosa
435 4853 563 4909 namque
590 4841 619 4891 et
641 4837 937 4908 aquosaterrabomo
990 4838 1068 4910 quud
1086 4854 1201 4893 omnem
1219 4838 1435 4894 immunditiam
1450 4839 1600 4907 mundant,
1616 4844 1645 4894 et
1660 4839 1839 4910 nullumpn·

81 4935 256 4990 ereatusest
270 4926 375 4999 (ibid),
387 4942 452 4998 quae
463 4940 518 4996 per
531 4924 684 4980 humorem
696 4939 850 4997 aquarum,
864 4938 937 4996 quas
988 4927 1131 4984 tredinem
1154 4927 1184 4982 in
1208 4943 1238 4982 εε
1266 4928 1414 4984 continere
1438 4933 1582 5000 poterunt.
1612 4929 1688 4982 Deus
1713 4942 1839 4997 namque

80 5027 148 5098 ipsa
171 5021 293 5094 obtegit,
321 5036 354 5076 ac
381 5019 509 5092 pondere
535 5033 587 5072 suo
602 5021 749 5089 aggravat,
764 5015 935 5072 infunditur.
989 5015 1199 5072 humanitatem
1232 5031 1313 5072 suam
1344 5017 1491 5071 diabolum
1514 5014 1624 5081 celavit,
1657 5031 1745 5087 quem
1773 5031 1838 5071 com

80 5121 176 5188 Aque
199 5126 268 5166 reru
299 5125 365 5165 cum
391 5109 487 5164 calore
513 5107 592 5176 solis,
621 5106 671 5179 qui
702 5105 776 5161 inira
797 5106 936 5161 circulum
989 5121 1096 5178 magna
1111 5104 1295 5161 multitudiue
1309 5105 1517 5161 diabolicorum
1536 5105 1691 5175 spirituum
1712 5105 1746 5160 de
1768 5103 1838 5161 coelo

81 5209 158 5260 rotoe
184 5215 246 5255 sua
271 5198 425 5271 quamdam
458 5195 616 5268 imaginem
643 5194 739 5262 hahet,
768 5198 798 5248 et
820 5194 870 5265 qui
885 5209 938 5266 per
990 5195 1094 5266 dejecit
1122 5195 1187 5262 (Iro
1214 5195 1282 5265 xiv),
1321 5193 1507 5266 ipsorumque
1533 5209 1697 5261 numerum,
1725 5193 1838 5250 diabolo

80 5306 230 5366 aquosum
253 5286 497 5344 acremhumidus
523 5290 577 5352 est,
601 5283 939 5356 totamtarrampcriun·
989 5283 1152 5356 ignorante,
1180 5297 1246 5336 enm
1288 5282 1378 5337 beatis
1413 5281 1580 5337 hominibus
1612 5283 1776 5355 complevit.
1806 5283 1841 5338 Et

82 5384 176 5448 dont;
194 5383 225 5434 et
240 5379 324 5432 itase
339 5375 461 5432 invicem
484 5372 677 5441 admiscendo,
694 5372 791 5427 omnia
804 5373 938 5444 germina
990 5372 1031 5426 sic
1047 5372 1120 5427 heus
1143 5385 1196 5442 per
1220 5385 1318 5426 casum
1343 5368 1423 5437 Adra,
1453 5370 1567 5426 ruinam
1587 5369 1696 5428 diaboli
1718 5370 1840 5446 (quiex

82 5469 255 5546 proterunt3
271 5471 300 5521 et
327 5481 420 5538 aque,
440 5479 505 5536 que
533 5463 683 5536 speculum
710 5461 841 5533 ejusdem
868 5461 936 5516 sotis
991 5465 1052 5517 toto
1072 5459 1204 5533 perditus
1230 5461 1285 5530 ost)
1302 5457 1457 5531 reparabit.
1474 5458 1561 5516 Filius
1588 5461 1674 5516 etiam
1692 5461 1829 5532 hominis,
