3984 6034
119 297 156 350 oa
502 375 506 384 .
858 293 950 354 virt.
971 325 1007 336 -
1024 293 1091 350 tie.
1111 293 1135 350 i.
1835 276 1874 350 st

121 427 214 484 lentis
228 427 386 502 conspicui,
401 426 544 484 creatoris
556 429 652 482 tamen
671 427 757 483 donis
775 443 831 482 nou
854 427 971 499 ingrati,
990 425 1120 484 hiabat.
1142 425 1196 482 Sed
1223 426 1361 500 quoniam
1387 441 1454 482 rasa
1476 426 1558 500 liguli
1580 427 1686 500 probat
1707 425 1818 495 fornax,
1843 429 1874 481 et

122 518 212 574 tiliam
227 518 467 590 praenominatam
483 517 579 573 diuino
594 516 744 574 famulatui
758 516 971 589 manciparunt,
1026 515 1117 570 virtus
1131 515 1161 570 in
1177 515 1344 570 infirmitate
1358 514 1515 587 perficitur,
1531 531 1590 570 nou
1612 515 1765 571 doluerunt
1787 514 1814 570 ei
1836 515 1873 572 ab

122 621 157 661 eo
173 607 251 678 quod
262 606 323 678 jain
340 605 466 661 ineuntis
480 605 572 661 etatis
588 605 650 676 ejus
665 610 839 678 praematura
853 604 972 660 sinceri·
1026 605 1090 677 ipsa
1103 604 1163 666 iere
1177 604 1300 660 infautia
1315 603 1408 659 crebri
1422 610 1452 659 et
1466 621 1539 677 pene
1553 604 1683 660 continui
1699 605 1872 676 languorum

122 699 167 751 tas
188 693 225 749 ab
245 693 324 750 ouini
346 694 503 749 carnalium
527 692 697 751 habitudine
717 695 841 750 multum
862 693 973 750 dissen-
1028 693 1150 761 dolores,
1173 693 1213 748 ita
1233 698 1266 748 ut
1287 692 1394 765 pedum
1422 693 1533 750 incessu
1562 708 1680 764 perraro
1708 697 1838 747 uteretur
1863 707 1871 748 ε

121 785 179 839 tire
209 783 362 839 videretur.
393 785 453 840 llos
482 798 618 854 uimque,
648 790 679 839 ut
710 788 821 856 poterat
850 785 973 855 primani
1027 787 1140 837 etcum
1155 786 1214 836 tota
1230 782 1323 836 carnis
1343 782 1461 836 materia
1480 781 1616 850 lluitaret,
1632 781 1689 836 vita
1707 781 1873 837 illiusesset
1967 843 1971 848 ,

122 877 236 928 tentare
258 872 414 943 loquelam.
436 877 494 926 teni
518 871 610 927 serbis
634 888 722 944 quam
743 872 863 928 nutibus
884 871 973 945 signi·
1027 871 1160 943 quiedam
1192 871 1327 942 pretiose
1360 871 1459 926 mortis
1489 871 1595 942 imago.
1630 871 1776 936 Quantum
1805 885 1873 926 vero

123 961 229 1017 flcuhat
249 961 295 1015 his
314 961 364 1032 qui
382 961 456 1015 circa
480 976 509 1014 se
532 964 615 1015 eraut
634 966 806 1017 secretarum
831 959 972 1016 visionum
1027 959 1174 1015 exterioris
1197 958 1325 1015 bominis
1348 958 1456 1014 uiribus
1477 959 1586 1027 deerat,
1608 964 1720 1014 tautum
1744 957 1874 1014 interiori

124 1051 236 1122 species
256 1050 308 1120 (a),
332 1065 404 1120 quas
428 1054 533 1119 preter
553 1063 737 1104 communem
759 1049 868 1104 caeteris
891 1065 973 1120 ispe·
1027 1065 1080 1119 per
1104 1047 1238 1120 spiritum
1268 1048 1394 1104 scientie
1420 1065 1454 1103 ac
1481 1047 1658 1103 forhtudiuis
1687 1046 1871 1102 accedebat:

125 1143 215 1207 ctum,
234 1138 428 1209 speculatione
445 1153 560 1207 prorsus
575 1136 690 1192 insolita
710 1137 886 1193 intuebatur.
902 1138 972 1194 Cum
1028 1142 1066 1206 et,
1091 1152 1210 1208 corpore
1237 1135 1410 1203 tabescente,
1439 1135 1545 1192 mirum
1574 1135 1604 1190 iii
1633 1135 1753 1192 modum
1778 1134 1874 1190 fervor

126 1227 195 1300 [uis.
211 1227 346 1299 cumque]
359 1227 420 1298 jairi
442 1227 500 1281 lere
525 1233 599 1282 esset
619 1231 681 1281 octo
700 1215 854 1296 annorum,
874 1243 974 1283 conse·
1027 1225 1145 1298 spiritns
1158 1225 1342 1281 inaestuabat.

124 1317 263 1388 pelieuds
286 1315 411 1386 Christo,
440 1321 473 1370 ut
500 1331 565 1370 cum
593 1315 656 1386 ipso
684 1316 720 1372 ad
749 1315 975 1371 immortalitatis

125 1405 251 1476 gloriam
266 1409 439 1476 resurgeret,
456 1404 615 1460 recluditur
637 1403 668 1458 iii
689 1408 787 1459 monte
810 1404 905 1461 Sancti
927 1405 975 1460 iti-

127 1493 234 1560 sibodi,
254 1509 319 1548 cum
341 1493 389 1564 pia
414 1494 530 1564 [leoque
554 1491 655 1547 devota
676 1492 784 1548 lemine
805 1494 881 1548 tutta
907 1493 974 1567 [ms.

126 1581 251 1656 lnttba],
275 1598 341 1654 quai
365 1583 444 1637 illam
473 1583 525 1637 sub
550 1581 723 1638 humilitatis
750 1588 779 1639 et
805 1582 976 1639 innocentie

126 1677 207 1771 veste
233 1671 387 1771 diligenter
409 1670 589 1768 instituebat,
613 1676 643 1726 et
666 1671 840 1727 carmiuibus
863 1675 974 1728 tautum
994 1721 1016 1778 B
1030 1711 1166 1767 divinitus
1200 1728 1269 1767 voce
1292 1713 1327 1767 ad
1356 1728 1417 1767 eam
1443 1712 1515 1768 fam
1555 1716 1588 1767 ut
1615 1711 1650 1766 do
1678 1715 1782 1765 emm
1810 1724 1876 1780 qm

126 1759 269 1815 [iuridicis
296 1763 452 1827 instruens,
476 1776 507 1815 iii
535 1759 671 1830 psalterio
699 1760 874 1816 decachordo
897 1761 976 1833 jubi·
1170 1752 1177 1779 '
1519 1754 1526 1781 '

126 1849 189 1904 qm
221 1848 461 1920 pmmonstmba,
505 1847 646 1905 emtarum
679 1852 784 1920 βψω
815 1849 976 1922 simplicem
1029 1801 1141 1856 videret
1168 1805 1197 1856 st
1225 1801 1347 1869 audiret,
1371 1801 1494 1857 scribere
1517 1816 1576 1855 nou
1603 1803 1795 1854 cunctaretur.
1824 1797 1876 1852 llls

464 1888 471 1900 ’
950 1937 955 1948 .
1029 1905 1162 1961 seraper
1177 1887 1332 1944 lemineam
1347 1889 1559 1956 verecundiam,
1570 1885 1687 1958 etrulgi
1698 1884 1874 1958 vaniloquia,

125 1935 308 2006 Pfflimfflm
331 1935 474 2004 mistiam·
491 1935 601 1990 ”unm
617 1936 795 1992 ¹i²i⁰²⁸t⁰riae
816 1937 861 1992 ¹¹⁰¹
884 1953 976 2036 mun·
1029 1982 1059 2032 et
1072 1976 1227 2034 temeraria
1245 1977 1393 2032 hominum
1411 1976 1520 2050 judicia
1541 1974 1714 2048 trepidante,
1730 1989 1795 2029 cum
1810 1988 1876 2045 quae

124 2041 167 2080 ω
192 2025 262 2080 Τῇ,
285 2025 320 2079 ⁸¹³
346 2025 464 2080 immine
491 2026 621 2096 percepit
646 2025 818 2094 ‘mrim’
845 2041 976 2099 quam
1029 2072 1144 2122 ostensa
1180 2069 1248 2119 suut
1285 2065 1395 2121 coelitus
1431 2069 1557 2133 secreta,
1595 2063 1721 2120 revelare
1756 2061 1875 2117 stimulo

124 2114 191 2212 φ’
219 2116 330 2169 mim
349 2113 461 2212 impla
487 2128 542 2168 ¹¹⁰⁰
573 2129 683 2213 pm&
701 2118 730 2214 ei
758 2114 888 2214 quae‘im
915 2130 975 2169 ¹¹⁰⁰
1030 2156 1133 2210 acriori
1151 2159 1344 2212 coarctaretur
1367 2170 1426 2208 uon
1447 2154 1590 2220 hesitare,
1611 2153 1787 2223 tandemque
1805 2150 1875 2206 dum

124 2202 405 2302 inguaw'umnm'
423 2203 525 2256 verum
545 2201 598 2302 ¹¹⁰?
620 2209 878 2302 ²¹.¹p⁵¹.⁰⁵.p⁰¹i¹¹⁵
894 2202 976 2258 dmm
1029 2245 1117 2316 louge
1155 2243 1326 2316 egritudine
1368 2241 1509 2297 tabefacta
1544 2240 1744 2306 decubuisset,
1782 2237 1876 2310 primo

125 2307 158 2346 iu
171 2296 312 2390 promptu
325 2297 369 2345 est
384 2289 539 2346 declarare.
555 2293 602 2345 hit
616 2306 693 2346 euim
714 2306 755 2346 sic
773 2306 803 2392 ip
821 2291 895 2347 libro
912 2307 974 2360 suo,
1029 2333 1143 2388 cuidam
1166 2332 1318 2398 monacho,
1334 2347 1421 2404 quem
1441 2329 1497 2386 sibi
1520 2330 1691 2402 magistrum
1713 2341 1875 2400 proposue-

125 2395 179 2451 (ιω
191 2379 303 2434 sm
316 2383 495 2449 mmmm
511 2394 518 2433 ²
536 2400 549 2430 ‘¹
565 2378 636 2434 cum
652 2380 843 2451 qummgmn
853 2381 975 2436 dmm
1029 2427 1083 2490 rat,
1099 2427 1127 2478 et
1141 2437 1193 2493 per
1207 2437 1274 2477 euin
1289 2421 1385 2476 abbati
1400 2435 1462 2487 suo,
1484 2435 1550 2474 cuni
1572 2423 1652 2473 metu
1668 2421 1697 2472 et
1710 2415 1875 2472 humilitate

125 2482 283 2566 ’ΜΨ
312 2471 490 2566 ,ωρῑθωφκ
528 2467 672 2522 mensium
706 2483 807 2537 ⁰⁸⁸⁰m'
845 2468 975 2568 muium
1029 2527 1144 2566 causam
1169 2510 1255 2581 hujus
1281 2507 1389 2579 flagelli
1417 2508 1539 2579 aperuit
1568 2506 1621 2561 llle
1651 2504 1692 2559 rei
1720 2504 1876 2559 novitatem

124 2561 334 2611 coruscationis
355 2571 473 2626 igneum
499 2553 600 2610 lumen
623 2562 724 2627 aperto
749 2557 819 2612 cmlo
847 2571 974 2624 renisus,

123 2648 221 2698 totuin
249 2642 400 2699 cerebrum
427 2658 524 2699 meum
554 2644 718 2714 trauslndit,
748 2649 777 2700 et
798 2649 891 2700 totuin
914 2661 974 2714 cor,

124 2737 281 2804 totumque
296 2737 396 2804 pectus
411 2748 519 2798 meum,
541 2731 620 2788 uelut
639 2732 766 2800 llauima,
792 2749 849 2789 nou
866 2739 973 2802 tumen,

1063 1356 1090 1412 1.
1123 1356 1253 1428 Cumque
1285 1355 1317 1411 iu
1348 1360 1446 1412 sancto
1478 1355 1628 1428 proposito
1661 1355 1759 1410 multis
1791 1354 1875 1409 annis

1029 1461 1219 1513 succrescens,
1245 1446 1299 1501 soli
1327 1447 1385 1502 lleo
1413 1446 1593 1517 complacere
1622 1448 1773 1516 satageret,
1798 1443 1876 1515 jarn-

1030 1550 1086 1606 qne
1115 1540 1229 1607 tempus
1257 1535 1389 1602 instaret,
1419 1535 1496 1607 qnod
1524 1534 1560 1590 ad
1589 1534 1748 1589 multorum
1775 1547 1875 1603 prove-

1030 1628 1107 1678 ctum
1123 1623 1180 1678 vita
1195 1625 1258 1695 ejus
1276 1640 1309 1679 ac
1333 1623 1461 1679 doctriua
1484 1626 1651 1695 patesceret,
1676 1623 1876 1676 commonetur

1029 2599 1173 2655 insolitam
1203 2603 1298 2654 mente
1322 2601 1508 2668 pertractans,
1531 2609 1696 2667 quanquam
1722 2593 1780 2648 ileo
1803 2591 1876 2647 nihil

1029 2685 1207 2758 impossibile
1232 2701 1295 2741 esse
1320 2688 1513 2756 cognosceret,
1539 2682 1675 2738 adhibitis
1698 2681 1734 2736 de
1756 2679 1876 2751 collegio

124 2821 242 2889 ardens,
270 2820 320 2876 sed
348 2821 453 2883 calens·
483 2820 524 2876 ita
549 2819 749 2890 inflammavit,
779 2826 811 2879 ut
838 2823 881 2878 ,οι
914 2837 974 2877 mm
1029 2774 1275 2849 prudentioribus,
1295 2773 1500 2846 experiendum
1517 2771 1656 2843 judicavit
1675 2770 1752 2842 quod
1772 2768 1876 2825 audie-

124 2909 255 2982 aliquam
280 2908 418 2977 ealefacit,
445 2925 532 2980 super
555 2925 640 2981 quam
669 2910 764 2966 “dios
791 2927 857 2966 sum
883 2912 973 2983 ponit.
1030 2865 1078 2920 bat
1098 2881 1106 2920 t
1130 2881 1163 2918 ac
1187 2863 1221 2919 de
1243 2862 1391 2934 scripturis
1414 2868 1443 2917 et
1466 2859 1625 2916 visionibus
1653 2859 1714 2931 ejus
1742 2857 1876 2930 quaedam

336 2997 342 3008 .
629 2997 658 3010 ..
703 2999 708 3011 .
767 3001 771 3010 .
954 2998 959 3010 .
1031 2953 1199 3020 sciscitatus,
1224 2968 1258 3008 ea
1281 2967 1346 3023 quae
1373 2950 1556 3017 nausearet,
1582 2947 1695 3004 monuit
1719 2946 1874 3001 declarare.

124 2999 160 3052 lit
188 3002 306 3069 reperite
333 2997 510 3052 intellectum
540 3003 725 3068 expositionis
752 2999 904 3064 librorum,
933 3015 976 3052 ri·
995 3002 1090 3099 CMox
1115 3046 1148 3097 ut
1173 3040 1223 3097 illa
1249 3039 1393 3095 scribendi
1419 3055 1502 3110 opus,
1532 3037 1610 3110 quod
1638 3052 1696 3091 non
1726 3035 1875 3102 didicerat,

125 3085 231 3141 delicet
259 3086 398 3155 Psalterii,
430 3085 586 3158 Evangelii,
613 3090 641 3142 et
664 3087 788 3142 alioruin
815 3087 976 3145 Catholico-
1030 3130 1189 3197 meumst,
1210 3129 1347 3184 redeunte
1370 3126 1476 3183 virium
1501 3127 1556 3182 sibi
1578 3125 1664 3180 soma
1687 3123 1876 3196 possibilitate

1030 3218 1098 3293 [mr.
1123 3219 1287 3291 potestate],
1312 3217 1347 3272 de
1371 3218 1443 3271 lecto
1468 3213 1615 3286 languoris
1641 3213 1772 3284 erigitur.
1795 3212 1875 3267 'lunc

1029 3308 1127 3377 abbas,
1153 3311 1269 3380 accepta
1297 3305 1426 3362 inusitati
1454 3304 1585 3359 miraculi
1612 3301 1792 3368 certitudine,
1816 3315 1876 3354 uon

1030 3413 1082 3453 suo
1105 3401 1256 3451 contentus
1279 3394 1400 3466 judicio,
1424 3409 1485 3448 rem
1510 3391 1544 3447 ad
1572 3391 1717 3462 publicam
1741 3387 1875 3443 notitiam

1029 3486 1100 3541 vidit
1121 3486 1185 3557 [ms.
1202 3481 1354 3556 judicarit]
1373 3499 1434 3538 esse
1456 3482 1657 3553 proterendam
1674 3495 1681 3536 :
1698 3479 1876 3550 veniensque

1030 3574 1065 3629 ad
1082 3573 1230 3629 matricem
1253 3572 1350 3628 sedem
1374 3569 1572 3642 llognutinam
1592 3569 1657 3640 [nis.
1679 3562 1874 3639 llognutiaml,

1029 3678 1127 3718 coram
1156 3659 1314 3716 venerabili
1347 3658 1551 3728 archipresule
1580 3655 1701 3713 llsnrlco
1736 3659 1765 3710 st
1797 3653 1875 3725 capi-

1029 3751 1122 3808 taneis
1141 3751 1282 3817 Ecclesiae,
1304 3749 1382 3820 quod
1403 3752 1579 3820 cognoverat
1600 3745 1739 3819 exposuit.
1765 3743 1877 3813 Scripta

1176 3854 1239 3910 quae
1269 3838 1354 3909 llirgo
1383 3836 1465 3891 beata
1492 3851 1585 3908 nuper
1611 3833 1752 3900 ediderat,
1775 3837 1876 3888 osteu-

125 3191 213 3242 rum,
242 3179 302 3229 tam
330 3174 439 3230 Veteris
467 3190 553 3246 quam
588 3174 657 3230 Novi
689 3176 862 3232 Testamenti
895 3178 975 3234 volu·

125 3263 240 3318 minum
273 3262 441 3334 sapiebam,
477 3279 536 3317 nou
572 3265 668 3319 autern
705 3263 973 3344 interpretationem

126 3351 282 3406 verborum
304 3351 343 3422 (7)
367 3354 460 3407 textus
484 3366 596 3420 eorum,
622 3367 673 3406 uec
688 3351 865 3408 ,divisionem
888 3353 973 3426 sylla·

125 3440 250 3507 barum,
279 3455 332 3494 uec
361 3437 558 3510 cognitionem
589 3455 707 3495 omnum
735 3445 785 3495 unt
812 3445 975 3514 temporum

125 3526 312 3583 habebam.»

162 3617 189 3671 3.
216 3615 270 3671 Sed
294 3619 326 3670 ut
345 3615 379 3670 ad
405 3615 584 3687 propositum
608 3617 737 3686 redeam,
759 3616 839 3689 virgo
863 3617 975 3674 Christo

126 3709 193 3758 roto
228 3703 394 3760 monasticae
429 3704 617 3775 professionis
652 3709 681 3760 et
717 3705 789 3761 sacri
825 3706 975 3764 velaminis

126 3791 329 3848 benedictione
351 3797 483 3864 provecta
510 3791 572 3866 [ais.
600 3791 734 3867 perlecta]
763 3795 918 3864 crescebat,
946 3801 976 3852 et

126 3881 188 3936 ibat
211 3880 247 3936 de
269 3881 374 3937 virtute
396 3881 427 3936 iii
452 3882 597 3946 virtutem,
623 3882 771 3938 annitente
796 3887 825 3938 et
850 3899 975 3956 congau-
1029 3856 1147 3942 qi¹⁰q¹¹⁰

127 3969 215 4024 deute
243 3970 424 4041 provectibus
457 3971 518 4042 ejus
550 3983 640 4042 supra
669 3971 879 4042 prenominata
910 3973 973 4045 [ms.
1051 3934 1082 3984 ιι

128 4055 288 4131 nominate]
308 4063 398 4114 matre
419 4058 585 4127 venerabili,
610 4060 756 4131 quaejam
778 4075 812 4115 ex
836 4060 977 4132 discipula
1067 4066 1093 4118 5.
1121 4063 1175 4118 Per
1197 4060 1274 4116 ideni
1300 4064 1415 4131 tempus
1438 4063 1544 4114 sancte
1569 4059 1706 4114 ltomauie
1729 4054 1803 4110 sedis
1827 4069 1877 4109 sn-

128 4148 314 4219 magistram,
340 4163 372 4202 ac
399 4147 536 4219 praeviam
563 4147 730 4203 semitarum
759 4148 975 4220 excellentium,
1031 4151 1123 4220 tistes,
1149 4149 1239 4206 leticie
1263 4147 1411 4204 memorie
1434 4146 1590 4219 Eugenins,
1612 4145 1755 4200 celebrato
1779 4143 1876 4199 Remis

127 4251 193 4290 earn
227 4233 291 4290 lieri
323 4251 388 4291 cuin
422 4235 614 4291 admiratione
649 4237 792 4292 cernebat.
827 4237 978 4309 migrabat
996 4238 1187 4331 ¹,uniuersali
1215 4237 1337 4294 concilio
1361 4235 1410 4307 (8),
1435 4252 1488 4308 per
1514 4235 1722 4291 hdalberouem
1745 4232 1876 4288 Treviro·

126 4321 272 4394 siquidem
308 4323 338 4379 iu
375 4325 435 4396 ejus
473 4329 588 4395 pectore
620 4323 765 4380 charitatis
797 4325 977 4398 benignitas,
1032 4345 1096 4384 rum
1111 4327 1360 4398 archiepiscopum
1379 4325 1534 4380 devocatus
1557 4324 1622 4395 [ms.
1644 4325 1784 4390 vocatusl,
1808 4322 1876 4377 Tre·

127 4428 195 4483 quae
222 4411 336 4467 nullum
363 4429 380 4468 a
405 4429 457 4467 sua
481 4413 635 4468 latitudine
659 4414 834 4470 excluderet.
862 4416 976 4472 Turrim
1030 4416 1086 4473 riri
1105 4416 1280 4471 morabatur.
1302 4415 1399 4469 Visum
1422 4419 1465 4468 est
1485 4412 1615 4485 pontifici
1638 4410 1812 4482 lloguutine
1835 4409 1876 4464 ci·

127 4516 245 4572 quoque
275 4499 449 4572 virginitatis
477 4516 577 4556 murus
605 4501 741 4557 tuebatur
766 4502 939 4558 humilitatis
966 4516 974 4562 :
1030 4505 1126 4562 citetis
1148 4508 1176 4559 et
1202 4503 1359 4575 maj0ribns
1387 4502 1466 4570 cleri,
1490 4502 1524 4556 ad
1552 4499 1707 4572 Apostolici
1734 4498 1877 4569 cognitio-

127 4589 196 4644 hinc
215 4587 272 4644 cibi
295 4595 437 4661 potusque
461 4589 639 4660 parcimonia
659 4591 780 4646 restium
803 4590 909 4646 vilitate
933 4591 976 4647 lu·
1031 4610 1097 4650 nem
1121 4609 1183 4648 esse
1211 4591 1277 4666 [ma.
1307 4591 1342 4648 de
1363 4590 1408 4646 his
1429 4588 1502 4662 esse]
1527 4588 1712 4657 veniendum,
1734 4591 1877 4660 quatenus

128 4677 250 4732 uebatur
292 4693 299 4732 :
342 4677 409 4734 iude
451 4678 644 4750 tranquillitas
683 4678 776 4734 cordis
810 4679 977 4751 pudibunda
1030 4682 1121 4754 ipsius
1152 4681 1321 4736 auctoritate
1353 4685 1522 4736 nosceretur
1554 4678 1623 4749 quid
1655 4677 1692 4732 de
1722 4674 1878 4748 compertis

126 4765 242 4820 silentio
265 4764 331 4840 [ms.
353 4766 523 4838 pudibunda
544 4766 663 4839 silentii,¹
685 4783 718 4822 ec
739 4767 889 4823 verborum
910 4784 977 4840 par·
1030 4770 1227 4842 recipiendum
1247 4772 1298 4823 aut
1317 4766 1501 4823 refutandum
1517 4767 1600 4822 toret.
1615 4770 1652 4821 nt
1666 4781 1741 4837 papa
1754 4779 1876 4818 summm

125 4853 212 4908 citata
243 4854 457 4909 monstrabatur
483 4870 490 4910 ι
518 4871 584 4928 qnae
607 4855 704 4911 omnia
727 4860 889 4912 sanctarum
914 4873 976 4912 uio·
1031 4857 1221 4927 discretionis,
1246 4855 1348 4913 auditu
1371 4861 1458 4912 tauta·
1482 4854 1614 4912 ueritatis
1635 4853 1783 4918 attonitus,
1810 4867 1876 4907 cuin

127 4942 200 4997 uilia
227 4941 384 5011 virtutum,
411 4941 517 4997 summi
547 4942 686 4999 fabricata
717 4960 805 4999 manu
832 4945 976 5010 Artificis,
1032 4948 1090 5003 Deo
1118 4947 1203 5001 sciret
1226 4949 1329 5001 cuncta
1351 4961 1412 5000 esse
1435 4944 1595 5015 possibilia,
1619 4959 1680 4997 rem
1708 4940 1877 5012 diligentius

125 5031 270 5103 patientia
300 5036 395 5086 custus
416 5031 447 5086 iu
471 5047 575 5103 sponsa
597 5032 701 5089 Christi
722 5034 885 5089 exornanda
914 5049 977 5089 ser·
1031 5036 1203 5108 investigare
1229 5034 1365 5107 gestiens,
1391 5033 1586 5089 venerabilem
1617 5031 1737 5088 virduni
1763 5046 1876 5101 presu-

163 5209 200 5278 (b)
216 5207 256 5262 lle
275 5206 433 5262 visionibus
453 5206 563 5264 Seuctae
584 5208 619 5264 ab
638 5209 701 5278 ipsa
720 5209 841 5265 infantia
860 5213 977 5267 consuls
1032 5209 1063 5266 iii
1085 5208 1299 5267 Commentario
1321 5223 1401 5262 niiui.
1424 5210 1453 5262 ll
1478 5211 1506 5261 et
1524 5223 1603 5278 seqq.
1624 5205 1730 5264 Deinde
1744 5219 1824 5259 uuin.
1843 5206 1876 5258 io

125 5278 374 5360 Commentariun
390 5276 446 5359 52,
465 5278 514 5334 ulii
528 5278 617 5333 etiam
641 5296 722 5335 nuin.
750 5283 766 5335 e
790 5282 825 5336 de
847 5285 977 5354 tempore
1031 5281 1150 5352 probavi
1164 5280 1257 5408 ippum
1271 5280 1403 5351 adjutore
1418 5278 1557 5334 monacho
1572 5294 1653 5333 usam
1668 5293 1729 5332 esse
1744 5275 1780 5330 ad
1797 5290 1875 5331 com·

123 5366 185 5477 quo
210 5349 316 5404 tradita
337 5353 381 5403 est
406 5354 471 5404 ute
492 5350 657 5407 monastice
687 5350 739 5405 suli
770 5351 921 5423 disciplina
947 5355 976 5410 Β.
1032 5351 1165 5423 ponenda
1204 5367 1347 5422 perasiia.

142 5425 223 5476 uti&-
1068 5422 1104 5492 (a)
1120 5423 1185 5477 ruit
1201 5422 1344 5494 Eugenius
1361 5422 1397 5477 lll
1411 5419 1534 5476 Treuiris
1550 5419 1603 5473 sub
1620 5419 1709 5473 tinem
1725 5417 1792 5472 euni
1809 5417 1875 5471 titt

161 5491 200 5562 (7)
216 5489 307 5555 Quam
330 5489 500 5545 mirabiliter
523 5507 541 5544 a
566 5491 622 5545 lleo
641 5491 804 5548 illuminata
829 5493 925 5561 luerit,
950 5498 978 5549 et
1032 5498 1062 5548 et
1080 5509 1157 5548 auno
1180 5495 1248 5548 iiie
1269 5497 1335 5547 ante
1355 5491 1509 5546 concilium
1536 5490 1686 5556 Remense,
1711 5495 1742 5543 nt
1763 5487 1878 5542 ostendi

126 5567 201 5635 quot
220 5560 344 5616 stimulis
364 5561 401 5616 sd
421 5562 603 5618 scribendum
626 5563 755 5631 excitata,
777 5563 840 5619 iuss
863 5564 977 5621 ostendi
1033 5564 1063 5618 in
1076 5565 1236 5620 comment.
1253 5578 1334 5618 uum.
1349 5565 1395 5632 ti,
1411 5561 1460 5618 ubi
1472 5561 1537 5618 ride
1551 5559 1651 5616 omnia
1663 5560 1725 5616 brec
1738 5559 1877 5631 exposita.
