3984 6034
166 201 227 280 rra
346 248 351 255 ·
897 218 924 278 s.
946 214 1183 277 annunciante
1397 269 1401 274 ,
1869 214 1921 267 ur

167 370 226 427 quc
251 350 326 408 iilius
354 347 524 424 perditionis
545 348 648 405 veniet.
675 348 869 407 Convalescite
894 365 965 421 ergo
983 354 1013 405 et
1031 356 1051 409 ι
1067 356 1180 421 tempus
1194 364 1247 405 nec
1256 351 1437 403 momentum
1451 345 1532 402 vobis
1550 344 1587 402 de
1606 346 1661 401 hoc
1684 345 1839 403 sciendum
1863 350 1916 411 est,

167 440 378 507 confortamini,
394 439 475 494 electi
490 438 558 505 mei,
573 425 765 509 proscav'entes
778 456 815 495 ne
830 439 859 494 in
877 440 1012 511 laqueum
1066 439 1139 493 sicut
1162 454 1214 493 uec
1240 437 1312 509 qnid
1339 442 1406 509 post
1432 439 1543 507 septem
1566 435 1628 490 dies
1651 434 1847 491 hebdomadis
1872 435 1917 499 sit,

168 532 268 587 mortis
286 529 413 585 cadatis:
437 527 485 582 sed
517 527 781 601 victoriosissimum
802 529 937 585 vexillum
956 529 1012 583 ho·
1066 527 1138 582 scire
1158 526 1294 598 potestis;
1318 526 1365 581 sed
1389 526 1468 579 solus
1498 526 1583 579 Pater
1609 525 1666 579 hoc
1695 523 1784 590 norit,
1815 523 1920 595 quiet

168 636 233 675 rum
257 633 423 673 sermonum
446 616 565 683 elevate,
590 620 619 669 et
637 632 723 689 super
737 614 830 671 fllium
851 616 1014 689 iniquitatis
1065 616 1128 671 hmo
1146 616 1177 671 in
1196 630 1248 670 sua
1270 618 1408 686 potestate
1427 613 1532 685 posuit.
1555 614 1594 669 lle
1616 612 1717 667 diebus
1738 613 1822 667 enim
1848 612 1918 667 heb·

168 709 251 765 ruite.
270 708 341 762 Nam
366 705 397 760 in
412 719 510 759 errore
526 703 694 759 semitarum
709 704 824 759 illarum
852 720 915 775 quae
942 720 1013 776 pre-
1066 703 1198 759 domadis
1218 707 1269 758 aut
1288 703 1324 759 de
1345 702 1524 773 temporibus
1549 707 1712 772 temporum
1737 701 1841 756 saculi
1862 718 1918 755 am-

168 798 288 851 currunt
297 798 325 849 et
339 792 554 863 subsequuntur
567 791 660 847 filium
669 791 850 864 perditionis,
865 808 952 863 quem
963 808 1014 847 vos
1065 794 1143 865 plius
1155 792 1219 860 tihi,
1233 792 1357 857 choma,
1373 790 1522 846 sciendam
1538 793 1663 845 nonest.

167 882 376 941 antichristum
404 878 575 935 nominatis:
600 879 719 951 vestigia
753 880 831 935 illias
856 880 1014 936 imitemini
1102 880 1156 936 Sed
1171 886 1236 953 post
1253 879 1382 952 quinque
1398 893 1534 934 numeros
1550 879 1649 933 saculi
1675 878 1804 933 coelestia
1832 879 1920 933 mira·

168 971 218 1045 qui
246 986 296 1025 vos
329 969 405 1023 uam
432 968 560 1023 veritatis
585 968 701 1024 edocuit
730 983 796 1023 cum
817 969 848 1023 iu
864 984 951 1024 carue
980 970 1012 1025 in
1066 971 1132 1024 cula
1150 970 1258 1025 mundo
1272 969 1364 1036 edidi;
1393 968 1467 1023 sicut
1487 973 1517 1023 et
1537 968 1568 1021 in
1586 968 1716 1039 quinque
1738 968 1846 1023 diebus
1868 967 1921 1021 alia

166 1058 275 1115 mundo
289 1072 354 1111 cum
369 1071 476 1127 magna
495 1056 658 1112 humilitate
672 1062 702 1112 et
723 1072 783 1113 non
798 1072 864 1112 cum
878 1058 1014 1129 superbia
1067 1064 1199 1114 creatura
1216 1063 1284 1115 ante
1307 1057 1451 1113 bominem
1473 1061 1567 1112 creata
1590 1056 1695 1126 iuerat,
1722 1073 1788 1129 quse
1806 1056 1920 1112 homiui

167 1148 308 1221 apparuit.
324 1146 427 1201 Audite
448 1160 517 1217 ergo
540 1149 569 1201 et
594 1145 758 1218 intelligite.
785 1146 909 1217 Spiritus
935 1147 1014 1201 enim
1068 1146 1196 1218 subjecta
1219 1140 1270 1201 est.
1294 1145 1341 1202 Sic
1361 1145 1448 1201 etiam
1478 1151 1507 1201 et
1529 1145 1680 1217 plenitudo
1697 1144 1867 1201 infidelium
1895 1150 1923 1200 et

166 1236 235 1292 dicit
253 1234 384 1289 Ecclesia
411 1234 447 1289 de
468 1238 597 1307 ternpore
626 1232 774 1290 novissimi
798 1234 914 1289 erroris.
941 1236 1015 1291 diors
1067 1235 1233 1291 iudaeorum
1254 1234 1359 1303 meret,
1378 1240 1407 1290 et
1427 1234 1541 1289 diversa
1565 1233 1719 1289 schismata
1736 1234 1920 1291 diversorum

166 1326 256 1381 uruat
271 1324 301 1380 in
316 1322 468 1379 Ecclesiam
484 1323 515 1377 in
534 1323 677 1396 ipsahora
691 1323 800 1378 cumin
829 1321 886 1379 tine
900 1338 1014 1395 tempo·
1068 1324 1212 1379 malorum
1226 1328 1287 1378 tam
1301 1323 1417 1395 gentilis
1430 1337 1519 1394 quam
1537 1322 1646 1377 ludoici
1660 1322 1760 1394 populi
1774 1322 1920 1378 efferbue-

168 1428 233 1468 rum
269 1411 449 1479 maledictus,
477 1411 686 1467 maledictionis
712 1411 799 1480 iilius,
824 1412 939 1481 veniet3
964 1412 1016 1484 qui
1068 1415 1145 1476 rant,
1169 1415 1198 1467 et
1227 1412 1272 1466 lex
1299 1426 1331 1466 ac
1358 1409 1509 1483 prophetin
1538 1409 1599 1480 jam
1627 1410 1810 1478 sudaverant,
1835 1415 1922 1481 atque

167 1506 210 1557 cst
228 1500 390 1556 maledictio
419 1500 663 1568 maledictionum,
689 1501 767 1556 velut
787 1500 866 1556 iilius
880 1516 962 1557 meus
983 1500 1015 1556 iu
1069 1515 1171 1555 omnes
1193 1499 1292 1571 populi
1309 1504 1370 1555 tam
1391 1500 1420 1554 iu
1437 1499 1522 1554 malis
1536 1514 1623 1572 quam
1638 1498 1677 1554 ‘in
1699 1498 1784 1554 honis
1806 1499 1922 1571 probati

167 1589 321 1661 Evangelio
350 1588 385 1643 de
419 1588 534 1643 civitate
559 1588 680 1659 pessimi
703 1589 808 1643 erroris
829 1594 953 1647 testatur
967 1589 1016 1645 di·
1070 1592 1162 1658 erant,
1188 1592 1343 1660 antequam
1359 1587 1528 1659 unigenitus
1555 1604 1638 1643 meus
1664 1602 1780 1643 carnem
1811 1588 1852 1644 de
1871 1589 1922 1641 vir·

167 1693 253 1733 cens:
269 1677 310 1731 Et
330 1678 361 1731 lu
384 1676 600 1748 Gapborooum,
619 1676 752 1748 trumuini
764 1677 899 1750 usquein
913 1677 1017 1734 culum
1035 1650 1056 1706 Β
1071 1677 1138 1749 gine
1150 1677 1316 1748 susciperet.
1335 1678 1406 1732 Nam
1419 1691 1486 1731 eum
1506 1676 1680 1732 mittendum
1695 1676 1849 1732 decretum
1864 1692 1921 1731 non

167 1762 365 1822 multaberis?
388 1780 478 1836 usque
499 1763 532 1819 ιιι
553 1763 702 1832 inferorum
728 1766 883 1821 descmdes
897 1766 1014 1838 (Mutila.
1069 1765 1164 1821 inerat
1176 1765 1233 1821 nisi
1255 1765 1413 1836 premissis
1432 1764 1566 1822 omnihus
1581 1765 1637 1834 his,
1653 1769 1685 1820 ut
1698 1765 1793 1821 omnis
1803 1765 1920 1836 justitie

166 1856 216 1926 ιι).
241 1854 301 1909 Hoc
321 1852 378 1907 tale
400 1859 461 1909 est:
491 1852 513 1908 0
537 1856 568 1908 tu
592 1858 707 1909 antrum
735 1853 907 1925 iniquitatis,
940 1853 1017 1909 iossa
1070 1854 1101 1909 in
1119 1855 1169 1909 illo
1190 1854 1372 1925 probaretur,
1400 1858 1430 1909 at
1456 1858 1491 1909 ut
1509 1853 1604 1909 omnis
1624 1854 1767 1925 injustitie
1799 1855 1839 1909 ab
1870 1854 1918 1909 illo

167 1942 362 2001 absconsionis
376 1942 511 2009 existens,
532 1946 562 1996 et
588 1943 647 1997 elas
673 1941 862 1998 simulationis
881 1942 1016 2015 hypocri·
1069 1942 1318 1998 scandalizaretur.
1332 1942 1414 2007 Quod
1429 1942 1454 1998 si
1476 1942 1564 1998 lilius
1585 1957 1666 1997 meus
1678 1941 1759 2014 prius
1782 1942 1918 2003 veuimst,

166 2038 263 2089 tarum
283 2031 401 2098 hahens,
426 2028 572 2103 quomodo
599 2030 629 2086 in
644 2032 755 2086 excelso
777 2031 920 2102 parietum
941 2035 1016 2087 stare
1069 2031 1123 2087 hoc
1155 2031 1237 2103 qussi
1259 2029 1431 2103 insipienter
1461 2030 1567 2086 iactum
1595 2029 1704 2099 luisset,
1728 2030 1808 2086 velut
1832 2031 1919 2086 homo

166 2136 273 2195 posses,
289 2136 355 2175 cum
385 2120 485 2175 oculus
510 2123 577 2174 tnus
600 2120 744 2191 nequities
767 2120 901 2175 vitiorum
925 2120 1015 2192 iuspi-
1069 2120 1119 2175 ille
1153 2119 1352 2191 imprudenter
1374 2118 1434 2190 agit
1464 2118 1514 2191 qui
1544 2117 1641 2190 iruges
1662 2134 1727 2173 suas
1760 2124 1919 2191 antequam

167 2210 233 2277 ciat,
245 2225 310 2281 quoe
323 2209 427 2264 ardens
440 2209 540 2263 lumen
559 2208 589 2263 in
612 2208 744 2267 sordibus
762 2207 952 2276 abscondunt,
969 2207 1016 2263 di·
1070 2212 1265 2264 maturescant
1278 2207 1415 2279 colligere
1431 2207 1502 2275 vult,
1516 2207 1561 2262 vel
1583 2207 1607 2261 si
1623 2206 1783 2263 incarnatio
1809 2208 1877 2279 ejus
1889 2206 1918 2261 in

168 2303 283 2353 centes:
315 2297 383 2363 Quis
412 2296 515 2352 similis
546 2302 588 2351 est
624 2296 776 2368 parricidae
804 2295 834 2351 in
861 2295 1015 2368 hypocrisi,
1068 2298 1165 2368 ipsum
1177 2295 1265 2352 linem
1289 2296 1391 2351 muudi
1412 2295 1499 2350 dilata
1521 2299 1617 2351 esset:
1644 2301 1713 2350 tnnc
1740 2296 1850 2367 raptim
1872 2312 1917 2349 ve·

168 2402 255 2458 quem
270 2384 349 2441 stulti
375 2385 584 2440 dominatorem
608 2384 770 2440 nominant.
801 2385 937 2456 Nunquid
958 2400 1015 2439 coe·
1068 2386 1144 2442 niret
1160 2386 1243 2459 quasi
1264 2386 1431 2457 sucepsille
1453 2385 1504 2457 qui
1523 2400 1587 2441 aves
1605 2384 1804 2441 iraudulentar
1831 2386 1917 2456 cepit,

167 2476 228 2531 lum
251 2474 282 2529 in
303 2473 450 2529 miraculis
478 2473 626 2545 signorum
647 2472 775 2541 habebis,
805 2488 870 2529 cum
892 2472 1015 2545 digitum
1068 2471 1127 2529 illie
1158 2474 1352 2529 nescientibus
1381 2472 1527 2544 quomodo
1558 2481 1617 2528 rete
1650 2471 1711 2543 ejus
1736 2473 1918 2530 intraverint.

167 2568 249 2619 tuum
264 2560 399 2616 barathro
414 2560 549 2631 intinges.
574 2558 749 2626 Quomodo?
763 2560 855 2631 Opere
878 2566 928 2616 tua
952 2560 1015 2617 iun·
1070 2561 1124 2617 Sed
1151 2562 1239 2618 Filius
1261 2578 1344 2617 meus
1362 2561 1440 2615 venit
1464 2562 1495 2615 in
1519 2567 1648 2631 tempore
1675 2561 1726 2616 illo
1750 2562 1832 2618 velut
1854 2577 1917 2618 cum

168 2652 238 2707 ditm
270 2650 376 2705 inferni
397 2653 504 2719 petent,
531 2649 562 2703 in
588 2649 671 2720 cujus
697 2648 850 2703 voracitate
880 2649 1016 2720 absorpta
1065 2649 1128 2721 jem
1150 2649 1212 2705 dies
1236 2656 1301 2721 poet
1323 2664 1430 2705 nonem
1462 2648 1500 2704 ad
1522 2664 1656 2720 vesperes
1681 2649 1786 2718 tendit,
1810 2650 1919 2707 scilicet

165 2738 292 2813 jacebis:
307 2737 347 2793 ita
362 2738 438 2809 quod
454 2737 541 2791 etiam
568 2736 830 2792 internusietorem
855 2737 937 2792 illum
952 2752 1016 2793 evo·
1069 2752 1134 2793 cum
1164 2739 1225 2808 jam
1253 2737 1379 2793 maxima
1405 2738 1510 2792 virtute
1529 2736 1586 2792 diei
1615 2737 1797 2808 abscedente,
1825 2740 1918 2810 frigus

167 2831 237 2896 met,
257 2827 358 2898 inquo
372 2825 497 2881 mundus
512 2825 733 2881 amaritudinem
756 2825 901 2881 mortisia
922 2825 1016 2897 perdi·
1069 2826 1169 2883 adesse
1194 2823 1313 2896 incipit:
1330 2825 1371 2879 ita
1396 2829 1460 2895 post
1488 2824 1618 2897 quinque
1645 2842 1783 2882 numeros
1815 2828 1918 2884 mnndi

166 2921 229 2971 tore
243 2915 439 2988 perditionum
460 2913 577 2969 videbit.
1034 2946 1055 3001 C
1070 2914 1159 2971 Filius
1174 2929 1256 2968 meus
1274 2914 1383 2969 mundo
1405 2914 1497 2969 adfuit
1518 2929 1584 2969 cum
1598 2915 1724 2970 mundus
1741 2916 1802 2986 jam
1827 2918 1865 2973 ad
1877 2931 1919 2970 oe

203 3004 257 3060 Sed
271 3006 355 3075 caput
381 3002 442 3057 sine
456 3007 556 3058 ventre
570 3006 600 3056 ει
614 3000 722 3073 absque
743 3002 854 3058 caeteris
876 3001 1015 3057 membris
1068 3018 1167 3058 casum
1191 3002 1290 3058 currit.
1317 3002 1392 3066 Quid
1407 3004 1498 3057 tunc?
1525 3004 1589 3075 lpse
1607 3004 1685 3059 enirn
1709 3004 1828 3060 veniens
1859 3021 1916 3061 me-

168 3107 298 3148 essenon
312 3090 404 3146 debet.
426 3090 517 3161 Caput
543 3088 672 3145 Ecclesiae
690 3089 776 3145 Filius
797 3089 848 3144 Dei
872 3096 924 3158 est,
945 3104 1014 3145 ven·
1069 3091 1178 3146 dullum
1204 3090 1276 3161 legis
1302 3091 1417 3161 aperuit
1446 3080 1496 3147 ubi
1526 3106 1632 3164 aquam
1662 3092 1732 3163 legis
1761 3092 1792 3147 in
1817 3093 1917 3148 vinum

166 3184 211 3235 ter
225 3183 253 3233 et
265 3181 369 3232 crotera
383 3176 512 3232 membra
529 3192 592 3247 qum
614 3183 785 3248 sequuntur,
811 3177 932 3233 Ecclesia
948 3192 1015 3234 cum
1069 3178 1216 3251 Evangelii
1231 3179 1383 3244 convertit,
1399 3178 1450 3235 ubi
1466 3183 1495 3234 et
1507 3178 1632 3235 maxima
1657 3179 1766 3235 iluenta
1777 3179 1916 3237 virtutum

167 3266 235 3321 tiliis
244 3264 304 3320 suis
319 3267 372 3319 est.
382 3263 504 3319 Ecclesia
529 3269 625 3319 autem
640 3264 771 3319 nondum
785 3264 816 3319 in
834 3264 971 3320 membris
986 3269 1015 3320 et
1068 3282 1204 3323 emanere
1219 3268 1295 3335 iecit,
1326 3269 1405 3340 qnod
1429 3273 1489 3323 tam
1513 3270 1684 3338 tempestive
1704 3269 1822 3325 veniens
1844 3286 1917 3325 com·

167 3352 277 3409 inflliis
296 3352 355 3407 suis
377 3351 503 3424 perlecta
524 3356 577 3420 est,
594 3350 642 3408 sed
662 3350 692 3406 in
716 3351 870 3408 novissimo
885 3351 931 3408 die
948 3368 1014 3410 cum
1068 3356 1177 3427 plevit3
1198 3362 1231 3412 ut
1253 3355 1448 3413 ecclesiastice
1467 3356 1587 3412 virtutes
1610 3372 1682 3428 quas
1704 3355 1827 3429 Spiritus
1854 3372 1917 3412 san·

168 3456 306 3499 uumerus
334 3441 492 3497 electorum
519 3440 698 3512 implebitur,
736 3445 806 3497 tuuc
828 3445 857 3496 ει
893 3442 1015 3499 Ecclesia
1068 3449 1131 3499 ctus
1149 3444 1277 3501 incendit
1301 3443 1394 3500 flrmis
1415 3445 1559 3501 radicibus
1582 3445 1612 3500 in
1626 3445 1792 3501 homiuibus
1807 3447 1917 3501 confor-

168 3533 256 3603 plene
265 3530 327 3586 erit.
350 3528 449 3585 Sedet
476 3533 544 3585 tunc
556 3530 585 3583 iu
616 3530 718 3585 ultimo
732 3530 778 3585 die
797 3530 922 3587 turbatio
936 3532 1015 3587 orbis
1068 3542 1208 3606 torculur,
1224 3542 1254 3593 et
1266 3543 1300 3594 ut
1314 3537 1463 3610 virginitas
1477 3553 1565 3609 quam
1580 3539 1611 3592 in
1628 3554 1659 3593 εε
1678 3538 1742 3609 ipso
1763 3540 1874 3605 attulit,
1888 3540 1916 3593 iu

167 3626 311 3677 terrarum
340 3618 404 3674 flet:
433 3633 498 3673 cum
532 3634 586 3690 ego
615 3619 691 3674 Deus
722 3622 845 3690 quatuor
871 3620 1015 3675 elementa
1068 3626 1239 3699 dignissima
1274 3626 1406 3697 germine
1433 3625 1539 3682 iturum
1564 3625 1721 3698 pullularat
1755 3632 1785 3681 er
1813 3627 1916 3683 arrasa.

88 3726 89 3729 *
167 3710 293 3776 abluam,
315 3722 381 3763 curn
401 3706 454 3763 illo
477 3706 554 3779 quod
582 3707 703 3763 mortale
728 3707 759 3761 in
782 3722 867 3763 carne
889 3707 1014 3763 hominis
1067 3718 1157 3771 retur,

166 3802 260 3867 estet
275 3802 344 3853 tunc
357 3797 387 3851 in
413 3797 659 3852 consummatione
687 3795 785 3851 saculi
812 3797 931 3868 plenum
946 3812 1016 3868 gau·
1104 3803 1160 3859 Sed
1180 3802 1300 3857 insanus
1324 3800 1480 3869 homicida,
1510 3801 1589 3858 iilius
1614 3802 1723 3858 scilicet
1746 3803 1918 3875 perditionis

165 3887 246 3943 diurn
263 3884 366 3941 sobolis
381 3884 513 3939 Ecclesioe
531 3884 595 3941 erit.
621 3884 657 3940 Ut
680 3884 758 3940 enim
772 3885 942 3957 pradictum
959 3890 1013 3954 est,
1067 3891 1099 3946 in
1112 3890 1281 3947 brevissimo
1292 3889 1693 3962 temporeveniet3cumjam
1705 3890 1766 3947 dies
1778 3891 1914 3959 abscedit,

166 3976 197 4031 in
212 3990 260 4030 sex
276 3972 377 4030 diebus
391 3972 512 4045 perfecit
523 3973 598 4028 Deus
613 3988 700 4045 opera
714 3989 774 4029 sue.
794 3972 927 4039 Quinuue
941 3974 1014 4042 dies,
1068 3978 1128 4033 sole
1141 3978 1172 4033 in
1195 3993 1326 4033 οεεεειιω
1349 3979 1454 4035 latente
1477 3978 1610 4034 videlieet
1634 3994 1700 4035 cum
1726 3979 1916 4037 novissimum

166 4064 296 4136 quiuqm
311 4062 425 4117 numeri
440 4060 538 4115 saeculi
552 4065 630 4129 sunt,
648 4060 678 4116 in
692 4067 771 4118 sexto
788 4076 862 4117 nova
876 4062 1015 4119 miracula
1068 4071 1182 4137 tempus
1194 4065 1254 4137 jam
1266 4067 1344 4122 cadit
1356 4071 1386 4122 et
1398 4066 1523 4122 mundus
1537 4072 1668 4123 tenorem
1691 4083 1777 4124 enum
1791 4068 1916 4136 deserit;

165 4148 298 4207 interris
324 4149 476 4221 propalata
491 4152 557 4204 sunt
578 4149 657 4204 velut
674 4150 705 4206 iu
732 4154 810 4206 sexta
829 4150 874 4206 die
903 4151 1014 4222 primus
1068 4156 1122 4212 hoc
1136 4158 1233 4210 autem
1260 4154 1469 4225 testimonium,
1497 4155 1628 4211 ofldeles
1655 4157 1723 4224 mei,
1757 4158 1866 4226 audite,
1889 4163 1918 4214 et

167 4241 255 4295 homo
269 4237 410 4293 iormatus
437 4239 490 4292 est.
505 4236 560 4293 Sed
583 4252 661 4292 nnnc
675 4242 772 4293 sextus
795 4253 934 4294 numerus
947 4238 1012 4295 fini·
1031 4241 1142 4299 llillad
1163 4244 1264 4299 devote
1279 4244 1315 4299 ad
1329 4246 1470 4300 cautelam
1492 4249 1618 4301 vestram
1640 4244 1804 4318 intelligite,
1818 4262 1855 4302 ne
1870 4264 1918 4303 ro

168 4334 212 4383 tus
225 4332 268 4384 est
281 4330 311 4382 et
329 4326 482 4382 deventum
497 4330 541 4381 est
568 4326 598 4381 in
613 4326 767 4398 septimum
796 4342 967 4396 numerum
983 4328 1015 4385 in
1068 4332 1113 4389 his
1137 4332 1331 4389 nescientibus
1350 4348 1432 4389 error
1454 4333 1546 4406 ipsine
1565 4333 1718 4406 perditoris
1733 4340 1853 4406 repente
1868 4354 1915 4391 ve-

167 4432 225 4489 quo
244 4430 321 4472 nunc
341 4430 440 4470 cursus
456 4413 556 4470 mnndi
570 4414 647 4470 velut
661 4414 692 4469 in
707 4415 828 4486 septima
843 4414 889 4471 die
902 4416 1015 4488 requiei
1068 4422 1160 4491 niens,
1176 4421 1208 4476 in
1222 4423 1338 4477 ruinam
1346 4421 1524 4478 infidelitatis
1538 4426 1567 4476 et
1580 4422 1753 4493 perditionis
1766 4439 1818 4478 vos
1840 4440 1915 4496 pra·

166 4502 278 4577 positus
300 4506 352 4568 est,
375 4500 444 4573 quia
469 4500 552 4557 lahor
575 4500 625 4557 ille
652 4516 739 4573 quem
762 4501 844 4574 prius
868 4502 1015 4559 fortissimi
1067 4506 1328 4583 cipitatilndevos
1341 4515 1451 4566 minate
1466 4516 1495 4567 et
1513 4510 1765 4568 adsalidissimsm
1788 4528 1917 4585 pugnam

165 4592 295 4649 d0⁰l⁰r⁶⁵
318 4590 349 4644 it!
370 4588 567 4661 Ριῦῑῦῐιᾶίῑιῐθ
581 4590 742 4645 clausorum
770 4589 932 4661 Sigillorum
949 4607 1014 4647 ³⁸11·
1067 4599 1122 4654 hoc
1136 4600 1224 4657 modo
1238 4597 1413 4655 fidelissimis
1434 4600 1645 4656 munitionibus
1659 4602 1844 4672 praemoniti:
1865 4617 1917 4659 scs

165 4686 277 4735 ciarum
313 4677 528 4749 scripturarum
563 4678 746 4734 hahuerunt:
782 4677 867 4735 modo
897 4684 1015 4750 apertus
1066 4691 1237 4759 proparate.
1266 4688 1338 4744 eum
1356 4688 1434 4743 enim
1462 4692 1577 4760 tempus
1601 4688 1673 4745 illud
1695 4690 1844 4746 advenerit
1857 4706 1916 4762 quo

164 4768 288 4824 existens
306 4770 405 4838 aperte
434 4766 623 4837 proferendus
643 4772 696 4834 est,
716 4766 747 4822 in
771 4766 885 4823 leuitate
908 4768 1014 4824 verhn·
1066 4776 1261 4846 nequissimns
1284 4775 1334 4832 ille
1370 4776 1505 4848 deceptor
1545 4777 1724 4834 horribiliter
1755 4778 1915 4851 apparebit,

165 4872 231 4913 rum
246 4857 324 4913 velut
346 4853 435 4911 rerha
456 4854 543 4925 hujus
569 4854 637 4911 libri
656 4858 732 4921 sunt,
747 4856 829 4926 quasi
843 4856 873 4910 in
892 4856 1014 4929 septima
1066 4863 1218 4920 merevilla
1231 4878 1297 4935 quae
1311 4864 1400 4921 istum
1421 4864 1552 4922 {grimm
1573 4866 1605 4922 iu
1619 4866 1760 4923 mundum
1775 4868 1916 4939 parturies

163 4944 269 5019 quietis
284 4944 340 4999 die.
356 4942 408 4999 Sex
427 4942 506 4998 enim
521 4942 583 4999 dies
598 4942 693 5015 operis
716 4949 793 5013 sunt,
819 4944 941 5017 septima
963 4960 1013 5001 re-
1067 4953 1221 5024 apueritia
1243 4967 1295 5008 sus
1308 4954 1340 5009 in
1366 4953 1489 5026 puellari
1517 4959 1602 5011 aetate
1629 4956 1780 5013 diabolicis
1804 4957 1915 5012 artibus

163 5034 244 5107 quisi
257 5036 309 5089 est.
327 5034 469 5089 Numeros
485 5031 597 5088 dierum
623 5031 769 5088 aliusnon
784 5036 838 5102 est,
864 5034 942 5105 quod
964 5049 1012 5089 su·
1066 5041 1153 5113 plena
1165 5041 1252 5109 vitiis,
1272 5042 1303 5098 in
1322 5042 1437 5099 deserto
1466 5042 1635 5115 abjectionis
1656 5044 1733 5101 inter
1746 5044 1916 5101 nefandissi·

163 5127 260 5197 pereat
273 5121 371 5189 tibio
392 5120 492 5185 nomo,
517 5118 668 5197 sciendum
694 5134 751 5176 oon
764 5125 825 5190 retr
851 5122 901 5177 aaa
916 5122 947 5177 iu
971 5138 1014 5179 so·
1066 5146 1129 5187 mos
1143 5130 1276 5186 nomines
1295 5132 1422 5187 enutrita
1436 5137 1489 5200 sss,
1513 5132 1554 5189 ior
1581 5133 1750 5205 poenorum
1764 5133 1829 5204 ejus
1850 5150 1913 5191 eam

163 5214 241 5267 ertit>
270 5210 363 5266 Ρᾶῑιίθ
391 5214 445 5265 0⁵²·
471 5208 525 5265 50⁶
540 5224 601 5278 ¹⁰³,
624 5208 799 5275 ⁰h⁰mi⁰032
824 5209 860 5266 (1⁸
880 5212 1012 5283 tempore
1065 5218 1270 5290 nescientibus,
1300 5236 1353 5277 nac
1377 5220 1435 5276 illis
1467 5236 1534 5278 cum
1562 5222 1669 5293 quibus
1696 5226 1830 5278 moratur
1849 5240 1912 5280 eam

161 5299 233 5355 hoc:
263 5304 377 5371 tempus
403 5303 569 5371 temporum
600 5300 631 5354 in
661 5312 747 5354 cursa
777 5302 873 5353 vestro
900 5298 1012 5370 habetis
1065 5308 1231 5375 scientibus,
1242 5309 1382 5381 quoniam
1390 5309 1521 5379 diabolus
1530 5325 1595 5369 eam
1609 5310 1678 5367 illuc
1689 5310 1732 5367 irs
1746 5312 1912 5382 persuadet,

163 5392 319 5460 antequem
346 5386 492 5443 homicida
522 5386 571 5443 ille
589 5385 696 5455 veniat,
718 5385 769 5457 qui
794 5384 881 5443 fldem
895 5388 1013 5445 catholi·
1065 5394 1096 5446 ει
1117 5390 1160 5446 ihi
1180 5407 1244 5447 eam
1269 5392 1429 5449 secundum
1450 5395 1628 5451 volontatem
1644 5408 1725 5450 snam
1742 5392 1912 5465 decipiendo

161 5491 224 5533 cam
245 5480 408 5548 pervertere
426 5475 533 5547 cupiet.
548 5470 623 5541 Quid
645 5480 741 5533 autem
757 5476 861 5533 deinde
880 5476 944 5547 ilat3
958 5494 1012 5535 nec
1064 5480 1224 5553 componit,
1254 5480 1338 5553 quasi
1365 5482 1483 5553 augelus
1517 5487 1632 5539 suumne
1652 5483 1699 5539 sit.
1723 5482 1759 5538 Et
1777 5480 1846 5538 ideo
1863 5483 1912 5540 illa
