3984 6034
150 218 202 272 955
874 216 901 271 S.
921 217 1158 277 ermesendis
1845 220 1902 273 956

151 351 268 406 Etlleos
281 364 334 421 per
347 348 504 420 septimum
527 347 615 415 diem,
639 349 689 420 qui
714 347 802 405 Filius
815 349 878 422 ejus
896 355 949 417 est,
964 350 997 407 ia
1015 356 1038 409 Α
1052 352 1164 409 Scilicet
1178 355 1210 408 ut
1236 350 1405 407 interiorem
1433 348 1673 418 benedictionem,
1700 350 1732 407 id
1758 355 1801 407 est
1814 366 1904 407 eum·

150 453 208 509 quo
223 436 318 492 omnis
332 436 481 509 plenitudo
492 434 562 491 boni
573 436 670 507 operis
683 441 746 492 orta
755 441 809 505 est,
824 437 856 493 in
876 437 995 493 homine
1048 442 1113 496 dem
1129 440 1234 497 Filium
1247 440 1318 511 ejus,
1340 438 1391 511 qui
1405 439 1441 494 de
1467 438 1553 493 corde
1577 437 1668 511 ipsius
1687 438 1785 508 exivit,
1799 438 1899 495 imite-

149 524 258 581 bounm
269 540 343 596 opus
356 540 422 580 cum
439 524 574 580 omuibus
587 524 721 596 perlectis
741 525 897 583 virtutibus
919 542 997 581 com·
1048 534 1105 595 tur,
1123 534 1263 601 quatenus
1279 544 1331 599 per
1344 528 1474 599 exempla
1493 528 1566 597 ejus,
1582 528 1632 597 qui
1646 528 1702 583 lleo
1720 528 1797 583 Patri
1823 528 1899 584 obe·

149 614 357 686 plet‚utfaber
375 612 515 686 pretiosos
538 613 648 684 lapides
670 613 752 683 operi
766 630 818 669 suo
833 615 910 685 quod
936 614 994 669 lac·
1049 615 1231 672 diensiuatus
1257 618 1309 683 est,
1341 614 1479 671 advitam
1500 619 1669 671 revertatur.
1691 616 1723 669 ln
1737 616 1800 687 ipso
1824 631 1903 687 quo·

149 705 232 758 turus
246 706 290 759 est
304 701 438 773 imponit,
450 702 519 773 quia
528 702 626 757 omnia
639 703 716 758 boua
727 719 816 775 opere
828 702 993 769 inhomine,
1049 720 1106 777 que
1119 704 1238 760 homine
1249 704 1367 775 prelata
1385 701 1510 757 coelestin
1526 718 1614 773 opera
1643 703 1810 774 sanetilicat,
1830 719 1902 759 cum

148 791 199 863 qui
212 806 266 860 per
278 790 399 862 gratiam
409 790 501 847 sancti
518 790 641 863 Spiritus
649 795 793 861 operatur,
804 790 939 861 pleniter,
951 806 995 845 or-
1049 792 1092 849 illi
1106 808 1202 849 secam
1215 792 1337 863 gloriam
1348 796 1377 846 et
1390 791 1531 846 honorem
1548 792 1689 860 concedit,
1717 796 1749 846 ut
1764 791 1901 862 proximo

148 883 265 935 uantur.
280 880 359 935 l'uuc
373 879 461 935 etiam
480 880 553 934 lleus
566 878 598 934 iu
611 878 683 934 Filio
696 895 748 934 suo
761 879 798 933 ab
808 878 887 935 omui
907 894 995 950 opere
1049 896 1101 937 sao
1114 880 1343 952 unumquodque
1362 878 1501 945 debitum,
1527 894 1592 934 cum
1609 880 1732 934 voluerit
1758 878 1898 934 dimittat.

147 965 658 1038 requiescit,soilicetabopereilloin
670 966 995 1039 qooluomojampesie·
1048 972 1141 1038 Atque
1160 966 1195 1023 ab
1216 967 1269 1022 hac
1294 968 1377 1021 Pater
1397 982 1518 1039 operum
1538 965 1687 1023 severitate
1712 967 1773 1038 jam
1794 971 1900 1033 cessat,

147 1053 994 1125 otusest,qniaipsejuxtaopereiuFiliollei,quiseptimum
1049 1072 1106 1127 qua
1130 1060 1197 1111 ante
1220 1054 1450 1110 lucarnatiouem
1487 1053 1549 1109 Filii
1579 1054 1624 1109 sui
1645 1054 1758 1110 uallum
1782 1054 1900 1111 aoeleste

147 1158 219 1214 opus
233 1148 303 1205 erat,
321 1142 353 1196 in
365 1142 686 1212 uterollarimVirgiuis
699 1142 813 1213 operari
824 1142 996 1214 caepitlullt
1017 1188 1019 1198 .
1049 1160 1172 1217 reguum
1188 1142 1296 1199 intrare
1309 1141 1507 1213 permittebat;
1529 1158 1605 1197 nuuc
1622 1148 1718 1198 autam
1743 1142 1774 1197 iu
1794 1142 1900 1197 eodem

146 1229 295 1285 benedixit
306 1230 497 1302 dieiseptimo
511 1234 540 1285 et
551 1230 737 1286 sanctificavit
750 1230 843 1299 illum,
869 1231 938 1303 quia
964 1231 996 1285 in
1050 1231 1121 1286 Filio
1135 1247 1187 1286 suo
1211 1230 1363 1285 introitum
1381 1245 1573 1301 supernorum
1592 1230 1764 1301 gaudiorum
1784 1228 1901 1299 patcia-

138 1317 210 1390 ipeo
227 1324 386 1375 cessaverat
408 1319 445 1373 ab
471 1319 552 1375 omni
574 1334 662 1389 opere
685 1319 765 1391 quod
788 1318 896 1375 creavit
918 1320 995 1374 Deus
1049 1319 1097 1387 cit,
1120 1334 1184 1375 cum
1209 1318 1435 1389 unumquodque
1461 1317 1590 1373 debitum
1621 1316 1734 1373 homiui
1763 1317 1843 1389 quod
1863 1332 1901 1373 ex

146 1410 180 1462 ut
218 1406 326 1463 iaceret
361 1405 464 1479 libid).
481 1427 495 1457 a
539 1405 687 1463 Benedixit
723 1408 798 1463 Deus
838 1406 995 1478 septimum
1049 1405 1308 1471 cordeaoalitotur,
1324 1420 1376 1476 per
1390 1405 1524 1461 eumdem
1542 1405 1644 1461 Filium
1661 1420 1746 1477 suum
1763 1404 1899 1460 remittit.

147 1492 225 1549 diem
240 1494 271 1548 iu
285 1493 462 1565 perfectione
473 1494 616 1549 bonorum
631 1509 764 1564 operam,
780 1494 836 1549 hoc
847 1498 890 1549 est
903 1493 995 1550 homi-
1050 1494 1114 1548 llno
1127 1508 1195 1563 ergo
1211 1491 1303 1547 tidelis
1313 1490 1436 1548 lideliter
1450 1491 1603 1565 intelligat,
1620 1508 1673 1549 uec
1697 1492 1729 1548 in
1748 1491 1795 1547 hia
1813 1492 1899 1547 illum

147 1597 225 1651 nem,
242 1582 292 1654 qui
307 1582 471 1638 membrum
486 1581 551 1638 lilii
564 1583 627 1653 ejus
641 1581 723 1637 estin
737 1580 810 1653 ipso.
827 1581 995 1647 Quomodo?
1050 1581 1101 1653 qui
1110 1596 1193 1637 verax
1207 1585 1250 1637 est
1263 1584 1438 1635 contemnat.

775 1792 959 1881 PARS
996 1792 1266 1880 TERTIA.

835 1958 984 2033 VISIO
1023 1958 1203 2033 SEXTA.

147 2227 274 2302 Mystico
281 2226 353 2284 cisio
364 2224 567 2297 deaedidcioin
583 2225 702 2282 modum
716 2224 843 2283 multatis
865 2227 988 2296 ostenso,
1008 2225 1188 2281 ltierautee:
1213 2224 1287 2290 uuio
1306 2228 1349 2281 est
1368 2224 1422 2281 hoa
1438 2225 1518 2296 quod
1540 2223 1623 2279 fortis
1642 2222 1673 2281 in
1705 2222 1815 2281 uiribus
1833 2225 1896 2281 suis

180 2300 322 2355 demrmte
334 2294 646 2380 ᾳᾳοᾳνθθίφθωζοίπ
658 2296 711 2379 ξῑὶθ
723 2296 932 2379 'mmet
955 2297 992 2352 ‘2⁶
1045 2312 1169 2369 cecidit*l
1192 2314 1225 2367 Et
1242 2313 1282 2367 sic
1302 2312 1422 2369 eandida
1436 2328 1502 2385 pars
1526 2312 1655 2384 presiate
1680 2312 1765 2369 nabis
1786 2314 1896 2370 clarior

179 2369 397 2440 ”mmm
420 2367 557 2436 mm*
579 2368 703 2434 ’ΜΝ
716 2384 811 2441 'm'
826 2370 855 2423 θ’
880 2371 991 2425 “m
1045 2400 1151 2457 effulsit
1176 2417 1265 2473 quom
1280 2401 1362 2473 prius
1383 2376 1505 2470 lecisset,
1531 2417 1584 2456 nec
1608 2406 1703 2470 vento,
1728 2402 1779 2474 qui
1801 2401 1895 2458 tribue

178 2437 675 2511 inmmmawmiw'
1045 2490 1139 2545 modis
1160 2504 1262 2544 vocam
1284 2500 1402 2545 suarum
1432 2488 1576 2562 praedictae
1599 2490 1684 2546 uubis
1708 2489 1893 2562 nigredinem

1450 2577 1580 2633 resistere
1601 2578 1705 2649 potnit.
1725 2580 1894 2653 lterumque

180 2545 446 2602 1.miterumviui
464 2544 709 2618 quasiaujusdam
734 2560 848 2617 magnae
868 2544 990 2601 civitatis
1045 2578 1196 2649 dejocem,
1221 2578 1297 2633 ullus
1320 2578 1424 2633 amodo

144 2635 371 2691 instrumentum
388 2634 573 2706 quadratum,
589 2634 668 2689 velut
690 2633 817 2705 quodam
837 2632 990 2704 splendore
1043 2664 1248 2722 audivivocem
1259 2665 1295 2721 de
1309 2665 1380 2721 coelo
1396 2665 1538 2721 dimum
1556 2682 1563 2721 :

143 2722 358 2796 atquibusdam
373 2722 500 2780 tenebris
520 2722 603 2795 qnasi
620 2736 705 2781 maro
728 2720 919 2819 hiucetbinc
936 2719 990 2775 air·
1042 2756 1082 2810 De
1096 2753 1279 2825 prm-entia
1290 2752 1620 2825 dmm-mmet
1636 2752 1816 2810 ordinatione
1842 2754 1895 2810 Μ

144 2813 322 2881 cumdetum,
360 2827 392 2867 aa
421 2811 508 2867 etiam
539 2809 784 2882 quemadmodum
815 2808 988 2889 qmbusdam
1079 2824 1227 2880 amem,
1241 2824 1336 2879 omnia
1354 2824 1565 2895 mmm,
1581 2827 1608 2880 ,g
1629 2824 1661 2879 2¹„
1675 2828 1798 2897 tempo„
1823 2840 1894 2880 m,

142 2901 291 2957 montibus
305 2904 335 2955 et
349 2898 525 2972 imaginibus
539 2903 720 2954 exornatum.
745 2897 809 2952 Vidi
829 2912 944 2969 qaoque
958 2896 989 2951 in
1077 2898 1126 2951 cta
1139 2894 1275 2963 creantis,
1290 2897 1319 2975 et
1337 2910 1428 2967 opera
1441 2894 1597 2952 rationalis
1610 2900 1748 2952 creature
1760 2894 1895 2953 districto

143 2989 241 3046 medio
250 2987 398 3044 orientalis
412 2987 507 3060 plegae
519 2986 594 3057 ejus,
608 2985 691 3057 quasi
706 2988 832 3039 moutam
849 2996 989 3054 magnum
1076 2965 1187 3037 Μῑθῑθ
1202 2965 1405 3021 mimmii·

145 3076 340 3144 mausoleum,
354 3075 420 3130 deiri
435 3074 551 3146 albique
569 3072 682 3143 lapidis,
702 3072 776 3127 siem
789 3071 862 3143 ejus,
879 3070 915 3127 de
929 3087 988 3143 qao
1079 3072 1114 3127 ll.
1136 3072 1210 3127 Deus
1229 3072 1259 3126 iu
1285 3071 1465 3143 prescientia
1496 3086 1548 3127 sun
1571 3072 1671 3127 omnia
1703 3071 1792 3135 novit,
1818 3088 1891 3144 quo·

142 3164 218 3239 iguis
233 3163 356 3235 ejicitur,
377 3163 500 3218 formam
524 3161 689 3223 habentem,
711 3160 743 3215 in
766 3160 848 3231 cujus
866 3159 987 3215 summi·
1043 3158 1120 3215 uiam
1136 3165 1291 3232 autequam
1305 3165 1444 3215 creature
1463 3160 1494 3215 in
1509 3160 1610 3217 formis
1627 3160 1687 3215 suis
1704 3160 1818 3228 flerent,
1842 3176 1892 3215 eas

141 3258 200 3310 tate
213 3251 454 3321 relotspeeolum
478 3253 568 3305 tauta
583 3248 721 3304 claritatis
743 3252 773 3303 et
789 3248 924 3318 puritatis
941 3262 986 3303 ra·
1042 3248 1183 3320 prescivit
1199 3264 1251 3305 nee
1267 3247 1426 3322 quidquam
1450 3264 1517 3305 eum
1541 3249 1636 3317 latuit,
1654 3249 1765 3319 quoda
1785 3249 1893 3321 priuci-

142 3340 300 3413 splenduit,
312 3344 345 3395 ut
355 3339 442 3395 etiam
463 3337 646 3408 splendorem
660 3336 728 3392 solis
749 3336 886 3391 excellere
905 3335 988 3392 vide·
1041 3337 1090 3411 pio
1112 3338 1213 3394 muudi
1237 3354 1328 3410 usque
1351 3337 1385 3393 ad
1410 3338 1498 3393 duem
1514 3337 1576 3409 ejus
1598 3338 1741 3410 procedit.
1755 3340 1837 3405 Quod
1860 3344 1891 3395 et

142 3433 232 3494 retur,
246 3428 277 3483 in
304 3441 362 3498 quo
375 3425 464 3495 etiam
477 3425 557 3481 velut
576 3423 711 3480 columba
724 3424 858 3495 expansis
873 3424 924 3479 alis
940 3440 988 3495 ap·
1041 3442 1169 3497 praesens
1186 3426 1257 3481 visio
1293 3426 1440 3499 declarat,
1458 3426 1542 3482 Vides
1574 3426 1653 3483 enim
1682 3427 1764 3499 quasi
1789 3428 1887 3499 cujus·

141 3517 250 3591 paruit,
265 3514 348 3588 quasi
361 3515 398 3571 ad
412 3513 568 3570 volandum
583 3518 754 3586 praeparata.
772 3514 852 3570 ldem
872 3528 988 3585 quoque
1007 3514 1109 3574 Cdam
1143 3528 1255 3587 magum
1289 3514 1413 3570 civitatis
1442 3515 1667 3571 instrumentum
1701 3516 1889 3588 quadratum,

141 3606 290 3677 speculum
307 3602 522 3676 quamplurima
540 3603 651 3658 occulte
674 3601 811 3657 miracula
833 3601 865 3657 iu
878 3617 910 3656 se
934 3602 987 3658 ha—
1042 3604 1119 3677 quod
1135 3604 1268 3675 designat
1288 3604 1392 3659 divium
1416 3604 1677 3676 praedestinationis
1693 3620 1766 3676 opus
1788 3604 1891 3659 stabile

141 3695 223 3761 bens,
251 3691 408 3766 quemdam
431 3690 615 3762 splendorem
633 3706 747 3760 magnes
777 3689 937 3745 latitudinis
960 3693 989 3745 et
1042 3698 1070 3748 et
1089 3692 1217 3760 firmum,
1244 3694 1321 3749 velut
1343 3693 1470 3764 quodam
1496 3694 1648 3764 splendore
1672 3698 1701 3747 et
1715 3692 1891 3765 quibusdam

140 3781 302 3838 altitudinis
318 3780 354 3836 de
377 3796 408 3835 se
431 3779 591 3847 emittebet,
620 3778 651 3833 iu
672 3795 730 3851 qao
745 3779 838 3833 multa
851 3777 989 3850 mysteria
1042 3780 1179 3850 tenebris,
1209 3782 1291 3854 quasi
1320 3796 1403 3836 muro
1429 3780 1496 3837 hinc
1522 3785 1551 3837 et
1573 3780 1641 3836 hina
1666 3780 1888 3851 circumdatum,

140 3876 171 3927 et
196 3872 331 3943 plurime
353 3868 454 3925 formae
484 3868 662 3924 divermmm
686 3867 847 3939 imaginum
865 3882 987 3938 appare·
1043 3870 1111 3942 quia
1133 3869 1231 3925 ildelos
1248 3870 1284 3925 ad
1305 3869 1437 3941 gloriam,
1460 3868 1590 3925 inlidelas
1613 3874 1708 3925 autem
1730 3870 1765 3925 ad
1789 3885 1892 3941 paenas

142 3960 221 4017 baut.
235 3960 307 4015 Nam
329 3958 361 4013 in
377 3958 479 4013 eodem
508 3955 663 4028 splendore
683 3955 720 4011 nd
742 3956 899 4011 australem
922 3955 986 4027 pla·
1039 3958 1116 4031 J'usto
1138 3956 1249 4029 judicio
1272 3957 1308 4013 ab
1338 3957 1461 4013 invicem
1494 3958 1619 4030 separati
1647 3958 1834 4030 deputantur,
1857 3974 1892 4014 nc

141 4064 218 4120 gam,
234 4046 480 4119 quemadmodum
494 4042 585 4101 nubes
598 4044 731 4117 superius
744 4044 875 4110 candide,
893 4042 986 4099 subte-
1041 4046 1128 4103 etiam
1140 4046 1383 4118 quemadmodum
1402 4046 1576 4119 quibusdam
1599 4046 1747 4103 montibus
1761 4051 1791 4102 et
1814 4046 1889 4101 ima-

140 4137 201 4192 rius
215 4140 311 4191 autem
330 4133 415 4206 nigra
431 4134 598 4205 apparebat,
614 4149 702 4203 supra
721 4148 809 4204 quam
832 4133 911 4188 velut
923 4133 987 4204 plu·
1041 4134 1160 4208 giuibus
1175 4139 1355 4202 exornatum,
1372 4134 1456 4190 idest
1472 4135 1585 4207 magnis
1598 4134 1740 4207 prodigiis
1761 4135 1890 4191 miracu·

140 4223 215 4279 rima
231 4222 387 4279 multitudo
396 4221 564 4292 angelorum
578 4220 717 4293 lulgebet‚
731 4236 857 4292 quorum
868 4220 987 4293 quidam
1041 4224 1136 4279 loram
1151 4226 1180 4278 et
1193 4224 1335 4279 virtutum
1350 4224 1495 4279 munitum
1508 4228 1539 4279 et
1559 4224 1726 4293 exaltatum,
1749 4224 1888 4297 quoniam

140 4310 230 4383 ignei,
255 4310 374 4385 quidam
393 4309 473 4378 clari,
497 4309 616 4382 quidam
636 4314 668 4363 ut
690 4310 780 4365 atellae
804 4308 985 4378 videbantur,
1042 4314 1117 4368 Deus
1134 4310 1232 4367 omnia
1259 4326 1347 4383 opera
1376 4326 1427 4367 sua
1450 4328 1518 4367 sera
1552 4316 1581 4368 et
1605 4312 1682 4383 justa
1708 4312 1826 4375 iaciens,
1855 4328 1891 4367 ea

140 4399 190 4472 qui
205 4404 345 4455 etomnes
360 4416 377 4454 a
391 4398 516 4471 quodem
530 4404 616 4455 vento
631 4402 664 4454 ut
681 4398 815 4453 ardentes
838 4398 987 4469 lampades
1040 4405 1120 4456 tauta
1141 4400 1311 4457 fortitudine
1345 4400 1551 4469 corroboravit,
1587 4405 1617 4455 ut
1652 4401 1733 4455 nullo
1761 4398 1890 4472 impulsu

139 4486 255 4542 volante
270 4485 467 4553 movebantur,
482 4485 532 4557 qui
544 4485 641 4553 {etiam
660 4484 763 4557 plenus
784 4500 885 4539 vocam
914 4488 985 4553 erat,
1040 4487 1117 4542 illius
1144 4484 1270 4542 deiectus
1298 4487 1482 4543 exterminari
1515 4486 1636 4559 possint.
1673 4487 1756 4553 Quod
1791 4492 1889 4543 autem

140 4581 250 4647 quaeat
263 4574 611 4630 sonusmarissouabaat.
630 4574 664 4629 ut
683 4577 784 4628 reatos
805 4572 883 4628 idem
906 4588 987 4629 voees
1041 4578 1119 4633 velut
1140 4576 1170 4630 iu
1184 4576 1281 4631 medio
1300 4576 1448 4631 orientalis
1470 4576 1565 4647 plagae
1592 4576 1672 4632 vides
1695 4574 1778 4646 quasi
1802 4592 1890 4631 mou-

139 4680 206 4719 saes
232 4664 263 4719 in
289 4665 350 4719 selo
374 4679 426 4718 suo
453 4662 632 4729 extendebat,
649 4666 735 4734 atque
754 4678 806 4733 per
833 4662 929 4734 ipsum
955 4663 987 4717 in
1041 4668 1098 4719 tem
1113 4678 1250 4735 magnum
1277 4668 1306 4719 et
1322 4664 1466 4719 excelsum
1488 4664 1553 4720 duri
1577 4665 1693 4737 albique
1707 4664 1821 4737 lapidis,
1837 4666 1890 4719 sic-

139 4754 289 4826 praeiatam
317 4752 497 4827 nigredinem
532 4751 678 4823 predicta
704 4751 789 4808 uubis
809 4751 908 4823 iguem
932 4751 985 4807 mi·
1040 4757 1074 4807 ut
1087 4752 1149 4824 ejus
1176 4752 1210 4807 de
1235 4768 1293 4825 quo
1326 4750 1402 4824 iguis
1426 4752 1549 4823 ejicitur,
1573 4753 1696 4809 lormem
1723 4753 1888 4823 habentem,

140 4842 188 4908 sit;
207 4842 285 4897 uude
307 4841 357 4897 illa
382 4841 413 4896 in
429 4840 609 4912 nigredinem
638 4840 700 4895 sine
727 4840 845 4897 llamme
863 4841 985 4911 exarsit3
1003 4811 1095 4897 ”hoc
1116 4840 1247 4912 designat
1266 4840 1343 4913 quod
1364 4840 1395 4897 in
1412 4841 1583 4898 tortitudine
1600 4842 1722 4914 justitiae
1743 4844 1818 4898 Deos
1834 4849 1889 4911 est,

140 4930 189 4984 sed
209 4934 321 4985 etmox
340 4928 372 4984 in
400 4928 480 4984 illam
495 4926 584 4993 flavit,
599 4943 722 4999 eamque
734 4933 768 4984 ut
791 4930 915 4985 densum
937 4928 983 4985 lu·
1040 4944 1162 5002 magnus
1176 4930 1207 4985 in
1234 4934 1384 5001 potestate,
1411 4931 1539 4986 excelsus
1564 4931 1596 4986 in
1612 4930 1715 5003 gloria,
1740 4931 1831 4986 durus
1858 4931 1889 4987 in

139 5034 219 5073 mum
238 5021 586 5074 evanescereetcorruere
613 5016 689 5073 lecit.
706 5016 751 5073 Sic
765 5033 880 5090 quoque
905 5018 985 5073 illem
1040 5018 1199 5087 severitate,
1215 5018 1297 5074 albus
1324 5018 1355 5073 iu
1373 5019 1501 5089 lenitate,
1529 5018 1668 5092 quoniam
1695 5020 1794 5076 omnin
1809 5018 1890 5091 judi-

139 5111 323 5163 corrueutem
345 5106 381 5163 ab
409 5111 508 5163 austro
538 5121 625 5177 supra
650 5104 758 5161 dictam
793 5111 921 5162 montem
949 5106 985 5162 ed
1039 5106 1084 5162 oia
1115 5123 1168 5163 sua
1203 5106 1233 5162 in
1260 5107 1362 5163 ardore
1396 5108 1541 5181 aequitalis
1567 5108 1688 5181 perlicit.
1725 5108 1789 5180 lpse
1808 5108 1890 5165 euim

139 5195 307 5267 aquilonem
335 5194 368 5251 in
399 5194 555 5268 quamdam
590 5194 734 5250 inlinitum
757 5194 984 5267 prolanditatem
1036 5194 1131 5266 justus
1148 5198 1200 5265 est,
1217 5200 1247 5251 et
1262 5195 1432 5268 injustitiam
1444 5196 1565 5253 omniuo
1592 5198 1726 5265 conterit,
1747 5196 1815 5271 quia
1835 5213 1891 5253 eoe·

139 5283 272 5355 projecit,
295 5283 337 5341 ita
363 5288 396 5340 ut
418 5299 450 5339 se
485 5282 620 5355 deinceps
651 5283 764 5355 erigere
790 5300 849 5339 uon
865 5283 983 5353 valeret,
1039 5282 1099 5340 lum
1123 5286 1152 5339 et
1172 5290 1249 5341 terra
1277 5302 1364 5357 super
1383 5302 1450 5342 eum
1478 5286 1598 5343 fundata
1636 5292 1704 5344 suut
1723 5286 1890 5343 firmamen-

142 5376 247 5444 praetcr
271 5374 348 5446 quod
372 5372 508 5429 nebulam
538 5374 692 5446 quamdam
714 5372 869 5447 aliquando
898 5388 985 5444 super
1039 5377 1159 5444 tumque
1182 5389 1247 5428 cam
1271 5373 1404 5429 omnibus
1433 5374 1568 5429 creaturis
1601 5373 1724 5429 sustinet
1749 5375 1888 5446 quemad·

140 5466 248 5516 terram
262 5460 360 5517 mittit.
376 5459 536 5533 audivique
557 5459 640 5533 quasi
655 5461 737 5517 tabes
761 5460 879 5517 deooelo
911 5459 986 5517 voci-
1042 5461 1247 5535 modumlapis
1262 5462 1409 5537 augularis
1425 5466 1517 5521 totum
1529 5460 1683 5520 edificium
1700 5465 1837 5520 continet.
1855 5462 1888 5519 la
