3984 6034
103 283 166 339 cuv
708 281 854 341 suillas.
880 311 917 326 ·-
931 279 998 340 ΗΒ.
1018 281 1067 350 Ill,
1090 279 1180 340 VISIO
1199 277 1275 338 vul.
1807 281 1860 336 did

102 433 165 490 pro
176 417 239 490 ipso
258 416 290 473 in
310 415 477 486 certamus,
495 415 545 474 ubi
565 416 690 474 suaviter
702 416 830 492 primum
852 415 959 489 incipio
978 425 1000 478 Α
1014 415 1101 472 etiam
1116 421 1145 473 et
1158 414 1213 490 ipsi
1222 426 1290 474 sunt
1301 430 1399 472 coram
1415 415 1472 474 lieo
1488 414 1570 490 quasi
1591 414 1716 474 nihilum
1728 419 1758 472 et
1770 416 1859 474 inane

102 511 232 579 tangere
255 505 338 580 quasi
359 505 497 562 duritiam
518 506 622 580 lapidis
647 505 725 562 illius
749 505 869 578 peccati,
889 522 960 578 quo·
1003 505 1253 577 ,reputut13quia
1280 505 1382 562 nolunt
1414 521 1476 562 esse
1505 505 1610 562 conscii
1644 507 1723 578 quod
1749 505 1860 579 possint

102 596 191 652 niam
205 595 289 668 quasi
302 594 419 651 difficile
437 599 480 650 est
501 611 569 651 eum
587 595 730 667 confringi
752 597 783 650 iu
800 600 860 652 mm
875 595 962 651 maxi·
1015 592 1117 662 Iacere,
1131 593 1199 650 tacti
1215 609 1267 667 per
1279 609 1334 648 me.
1358 593 1416 666 Ego
1442 597 1539 649 autem
1555 593 1622 650 nolo
1637 609 1698 650 essa
1711 593 1742 662 iu
1765 594 1858 666 pollu-

103 685 260 740 moietore
274 683 460 740 horribilium
483 683 636 753 scelerum,
659 699 725 755 qum
740 683 876 740 sibisunt
890 699 962 756 prce·
1015 681 1093 738 tione
1127 682 1231 738 horum
1256 686 1438 754 peccatorum
1479 682 1530 756 qui
1564 683 1669 739 nolunt
1712 683 1856 755 suscipere

103 773 195 829 dictae
210 788 302 828 causae
314 771 532 845 magnmsordis
555 778 584 826 et
602 771 752 844 nequitiae,
771 777 879 844 etqum
894 774 963 828 sunt
1015 771 1241 827 admonitionem
1265 786 1381 827 meam:
1411 787 1463 827 nec
1484 787 1513 826 se
1541 771 1641 828 volunt
1665 788 1788 844 purgare
1808 787 1860 843 per

106 860 201 917 veluti
230 861 352 916 cadaver
375 860 548 934 putredinis,
577 867 607 916 et
630 876 695 917 esca
725 860 843 930 diaboli,
873 877 961 933 quam
1015 859 1241 917 exhortationem
1263 860 1344 916 illam
1367 865 1516 932 quatenus'
1533 875 1564 916 se
1598 864 1765 918 avertente
1793 876 1859 932 pec·

104 949 174 1022 ipse
201 949 359 1006 certissime
385 948 535 1004 absorbuit
556 948 587 1004 in
611 952 740 1004 uentrem
765 964 861 1005 suum.
887 948 962 1014 Quo·
1015 949 1085 1004 catis
1112 949 1180 1018 suis,
1205 964 1257 1004 nec
1292 949 1457 1006 desiderant
1474 949 1625 1006 comedere
1654 949 1751 1006 cibum
1776 949 1859 1004 illum

104 1038 379 1109 madelberiptura
401 1037 538 1094 habetde
556 1037 626 1094 l'illo
651 1037 701 1093 liei
729 1037 857 1093 dicente:
878 1036 962 1092 dieue
1014 1035 1066 1108 qui
1099 1046 1142 1092 est
1175 1036 1323 1108 Scriptura
1353 1037 1508 1110 Evangelii,
1542 1053 1600 1109 quo
1624 1035 1720 1092 satiari
1755 1035 1861 1092 dehent

103 1127 189 1182 cibus
205 1124 413 1194 estutfncium
426 1126 600 1182 uoluntatem
617 1125 717 1182 Putris
727 1125 883 1198 ursillum.
902 1130 959 1196 iv),
1015 1124 1238 1193 omneslideles,
1267 1141 1321 1181 noc
1344 1131 1459 1200 gustare
1475 1141 1607 1198 saporem
1626 1125 1688 1196 ejus
1701 1124 1859 1180 secundum

105 1222 136 1273 et
150 1222 262 1284 contra,
286 1215 367 1272 cibus
395 1221 439 1272 est
460 1215 568 1272 diaboli
590 1214 795 1272 ut'houeinem
816 1215 960 1288 deprimat
1014 1213 1144 1285 quodeis
1164 1214 1262 1270 datum
1286 1218 1351 1282 est;
1380 1215 1429 1272 sed
1452 1213 1588 1272 lestinaut
1615 1214 1716 1288 Iugera
1737 1213 1860 1286 gratiam

105 1306 140 1361 in
160 1310 295 1373 mortem,
320 1321 370 1377 per
385 1321 473 1378 quam
489 1305 556 1362 illos
571 1305 677 1361 talibus
691 1304 818 1374 venenis,
834 1309 867 1360 ut
884 1320 958 1377 prae-
1016 1301 1084 1371 Dei;
1110 1303 1178 1374 qula
1192 1318 1245 1360 uec
1263 1303 1369 1370 ridere,
1395 1319 1447 1360 nec
1461 1303 1573 1373 audire,
1592 1318 1646 1360 nec
1659 1301 1786 1371 cogitare
1806 1316 1860 1356 vo-

106 1395 222 1452 dictum
245 1399 299 1462 est,
323 1393 411 1461 afflat,
433 1392 484 1467 qni
506 1395 533 1450 ei
547 1393 577 1449 iu
595 1394 743 1451 voluntate
766 1410 819 1450 sua
838 1409 959 1448 consen·
1013 1391 1077 1446 lunt
1098 1389 1230 1464 quiduis
1252 1391 1416 1449 iaciendum
1444 1392 1491 1462 sit,
1507 1391 1577 1448 dum
1604 1396 1742 1448 vocantur
1762 1390 1860 1447 admo-

107 1483 201 1550 tiunt,
227 1486 256 1538 et
274 1487 339 1555 post
360 1498 427 1538 eom
448 1481 603 1538 declinant.
626 1483 663 1538 ut
684 1481 714 1539 id
734 1481 830 1553 ipsum
844 1484 887 1537 est
899 1481 958 1538 dia
1012 1479 1123 1537 uitione
1138 1481 1218 1538 honi.
1241 1481 1299 1553 lpsi
1319 1479 1436 1553 lugiunt
1454 1480 1682 1539 admonitionem
1695 1481 1812 1550 bonam,
1828 1484 1860 1538 ut

105 1569 172 1626 boli
190 1570 366 1627 desiderium
383 1571 596 1627 etcontinunm
610 1571 750 1635 studium,
765 1570 835 1642 quia
854 1569 959 1628 dehac
1012 1569 1117 1624 vermis
1135 1569 1187 1643 qui
1209 1574 1316 1626 terrum
1346 1570 1434 1628 intrat
1452 1587 1482 1626 ae
1513 1570 1691 1626 abscondens
1720 1570 1755 1626 ab
1780 1571 1860 1626 omni

106 1656 195 1714 sorde
209 1657 300 1713 oritur
326 1671 413 1714 omne
432 1658 551 1714 malum.
569 1657 626 1713 Sed
649 1657 685 1713 de
708 1657 770 1713 istis
790 1657 958 1715 hominibus
1012 1656 1115 1714 decore
1127 1658 1215 1730 hujus
1241 1657 1348 1714 saeculi.
1369 1659 1427 1716 lloo
1449 1657 1558 1714 iaciunt
1571 1661 1599 1714 et
1622 1656 1670 1713 isti
1691 1657 1861 1730 nequissimi

105 1744 210 1814 plures
224 1759 271 1800 me
293 1744 470 1818 intelligunt.
492 1744 667 1810 Quomodo?
679 1746 753 1804 bum
769 1761 817 1803 eos
830 1747 959 1819 primum
977 1713 1145 1802 Bhomiues
1168 1746 1310 1818 fugientes
1331 1751 1476 1818 praecepta
1499 1746 1560 1816 liei,
1588 1761 1675 1818 seque
1696 1747 1859 1818 polluentes

106 1836 209 1903 tango,
226 1834 296 1890 dicit
313 1834 402 1891 homo
418 1835 466 1892 ille
487 1835 624 1890 intrase:
640 1835 714 1901 Ouid
734 1835 806 1891 mihi
821 1835 885 1891 est?
900 1836 959 1906 Ego
1012 1835 1043 1890 iu
1064 1834 1204 1908 faeceque
1219 1850 1249 1890 se
1278 1835 1483 1892 involutantin
1509 1839 1641 1905 mortem,
1661 1850 1725 1890 cuni
1747 1851 1777 1890 se
1792 1836 1858 1892 abs·

107 1918 208 1974 neseio
233 1935 286 1976 nec
305 1919 431 1994 cogitare
450 1921 509 1978 scio
532 1919 673 1994 quidquid
691 1921 771 1977 boui.
796 1921 831 1976 Et
852 1921 958 1978 iterum
1012 1923 1142 1979 condunt
1155 1923 1185 1978 iu
1196 1923 1305 1980 malitia
1329 1939 1389 1992 sua,
1405 1923 1537 1979 nolentes
1555 1923 1590 1978 de
1610 1922 1702 1980 fetere
1722 1924 1860 1996 nequitiae

105 2005 240 2062 nesciens
258 2008 525 2080 suspiratetdicit:
553 2010 615 2066 ileu
641 2025 688 2066 me
707 2014 896 2082 peccatorem.
911 2009 960 2066 Ni·
1013 2010 1156 2068 adiuuem
1173 2011 1298 2085 prodire.
1315 2011 1371 2078 Oui
1390 2013 1461 2068 tales
1476 2016 1553 2078 sunt,
1582 2027 1640 2068 nou
1658 2012 1805 2084 pertinent
1824 2013 1861 2069 ed

106 2092 150 2150 hil
176 2100 274 2152 autem
302 2098 426 2171 emplius
450 2097 555 2167 seutit;
578 2098 648 2171 quia
668 2099 744 2154 mole
774 2103 960 2172 peccatorum
1012 2115 1069 2156 me.
1086 2100 1157 2156 Nem
1181 2117 1234 2172 ego
1254 2101 1320 2156 nolo
1339 2102 1393 2157 hec
1414 2105 1443 2156 et
1465 2099 1531 2156 illac
1552 2099 1642 2157 dividi
1657 2099 1686 2156 iu
1698 2099 1859 2173 pollutione

106 2187 245 2254 maratus
264 2189 318 2252 est,
340 2191 370 2242 et
397 2186 535 2259 quoniam
557 2188 686 2243 tenebre
707 2186 869 2261 iniquitatis
890 2203 959 2244 cou-
1012 2187 1077 2246 luti.
1101 2187 1271 2254 Quomodo?
1294 2188 1366 2246 Cum
1396 2187 1443 2246 his
1465 2203 1526 2244 esse
1547 2187 1624 2257 volo,
1644 2186 1694 2260 qui
1718 2203 1765 2244 me
1786 2193 1862 2260 pura

106 2271 298 2328 turbaverunt
311 2291 389 2330 eum.
411 2276 490 2332 Tunc
513 2276 618 2331 iterum
636 2281 724 2349 tango
739 2277 858 2332 vulnera
871 2275 958 2332 illius.
1013 2276 1182 2351 poenitentia
1194 2276 1386 2350 {intelligunt3
1404 2275 1453 2332 uhi
1479 2291 1526 2332 me
1550 2275 1638 2332 etiem
1661 2275 1789 2348 adjungo
1805 2277 1860 2332 hu·

108 2358 141 2413 Iit
156 2360 296 2430 quoniam
308 2361 389 2432 prius
407 2378 460 2434 per
480 2378 527 2418 me
550 2363 716 2419 admonitus
741 2369 812 2432 erat,
833 2369 903 2418 tunc
924 2380 959 2418 eo
1013 2381 1107 2422 manue
1128 2365 1372 2438 corruptibilitati,
1397 2364 1466 2438 qnia
1481 2380 1546 2421 aem
1560 2365 1624 2420 volo
1646 2380 1780 2436 purgare.
1805 2365 1860 2430 Qui

109 2446 215 2502 melius
232 2447 371 2520 intelligit
391 2465 449 2518 me,
471 2455 500 2505 et
522 2449 678 2522 respiciens
695 2451 724 2506 in
739 2467 769 2506 sa
788 2450 885 2523 ipsum
905 2450 959 2507 ite·
1015 2460 1111 2511 sutem
1126 2469 1172 2509 me
1187 2453 1288 2510 nolunt
1305 2453 1460 2525 suscipere,
1476 2451 1542 2509 illos
1563 2468 1580 2508 a
1602 2468 1650 2508 me
1673 2452 1787 2524 abjicio,
1804 2468 1860 2509 no-

107 2550 176 2590 rum
195 2534 282 2592 dicit:
307 2538 355 2593 Vce
380 2538 461 2594 mihi.
477 2537 546 2610 quid
570 2537 691 2594 faciam
709 2538 819 2606 Nescio,
843 2555 897 2595 nec
911 2555 959 2594 ex-
1014 2541 1076 2596 lens
1101 2556 1162 2598 esse
1183 2556 1249 2597 cum
1273 2539 1332 2608 eis;
1359 2539 1429 2612 quie
1454 2540 1534 2596 nulla
1549 2555 1617 2612 pars
1633 2538 1704 2596 mihi
1720 2539 1857 2596 cumillis

109 2624 238 2696 cogitare
260 2627 342 2683 valeo
356 2627 427 2698 quid
447 2628 498 2684 liat
513 2629 548 2684 de
569 2644 624 2698 me,
648 2632 767 2700 propter
789 2626 961 2701 multiplicia
1015 2635 1066 2698 est,
1084 2630 1152 2702 quia
1165 2633 1233 2686 sunt
1259 2628 1289 2686 iu
1312 2633 1394 2701 parte
1410 2627 1505 2684 stultm
1524 2626 1694 2700 ignorantia
1712 2642 1759 2684 me
1778 2627 1861 2686 iutel-

110 2718 230 2783 peccata
243 2730 308 2770 mee
330 2713 389 2770 dhl
407 2731 465 2788 quo
489 2721 659 2772 meneutam
675 2716 717 2772 vel
734 2716 771 2771 ad
790 2733 877 2788 quem
893 2733 960 2789 pru·
1014 2719 1104 2792 ligere
1117 2719 1257 2784 nolentes,
1273 2721 1303 2774 et
1318 2716 1455 2790 quoniam
1471 2716 1537 2772 noio
1556 2732 1617 2772 esse
1630 2715 1661 2772 in
1676 2731 1764 2789 opere
1782 2717 1860 2789 quod

109 2802 219 2872 perebo
243 2803 293 2875 qui
308 2818 354 2860 me
368 2803 492 2875 adjuvet,
509 2809 540 2860 ut
556 2805 723 2877 turpissiuua
743 2806 893 2861 scelerain
910 2822 958 2862 me
1015 2808 1140 2880 pertinet
1165 2807 1200 2864 ad
1235 2805 1512 2880 conglutinationem
1541 2805 1691 2861 obduratas
1718 2807 1858 2878 perversi·

109 2894 263 2963 contegam
287 2897 317 2950 et
346 2892 458 2948 deleam
479 2894 511 2948 in
544 2893 726 2964 poenitentia.
753 2894 831 2951 Unde
854 2895 960 2951 iterum
1015 2899 1102 2954 tatis:
1121 2896 1199 2971 quod
1222 2897 1452 2952 cstadmortem.
1476 2897 1507 2951 Et
1524 2895 1575 2968 qui
1597 2895 1653 2950 hoc
1667 2896 1754 2952 modo
1778 2911 1858 2968 sper·

109 2980 228 3053 respicit
249 2980 280 3036 in
303 2997 333 3036 sa
356 2981 453 3052 ipsum
476 2998 510 3037 ea
531 2981 732 3039 colluctatione
763 2999 851 3055 quam
878 2982 960 3055 prius
979 2981 1089 3062 cunni
1111 2992 1167 3044 me,
1197 2975 1348 3032 imitantur
1372 2975 1518 3047 perditum
1540 2974 1687 3048 angelum,
1712 2974 1763 3046 qui
1789 2973 1858 3032 dum

110 3067 213 3123 habuit
237 3068 269 3123 in
292 3069 388 3126 studio
408 3069 565 3141 peccandi;
583 3086 615 3125 ec
636 3071 739 3126 eodem
759 3070 899 3127 desiderio
921 3071 957 3126 ad
1013 3066 1104 3123 Deum
1132 3062 1228 3120 videre
1256 3064 1359 3136 potuit,
1389 3079 1456 3119 eum
1482 3063 1624 3133 inspicere
1651 3062 1754 3129 noluit,
1770 3064 1811 3120 ita
1827 3069 1860 3120 ut

109 3170 208 3210 veram
232 3155 433 3228 poenitentiam
456 3173 487 3213 se
506 3157 657 3226 convertit,
680 3163 714 3212 ut
735 3163 802 3215 ante
825 3158 958 3214 studebat
1013 3169 1081 3210 eum
1116 3150 1267 3210 humililer
1301 3155 1487 3224 agnosceret;
1522 3155 1552 3208 et
1581 3154 1735 3223 propterea
1762 3151 1859 3208 subito

110 3245 142 3299 in
164 3247 297 3315 peccatis.
319 3246 354 3300 Et
382 3246 450 3318 quia
469 3251 538 3302 time
562 3244 610 3300 ille
635 3246 724 3302 homo
747 3261 812 3302 mea
833 3245 959 3302 admoui·
1012 3240 1113 3313 eliugit
1127 3255 1243 3296 omnem
1259 3239 1380 3311 gloriam
1389 3240 1543 3308 coelestcm,
1559 3239 1663 3295 cadens
1677 3238 1707 3296 in
1721 3243 1858 3310 mortem

110 3330 190 3387 tione
204 3332 245 3387 sic
259 3333 405 3405 evigilavit
417 3333 452 3388 de
467 3349 567 3389 somno
583 3331 693 3401 mortis,
714 3349 801 3405 quam
826 3331 880 3388 sibi
903 3348 957 3403 pro
1012 3329 1080 3387 dum
1095 3329 1152 3385 Deo
1168 3327 1258 3384 votuit
1277 3325 1428 3383 assimilari
1448 3325 1535 3382 simili
1558 3326 1679 3382 honore.
1706 3327 1754 3383 lsti
1767 3326 1859 3400 despi-

111 3420 169 3475 vita
197 3421 342 3492 elegerat:
375 3420 482 3478 idcirco
505 3426 574 3477 tunc
604 3437 656 3475 nec
686 3421 873 3492 cogitatione,
905 3435 958 3474 nec
1012 3417 1092 3474 ciunt
1115 3429 1172 3485 me,
1195 3418 1334 3488 quoniam
1357 3421 1515 3486 operantur
1538 3431 1612 3487 opus
1639 3414 1811 3487 meIIgnum,
1828 3421 1860 3472 ut

109 3509 210 3577 verbo,
231 3525 284 3566 nec
307 3508 379 3565 lacto
394 3526 459 3583 quae
481 3509 561 3582 prius
582 3509 715 3566 ardenter
733 3509 834 3564 habuit
853 3508 959 3564 adsce-
1012 3505 1131 3579 exigunt
1169 3505 1269 3562 illicita
1300 3503 1442 3561 desideria
1483 3503 1578 3560 caruis
1608 3503 1639 3559 iu
1664 3505 1859 3576 voluptatibus

111 3600 181 3668 lere,
208 3598 269 3653 vult
300 3597 425 3670 amplius
454 3613 582 3670 peccare,
616 3597 667 3653 sed
697 3597 906 3653 studiosissimo
927 3597 959 3652 iu
1011 3595 1152 3668 ipsorum.
1169 3595 1201 3650 Et
1216 3592 1353 3667 quoniam
1376 3607 1421 3648 me
1443 3591 1614 3664 despiciunt,
1634 3591 1739 3648 idcirco
1750 3592 1860 3650 iaciunt

111 3687 270 3744 lordssima
289 3688 462 3760 poenitentia
481 3703 511 3741 se
526 3687 618 3744 eleuat
637 3687 671 3743 ad
696 3702 752 3742 me.
777 3686 958 3757 Quapropter
1012 3683 1090 3756 quod
1103 3682 1177 3740 male
1192 3683 1301 3737 volunt.
1319 3680 1376 3752 Ipsi
1390 3684 1581 3736 contemnunt
1602 3681 1703 3747 Deum,
1719 3680 1760 3735 sic
1773 3681 1858 3738 etiam

112 3793 178 3833 mox
202 3780 231 3832 et
250 3792 303 3848 ego
332 3775 458 3847 suscipio
485 3791 552 3831 eum
574 3780 684 3832 totum:
710 3777 739 3829 et
758 3773 892 3846 deinceps
913 3772 956 3827 di·
1012 3773 1162 3845 negIIgunt
1189 3769 1267 3826 illius
1281 3771 1469 3841 preceptum.
1487 3767 1566 3824 Unde
1593 3771 1623 3824 et
1640 3767 1859 3840 perfrequenter

112 3866 195 3921 mitto
222 3881 289 3921 eum
318 3864 401 3937 quasi
424 3863 564 3920 liberum:
592 3863 631 3918 ita
655 3862 732 3935 quod
756 3862 786 3917 in
813 3861 958 3934 predictis
1011 3860 1042 3916 in
1052 3857 1252 3932 indignatione
1279 3870 1342 3911 maa
1365 3855 1573 3926 permittuntur
1596 3854 1630 3910 ad
1645 3853 1857 3925 plenitudinem

111 3952 348 4025 concupiscentiis
368 3967 485 4024 gravem
504 3950 717 4006 infestationem
733 3951 808 4006 ultra
829 3967 889 4006 non
901 3949 956 4005 ha·
1012 3947 1117 4004 mentis
1131 3962 1189 4002 sua
1204 3945 1296 4002 lacere
1315 3944 1393 4016 quod
1408 3942 1570 4012 voluerint;
1586 3941 1655 4014 quia
1671 3943 1729 3998 rita
1743 3947 1859 3999 veterna

111 4041 207 4109 bebit;
221 4040 423 4096 utcharissimi
442 4040 494 4096 lilii
509 4039 566 4095 mei
588 4039 740 4102 sustinent,
765 4056 835 4112 quos
850 4054 954 4095 moneo
1010 4034 1155 4093 felicitatis
1176 4051 1225 4090 eos
1246 4032 1321 4104 lugit
1343 4031 1427 4104 quasi
1450 4031 1575 4093 nihilum
1594 4030 1662 4098 sint,
1690 4031 1859 4103 frequenter

111 4130 264 4202 multiplici
285 4130 401 4187 miseria
414 4128 513 4201 ignitis
533 4129 644 4202 sagittis
663 4128 870 4184 diabolicarum
890 4143 958 4199 per·
1012 4125 1099 4180 etiam
1113 4123 1277 4178 deficientes
1290 4126 1350 4176 tam
1363 4120 1393 4176 in
1415 4117 1606 4191 prosperitate
1626 4118 1776 4190 praesentis
1791 4119 1857 4175 vitre

112 4220 287 4286 suasionum,
304 4219 372 4291 quie
391 4217 451 4290 ipse
466 4219 569 4272 harum
583 4221 652 4272 tune
668 4233 727 4272 non
743 4216 862 4288 indiget.
885 4215 957 4270 Nam
1013 4229 1098 4285 quam
1113 4212 1229 4279 lrrtnrae,
1245 4209 1385 4283 quoniam
1402 4208 1468 4264 duri
1481 4213 1510 4262 et
1523 4207 1688 4263 immobiles
1717 4207 1752 4264 ad
1767 4207 1857 4265 ielici·

112 4309 174 4380 ipse
195 4323 309 4380 semper
332 4306 441 4362 dolebit
463 4313 581 4378 propter
604 4309 746 4360 transacta
761 4310 877 4376 peccata
891 4320 953 4369 sua,
971 4301 993 4354 ll
1012 4306 1099 4356 tutem
1133 4300 1201 4356 boni
1226 4305 1301 4356 sunt.
1328 4298 1534 4353 Contumacem
1556 4295 1634 4352 cuitu
1667 4300 1855 4368 poccatorem,

112 4399 153 4452 ita
166 4401 198 4451 ut
212 4399 299 4451 etlam
311 4395 366 4451 sibi
385 4396 441 4467 ipsi
461 4394 553 4450 iratus
573 4400 632 4451 tam
644 4409 738 4449 acrem
756 4393 958 4464 paenitentiam
1013 4391 1041 4444 in
1057 4388 1139 4444 malis
1159 4389 1217 4444 suis
1241 4390 1470 4460 perseverantem
1494 4386 1612 4442 desero:
1630 4384 1776 4440 vivificans
1790 4401 1856 4440 euru

113 4490 179 4556 agat
200 4485 277 4558 quod
301 4500 330 4539 se
367 4484 455 4538 etiam
482 4483 633 4553 iudignum
657 4484 780 4538 estimet
811 4482 957 4538 homiuem
1013 4477 1106 4551 quiin
1120 4495 1149 4532 se
1173 4476 1287 4548 respicit
1310 4481 1338 4530 et
1360 4492 1375 4530 a
1397 4474 1519 4546 peccatis
1544 4475 1602 4528 suis
1627 4474 1655 4528 in
1672 4475 1774 4528 timore
1791 4490 1856 4530 meo

113 4573 218 4628 vocari.
235 4572 290 4627 Sed
312 4572 373 4626 huc
389 4571 507 4627 victoria
520 4575 564 4626 est
579 4572 608 4626 in
631 4569 721 4625 letore
737 4571 828 4625 sordis
841 4570 958 4625 illorum
1012 4582 1078 4622 curn
1096 4582 1169 4638 pura
1193 4564 1363 4638 poenitentia
1380 4579 1408 4620 se
1433 4563 1468 4618 ud
1487 4577 1533 4618 mc
1547 4563 1698 4618 convertit.
1716 4561 1786 4616 Nam
1801 4577 1856 4632 ego

113 4660 263 4718 hominurn
279 4677 351 4732 quos
361 4659 483 4730 abjicere
506 4660 585 4723 nolo,
605 4659 742 4730 quonium
763 4663 828 4729 post
842 4664 958 4730 peccatu
1013 4672 1075 4710 snm
1099 4655 1234 4710 columna
1253 4653 1341 4709 firma
1361 4650 1533 4718 stabilitatis,
1556 4665 1620 4722 qne
1636 4664 1783 4721 nrrnquani
1806 4650 1856 4704 de-

113 4765 219 4805 suamc
232 4748 545 4821 tandemquaesierunt.
569 4747 711 4818 Numqui
733 4762 854 4802 menon
875 4761 958 4818 spor·
1013 4760 1076 4800 sero
1091 4746 1267 4816 quaerentem
1283 4757 1340 4808 me,
1362 4740 1499 4812 quoniam
1520 4739 1571 4810 qui
1599 4754 1644 4793 me
1666 4737 1871 4810 apprehendit

114 4843 196 4908 urunt,
221 4836 515 4893 sedadnionitionem
539 4851 633 4890 meam
663 4833 832 4908 suscipiunt,
864 4839 892 4890 et
912 4851 958 4890 nvo
1013 4838 1084 4888 etse
1108 4831 1180 4886 nrihi
1202 4830 1301 4886 lntiuve
1317 4847 1350 4886 ac
1372 4829 1496 4886 lideliter
1521 4827 1681 4898 conjungit,
1705 4841 1855 4897 utinquam

114 4927 216 4984 devote
243 4931 389 4998 quaerunt,
409 4925 465 4980 illis
495 4929 595 4997 parata
618 4939 683 4980 surm
705 4924 798 4980 iacere
816 4923 959 4996 quidquid
1013 4921 1124 4977 decidet
1144 4920 1176 4975 in
1195 4919 1397 4991 perditionem.
1416 4917 1470 4984 oui
1485 4933 1551 4972 vero
1577 4930 1623 4970 me
1636 4914 1722 4970 habet
1736 4913 1766 4970 in
1780 4913 1856 4970 obli-

115 5016 231 5082 volnnt;
246 5014 297 5088 qui
317 5020 414 5070 autem
438 5029 483 5068 me
509 5016 726 5070 contemnentes
751 5011 900 5084 abjiciunt,
916 5011 958 5068 illi
1012 5010 1094 5066 riona
1114 5008 1217 5066 mantis
1238 5025 1308 5076 suae,
1328 5013 1358 5064 et
1380 5005 1572 5078 superbiendo
1596 5020 1625 5058 se
1651 5005 1743 5060 elevet
1769 5018 1857 5074 super

115 5102 221 5161 mortui
231 5106 308 5170 suut,
323 5117 375 5158 nec
388 5118 436 5157 eos
448 5100 515 5156 scio.
1014 5115 1070 5168 me,
1085 5096 1113 5154 id
1130 5101 1174 5153 est
1193 5095 1243 5169 qui
1265 5096 1297 5152 in
1318 5111 1349 5152 se
1370 5094 1464 5168 ipsum
1479 5091 1570 5164 magis
1585 5091 1705 5148 conlidit
1719 5105 1806 5163 quem
1824 5090 1856 5146 iu

148 5192 221 5248 Sunt
242 5190 320 5247 enim
345 5189 430 5246 multi
448 5189 580 5246 homines
608 5188 751 5262 quidum
789 5203 835 5243 me
859 5187 958 5244 edesse
1013 5201 1069 5248 me,
1086 5185 1197 5241 acideo
1221 5182 1399 5240 liduoiemin
1419 5196 1466 5238 me
1489 5178 1771 5236 contemnithahere
1787 5193 1857 5250 quo-

115 5281 242 5336 sentIunt
268 5279 461 5352 intelligentes
493 5294 575 5334 suam
604 5281 730 5334 mentem
765 5280 869 5331 tactam
896 5291 958 5332 esse
1013 5274 1092 5330 niam
1114 5290 1167 5347 pro
1197 5273 1288 5329 nihilo
1315 5274 1463 5342 computat
1490 5268 1611 5341 gratiam
1637 5267 1697 5335 liei,
1728 5265 1798 5338 quia
1824 5266 1856 5322 iu

116 5368 310 5426 admonitione
329 5383 404 5435 mea,
430 5367 546 5441 fugiunt
560 5383 607 5424 me
633 5383 686 5441 per
710 5367 817 5422 malam
841 5381 959 5422 consue·
1013 5363 1109 5420 auimo
1123 5364 1185 5434 ejus
1199 5376 1264 5418 sum
1278 5364 1307 5416 et
1324 5364 1426 5416 ventus
1448 5356 1581 5424 turbinis,
1608 5355 1669 5428 lpse
1684 5356 1793 5412 habens
1808 5353 1855 5413 ifle

115 5459 242 5516 iudicem
256 5462 456 5531 conceptorum
476 5461 668 5528 peccatorum,
692 5472 757 5529 qne
773 5455 801 5510 iu
816 5471 847 5510 sa
862 5454 959 5526 deglu-
1014 5452 1191 5525 negligenter
1214 5452 1242 5507 in
1260 5449 1390 5507 irrisione
1405 5439 1438 5506 et
1457 5445 1580 5519 superbe
1607 5461 1672 5502 cum
1692 5444 1856 5503 elationein

118 5548 225 5606 tieheut
251 5548 398 5604 voluntale
422 5551 507 5617 alque
538 5561 678 5601 consensu
700 5549 727 5599 et
756 5560 850 5614 opere.
879 5544 957 5598 Unde
1013 5541 1219 5614 desparatione,
1237 5557 1293 5595 non
1322 5543 1439 5611 prrrvpter
1466 5534 1650 5610 guavedIneuv
1673 5540 1853 5608 peccatorum
