3984 6034
112 235 169 288 aas
756 227 995 286 satereia-
1009 227 1115 284 ansa.
1136 227 1251 284 nsvin.
1402 189 1409 198 ’
1815 225 1869 280 rso

114 363 197 435 qood
218 364 280 420 ileo
302 377 356 434 per
368 360 510 434 Spiritum
528 363 659 416 sanctum
673 357 856 432 promiserat,
877 359 965 416 decli·
983 359 1076 419 ASed
1098 361 1222 432 populns
1244 358 1296 415 iste
1317 357 1368 431 qui
1390 359 1445 414 boe
1457 355 1587 426 taciens
1607 357 1720 414 diabolo
1735 358 1869 416 Muclus

114 451 211 517 aurit,
234 469 269 508 ae
291 452 370 508 reiut
388 449 481 507 ludaei
498 450 637 518 lacerant,
657 448 729 505 illud
753 453 819 520 post
839 448 921 516 illud,
940 453 970 505 et
1023 457 1052 505 et
1068 449 1184 516 missus,
1199 449 1307 520 pallida
1320 447 1392 504 iacie
1407 448 1512 514 veniel,
1527 453 1554 504 et
1570 449 1649 504 velut
1661 447 1692 503 iu
1707 447 1786 504 omui
1806 463 1869 502 sau·

114 541 198 597 eliud
213 546 282 613 post
291 539 371 596 aliud
384 544 561 612 praeceptum
569 539 761 610 reliquerunt,
772 541 801 593 et
813 538 968 611 unusquis·
1022 537 1120 593 clitate
1134 551 1165 594 se
1184 542 1347 608 componet,
1368 543 1396 592 et
1410 537 1567 609 majoribus
1582 533 1766 592 saecularibus
1786 537 1869 608 priu-

116 645 175 702 que
199 630 272 685 ordo
292 630 386 700 legem
407 626 566 683 secuudum
583 629 763 682 voluntatem
782 626 969 698 proprietatis
1022 625 1133 698 cipibus
1150 644 1179 683 se
1193 626 1358 698 conjunget.
1374 626 1481 692 Quibus
1501 631 1529 680 et
1546 626 1582 681 de
1598 625 1677 681 robis
1695 625 1736 680 sic
1749 625 1844 681 dicent
1860 641 1867 680 ι

115 734 177 774 arrae
194 717 251 773 sibi
264 717 372 789 posuit,
387 721 417 772 et
431 716 467 771 de
481 716 558 772 boue
572 715 790 772 couversatione
802 716 879 771 etde
891 715 970 770 boue
1023 715 1116 781 Quare
1139 716 1191 773 hos
1205 715 1351 771 vobiscum
1372 715 1487 780 mustis,
1503 718 1532 768 et
1546 730 1635 786 qllinto
1658 730 1707 769 eos
1722 713 1869 770 vobiscum

116 806 254 862 doctriua
272 823 303 859 se
323 808 498 862 averterunt.
522 805 602 860 l'uue
626 803 713 859 etiarn
735 808 813 858 rests
830 803 966 859 obedieu-
1022 820 1084 860 esse
1103 803 1247 874 patimini,
1270 803 1319 877 qui
1344 809 1436 859 totam
1452 809 1559 858 terram
1585 803 1616 857 iu
1640 804 1791 858 maculosis
1814 801 1869 858 iul·

114 896 164 949 tias
177 894 358 950 sieutAdam
377 893 607 961 denudabantur,
624 897 655 948 et
675 892 717 948 ita
738 892 897 947 secuudum
917 907 967 946 ro·
1022 893 1179 965 quitatibus
1193 894 1251 948 suis
1267 893 1417 964 polluunt?
1431 892 1479 947 lati
1500 891 1578 947 euim
1594 890 1666 946 ebrii
1687 903 1715 946 et
1729 890 1869 948 luxuriosi

112 983 263 1037 lunulam
284 979 381 1036 caruis
401 981 498 1035 rivere
520 983 679 1051 coeperuut.
702 981 736 1035 Et
749 979 822 1036 illud
842 978 874 1034 in
888 985 967 1035 tene·
1022 985 1098 1049 suut,
1114 985 1143 1036 et
1157 979 1212 1036 nisi
1226 997 1275 1036 sos
1295 979 1404 1037 anobis
1426 979 1577 1050 abjiciatis.
1594 984 1654 1034 tota
1670 979 1794 1034 Ecclesia
1814 979 1867 1034 de·
1958 1053 1962 1062 1

110 1067 205 1124 bross
217 1073 295 1123 terra
315 1068 455 1136 lecerunt,
471 1070 545 1124 sicat
567 1066 655 1124 etiarn
669 1068 761 1124 Adam
783 1072 849 1140 post
867 1068 967 1124 inobe-
1021 1075 1157 1125 struetur.
1171 1070 1295 1142 Populus
1311 1072 1407 1123 antem
1424 1067 1475 1140 qui
1489 1068 1543 1123 hoe
1554 1068 1589 1123 de
1608 1067 1687 1122 vobis
1701 1067 1788 1133 dicet,
1803 1066 1868 1122 vili·

110 1154 259 1212 dieutiam
273 1172 290 1211 a
304 1157 363 1212 ltao
376 1157 548 1212 tenebrosus
565 1155 732 1212 nominatus
747 1161 801 1224 est,
823 1163 852 1212 et
870 1157 966 1212 Eccle-
1020 1157 1076 1214 bns
1091 1157 1189 1229 cappis
1201 1173 1266 1230 qun
1280 1157 1367 1212 alicui
1381 1155 1486 1213 coloris
1498 1161 1577 1225 suut,
1590 1155 1737 1211 induitur:
1749 1159 1777 1210 et
1791 1159 1868 1210 recto

109 1244 162 1299 siae
195 1246 272 1300 deut
292 1245 373 1316 prius
392 1245 543 1314 tulseraut,
566 1260 628 1300 nou
650 1245 792 1309 lucebant,
818 1244 867 1300 scd
889 1245 969 1300 vetut
1021 1246 1108 1303 ruodo
1136 1250 1236 1302 tonsus
1259 1245 1381 1314 incedet,
1405 1251 1492 1317 alque
1507 1243 1642 1300 omuibus
1666 1243 1796 1300 moribus
1809 1243 1868 1299 suis

109 1333 299 1390 obnubilatio
310 1334 435 1390 turbinis
446 1333 514 1390 lacti
525 1339 604 1402 sunt,
618 1333 865 1406 quemadmodum
879 1334 966 1390 etiam
1020 1333 1166 1404 placidum
1188 1337 1216 1389 et
1240 1331 1369 1404 quietum
1389 1349 1419 1388 se
1438 1332 1603 1388 bominibus
1617 1331 1756 1388 ostendet.
1772 1330 1870 1386 Avari-

105 1423 207 1478 Adam
228 1429 348 1494 proptor
367 1422 593 1478 inobedientiam
615 1421 807 1486 obnubilatus,
831 1437 884 1477 uec
911 1422 967 1478 sibi
1020 1423 1092 1478 tiam
1106 1425 1223 1495 qnoque
1238 1437 1297 1476 nou
1313 1426 1401 1488 sinat,
1429 1421 1578 1492 pecuniam
1602 1436 1661 1476 uon
1682 1419 1869 1481 hebetatis

107 1526 167 1566 mee
181 1510 247 1566 aliis
262 1511 385 1580 lucebat,
411 1512 461 1566 sed
486 1511 517 1567 iu
532 1510 659 1567 tenebris
679 1510 859 1566 incedebant.
876 1512 912 1566 Et
929 1511 966 1566 de
1020 1511 1139 1566 occultis
1161 1510 1220 1566 suis
1242 1515 1352 1567 tanum
1372 1509 1577 1565 abstinentiam
1604 1510 1746 1577 imitatur,
1771 1512 1804 1564 ut
1824 1509 1869 1564 vix

105 1597 308 1654 drautaluce
325 1597 432 1653 iterum
450 1596 661 1654 audivivocem
680 1597 846 1654 dicentem:
868 1597 967 1654 (tillia
1020 1601 1097 1656 ullus
1119 1615 1154 1655 ex
1178 1598 1219 1654 eis
1239 1598 1411 1672 reprehendi
1427 1598 1525 1671 possit.
1550 1598 1688 1654 Diabolus
1709 1597 1868 1654 enimcum

106 1686 195 1755 Sion,
216 1701 326 1742 corona
347 1685 465 1741 bonoria
483 1684 585 1756 capitis
604 1683 731 1742 tiliorum
749 1692 866 1742 tuorum
882 1687 965 1742 incli-
984 1655 1187 1744 ¹3homiuibus
1209 1689 1270 1744 istis
1290 1695 1343 1750 ast,
1366 1688 1498 1743 latitante
1522 1687 1634 1758 fulgore
1657 1688 1698 1742 eis
1717 1703 1747 1741 se
1768 1691 1867 1743 osteu-

105 1774 244 1844 nabitnr‚
280 1779 310 1830 et
340 1773 462 1846 pallium
479 1773 657 1831 dilatationis
671 1773 837 1832 divitiarum
864 1791 965 1830 eorum
1019 1775 1100 1844 deus,
1117 1775 1239 1832 velutin
1254 1775 1458 1832 constitutione
1473 1775 1574 1831 muudi
1589 1779 1656 1832 aute
1670 1775 1785 1831 ruinam
1800 1775 1866 1844 luit,

107 1863 316 1930 imminuetur,
343 1863 412 1935 quia
434 1867 551 1935 tempus
578 1863 650 1920 illud
673 1879 733 1920 nou
755 1869 964 1934 coguoverunt,
1020 1871 1049 1922 el
1063 1865 1211 1938 prophetis
1225 1865 1407 1937 aliquantum
1429 1881 1459 1920 se
1473 1863 1598 1920 similem
1620 1863 1697 1931 lacit,
1721 1869 1751 1918 et
1774 1863 1866 1918 dicit:

105 1952 194 2022 quod
215 1950 259 2006 eis
274 1953 313 2007 ad
331 1951 488 2008 ridendum
512 1956 543 2008 et
561 1951 691 2007 subditos
711 1967 779 2006 suos
799 1953 834 2007 ad
857 1952 964 2007 decen·
1019 1954 1145 2026 Populus
1157 1953 1283 2026 jocando
1297 1953 1435 2025 loquitur,
1452 1953 1560 2009 seilicet
1573 1953 1651 2025 quod
1674 1952 1752 2008 velut
1766 1951 1868 2024 rapida

107 2041 184 2096 dum
197 2039 275 2096 dedi.
297 2041 369 2096 llam
392 2047 422 2096 el
435 2040 536 2107 ubera,
559 2040 596 2095 ad
620 2039 807 2096 nutriendum
830 2039 966 2112 parvulos
1019 2048 1049 2098 et
1061 2043 1211 2099 immunde
1237 2041 1374 2098 animalia
1388 2047 1418 2096 el
1438 2042 1517 2097 ralut
1537 2058 1650 2098 muscas
1664 2041 1692 2097 ei
1715 2057 1762 2098 me
1776 2045 1869 2097 osten-

106 2144 207 2196 meos,
222 2127 266 2186 eis
288 2129 356 2184 data
369 2133 448 2196 sunt,
465 2143 530 2200 qua
552 2129 623 2200 ipsis
641 2135 721 2185 recto
744 2133 773 2184 et
793 2128 965 2200 congruenti
1019 2130 1096 2187 dam.
1121 2132 1176 2188 Sed
1200 2147 1278 2186 nnuc
1301 2131 1331 2186 iu
1346 2146 1455 2202 pennas
1471 2137 1622 2186 ventorum
1644 2131 1809 2203 fulgurante
1823 2134 1868 2184 to·

106 2217 249 2286 tempore
263 2232 322 2272 nou
332 2217 473 2288 praebent,
489 2215 565 2271 uude
577 2215 651 2271 sieut
661 2216 808 2287 peregrini
821 2215 876 2270 filii
888 2216 965 2272 lame
1018 2222 1097 2276 uitru
1116 2221 1213 2276 volare
1235 2221 1310 2290 rulo,
1332 2225 1361 2276 ct
1375 2236 1425 2276 eos
1440 2221 1575 2276 omnibus
1596 2219 1690 2275 modis
1710 2220 1751 2274 ita
1771 2218 1868 2274 iuiuu-
1890 2233 1893 2240 ·

108 2303 199 2358 multi
220 2303 397 2372 deiecerunt,
421 2303 560 2375 quoniam
576 2308 653 2359 recta
673 2303 804 2359 doctriua
825 2319 883 2358 uon
898 2303 964 2358 reli·
1020 2309 1096 2375 dere,
1113 2313 1145 2364 nt
1168 2324 1283 2365 omnem
1299 2310 1476 2365 voluntatem
1492 2324 1586 2364 meum
1606 2308 1764 2380 perficiant.
1782 2309 1814 2363 lit
1828 2307 1869 2363 sic

106 2393 245 2448 amiur.
264 2393 365 2448 Vocem
393 2408 510 2465 quoque
535 2391 652 2459 babent,
683 2397 713 2448 et
738 2408 799 2447 uon
828 2393 963 2461 clamant,
1017 2398 1047 2452 in
1062 2397 1226 2453 bominibus
1239 2397 1303 2453 istis
1317 2399 1400 2470 sigua
1424 2413 1488 2452 mea
1503 2397 1697 2470 omnipotenti
1720 2399 1778 2452 ileo
1793 2395 1868 2452 assi·

107 2496 205 2552 opere
217 2480 306 2536 etiem
324 2480 367 2536 eis
385 2480 453 2536 dete
465 2486 543 2550 sunl,
568 2485 598 2536 et
620 2495 681 2536 non
702 2485 871 2551 operentur·
897 2481 964 2536 Glo·
1019 2486 1136 2543 miluho.
1154 2487 1225 2542 Nem
1241 2487 1374 2543 diabolus
1395 2503 1447 2558 per
1467 2486 1560 2542 aerios
1582 2487 1699 2559 spiritns
1720 2485 1781 2540 burc
1795 2499 1868 2557 ope-

106 2569 189 2623 riam
204 2569 313 2640 absque
327 2569 431 2624 merito
446 2569 553 2624 babere
568 2569 679 2636 volunt,
699 2573 728 2622 et
747 2567 884 2624 meritum
899 2569 963 2623 abs·
1018 2579 1110 2640 ratur,
1127 2575 1176 2646 qui
1193 2581 1312 2646 propter
1325 2590 1413 2646 prava
1427 2591 1516 2647 opera
1534 2575 1687 2630 homiuum
1702 2575 1732 2628 in
1751 2573 1868 2630 sufflatu

106 2673 170 2728 qua
186 2673 285 2728 opera.
310 2656 365 2723 Qui
380 2657 504 2729 gloriam
522 2673 588 2712 euru
605 2657 664 2712 ileu
679 2656 785 2712 babere
798 2657 869 2724 vult,
897 2671 965 2728 pro·
1017 2664 1093 2719 renti
1106 2668 1135 2718 et
1149 2662 1233 2730 aeris,
1254 2663 1295 2718 ita
1313 2662 1541 2718 innumerabiles
1562 2663 1638 2718 circa
1658 2661 1798 2734 quosdam
1813 2659 1869 2716 dis·

105 2746 268 2816 prietatem
293 2759 376 2800 suam
404 2745 565 2813 abscindat,
590 2750 620 2800 et
646 2745 698 2816 qui
719 2745 855 2801 meritum
886 2745 963 2817 apud
1017 2757 1147 2816 currunt,
1163 2749 1237 2804 sient
1258 2764 1362 2805 muscae
1378 2748 1537 2817 elculicas,
1553 2747 1651 2820 quiin
1672 2747 1868 2803 ardorscelo-

107 2836 206 2889 Deuru
221 2833 328 2890 habere
350 2833 505 2903 desiderat,
521 2849 594 2906 opus
608 2833 644 2889 ad
666 2835 723 2889 boe
738 2833 880 2889 exhibeat.
908 2833 963 2890 Sed
1017 2837 1056 2892 ris
1077 2838 1209 2894 homiues
1235 2837 1423 2894 multitudiue
1446 2853 1498 2893 sua
1522 2836 1667 2892 infestant.
1696 2837 1759 2908 lpse
1787 2835 1865 2890 euim

106 2923 183 2996 quia
197 2923 253 2979 boc
266 2938 326 2979 uou
347 2922 453 2992 tacitis,
477 2922 512 2978 ad
533 2938 630 2978 servos
649 2938 798 2978 servornm
811 2927 962 2993 compute·
982 2926 1149 3009 Chomiuea
1172 2927 1242 2982 istos
1263 2925 1317 2982 boc
1339 2925 1425 2981 modo
1446 2925 1585 2992 infundit,
1610 2925 1686 2997 quod
1707 2923 1867 2980 metitalem

105 3011 227 3079 bimiui,
253 3016 282 3066 et
301 3011 357 3084 ipsi
368 3010 481 3082 judices
497 3010 584 3066 vestri
608 3014 702 3079 erunt,
719 3027 753 3066 ac
775 3009 893 3066 libertas
914 3027 963 3064 re·
1018 3013 1058 3069 eis
1079 3029 1138 3070 nou
1161 3013 1263 3081 aufert,
1288 3016 1317 3069 et
1339 3012 1418 3084 quod
1440 3027 1490 3068 eos
1513 3018 1604 3068 castos
1629 3028 1691 3068 esse
1716 3011 1865 3083 permittit,

106 3107 170 3156 stre
185 3117 204 3154 a
230 3099 312 3156 vobis
337 3099 502 3168 declinabit,
516 3098 764 3156 sicutbeuedietio
785 3100 961 3156 acuauaau.
1017 3117 1082 3158 conr
1102 3102 1261 3158 mediatem
1285 3102 1391 3157 habere
1412 3101 1575 3157 voluerunt.
1602 3103 1635 3160 Et
1661 3099 1767 3157 iterum
1790 3101 1868 3156 iutra

105 3191 168 3245 lsta
182 3189 301 3262 flagella
318 3194 507 3261 praecurrent,
531 3188 588 3244 ulia
613 3193 709 3244 autmn
736 3192 765 3243 et
785 3193 885 3260 postea
908 3188 964 3243 alia
1017 3207 1047 3246 se
1069 3191 1139 3247 dicit
1161 3190 1350 3247 :castitatem
1371 3195 1400 3245 et
1424 3189 1632 3246 continentiam
1666 3189 1740 3246 Dens
1760 3189 1865 3262 diligit,

106 3285 138 3333 et
151 3279 258 3350 pejora
279 3277 408 3335 venient.
425 3279 496 3332 Nam
511 3282 540 3333 et
559 3276 690 3333 diabolus
705 3277 736 3332 iu
754 3277 910 3349 semetipso
926 3278 963 3333 de
1017 3279 1095 3351 quod
1118 3284 1147 3334 et
1166 3295 1222 3352 ago
1235 3277 1266 3334 iu
1281 3278 1344 3334 istis
1358 3278 1505 3334 imitabor.
1530 3280 1562 3334 Et
1579 3280 1620 3336 sie
1639 3279 1715 3336 idem
1731 3279 1867 3352 antiquus

105 3368 194 3423 vobis
220 3366 292 3422 dicit
315 3367 423 3422 :escas
447 3365 629 3437 epulantium
658 3370 687 3421 el
711 3364 840 3422 convivia
869 3365 964 3421 omnis
1016 3365 1108 3422 bostis
1126 3383 1179 3439 per
1194 3369 1286 3424 serios
1302 3368 1419 3440 spiritus
1442 3367 1558 3424 eosdem
1574 3368 1705 3424 bomiues
1719 3368 1810 3436 iullal,
1827 3367 1867 3423 ita

105 3455 269 3512 voluntatis
289 3470 360 3511 mere
384 3453 416 3510 iu
435 3453 497 3512 istis
515 3454 644 3510 invenio.
660 3454 716 3510 Sed
738 3459 769 3510 et
782 3453 858 3509 oenli
873 3459 902 3509 et
915 3471 964 3509 an·
1017 3457 1095 3526 qnod
1118 3456 1154 3513 ab
1176 3455 1292 3513 incestis
1313 3457 1438 3528 peccatis
1452 3473 1482 3513 se
1497 3457 1650 3513 abstineut
1668 3456 1748 3513 Unde
1762 3461 1791 3512 et
1804 3472 1867 3512 mu-

104 3561 157 3600 res
172 3549 205 3600 et
218 3548 321 3599 reuter
334 3558 463 3600 meusac
481 3559 559 3599 renae
575 3540 648 3599 niens
664 3542 700 3597 de
715 3542 827 3614 spumis
841 3543 964 3598 istorum
1017 3544 1102 3600 lieres
1124 3560 1185 3601 nou
1206 3551 1314 3613 ament,
1342 3546 1390 3602 sed
1416 3561 1464 3601 eas
1478 3545 1603 3618 tugiunt.
1630 3545 1718 3601 Etita
1737 3545 1821 3617 quasi
1835 3545 1866 3599 iu

104 3635 206 3706 plenae
229 3636 308 3699 suut,
332 3637 362 3687 et
374 3632 464 3687 ubera
485 3647 550 3686 mea
572 3632 657 3703 plena
672 3637 739 3687 suut
760 3631 796 3686 ds
818 3630 896 3686 vitiis
914 3647 961 3686 eo·
1017 3632 1097 3688 omui
1112 3635 1262 3690 sanctitate
1277 3634 1445 3690 horninibus
1459 3649 1489 3689 se
1514 3635 1674 3702 ostendent,
1691 3639 1721 3690 et
1738 3633 1866 3690 illuden-

105 3738 189 3778 rum.
206 3721 278 3777 Nam
293 3719 393 3793 ipsiiu
416 3722 539 3777 mosne
553 3719 684 3775 laborare
698 3720 811 3787 uolunt,
826 3719 875 3776 sed
895 3735 962 3775 euru
1016 3721 1093 3777 tibus
1115 3722 1209 3778 verbis
1231 3722 1328 3778 dicent
1344 3739 1351 3778 :
1367 3723 1468 3780 caeteri
1493 3722 1625 3779 homines
1639 3722 1689 3794 qui
1717 3728 1784 3778 ante
1813 3737 1866 3776 uos

106 3809 196 3884 quasi
218 3809 343 3866 nibilum
357 3813 535 3882 computant.
550 3808 731 3881 Quapropter
743 3808 882 3880 incipiam
895 3825 963 3864 cum
1016 3808 1177 3865 castitatem
1199 3808 1304 3865 babere
1318 3809 1461 3877 solebant,
1479 3814 1511 3864 ut
1526 3824 1622 3864 assum
1640 3810 1747 3880 piscem
1764 3821 1795 3864 se
1809 3813 1866 3864 tor-

106 3900 150 3956 eis
181 3898 320 3966 militare,
347 3903 375 3954 et
401 3897 527 3968 jocando
547 3913 614 3953 cunr
628 3896 670 3952 eis
697 3897 807 3964 ludere,
823 3898 962 3970 quoniam
1016 3896 1126 3952 rebant.
1145 3897 1230 3954 Nulla
1245 3901 1340 3954 autern
1361 3897 1482 3971 pollutio
1503 3897 1597 3952 caruis
1621 3897 1865 3969 etcoucupisceu·
1982 3890 1985 3909 ¹

107 4006 159 4045 eos
174 3988 207 4042 iu
216 4003 288 4058 agro
297 3986 412 4042 Domini
427 3985 472 4040 sui
479 3986 644 4042 laborantes
654 4001 713 4040 nou
721 3985 847 4055 insanio,
863 4003 963 4058 quem·
1015 3984 1063 4041 tire
1078 4001 1130 4040 uos
1144 3989 1262 4057 tangere
1276 3985 1373 4050 audet,
1390 3985 1459 4058 quia
1474 3986 1563 4041 sancti
1576 4001 1688 4054 sumus,
1713 3990 1742 4041 at
1756 3985 1864 4058 Spiritu

107 4076 269 4134 admodum
284 4074 424 4130 Dominus
436 4089 538 4130 sorum
552 4073 624 4145 ipsis
635 4073 730 4144 jubet.
1015 4079 1113 4130 sancto
1128 4074 1319 4131 iuluudimur.
1337 4075 1411 4131 vahl
1434 4080 1562 4130 errantes
1577 4074 1709 4130 homiues
1724 4074 1774 4145 qui
1789 4089 1866 4130 nuuc

141 4166 213 4232 Sed,
230 4179 249 4220 o
271 4179 322 4220 ros
340 4161 473 4235 discipuli
486 4168 516 4218 el
529 4161 637 4219 subditi
651 4163 720 4229 mei,
736 4163 827 4218 multo
839 4164 905 4234 plus
919 4163 962 4219 eis
1017 4167 1094 4231 sunt,
1110 4162 1244 4219 nesciunt
1267 4163 1337 4235 quid
1358 4162 1474 4229 iaciant,
1499 4163 1573 4218 sicut
1593 4168 1622 4218 et
1642 4162 1686 4218 illi
1703 4163 1753 4235 qni
1770 4179 1821 4218 uos
1835 4162 1866 4218 iu

107 4269 209 4310 eoram
224 4253 332 4326 populo
347 4251 522 4324 disciplinati
536 4250 614 4307 estis.
632 4253 665 4306 Et
677 4251 748 4323 quia
760 4253 802 4306 sic
812 4251 890 4320 estis,
902 4251 959 4307 eri·
980 4235 1002 4290 ὓ
1018 4252 1163 4323 prioribus
1182 4253 1360 4325 temporibus
1382 4257 1601 4325 praecesserunt.
1617 4253 1687 4308 Nam
1709 4251 1758 4307 alii
1772 4251 1866 4308 horni-

108 4345 170 4416 gite
186 4359 237 4398 ros
250 4341 425 4414 superinos,
442 4345 471 4395 et
485 4355 587 4397 omues
602 4339 715 4395 divitias
731 4344 760 4395 el
772 4355 891 4396 omnem
906 4342 962 4397 he·
1016 4355 1069 4395 nes
1082 4340 1133 4413 qui
1146 4357 1181 4397 eo
1208 4345 1338 4412 tempore
1362 4341 1394 4396 iu
1419 4341 1474 4398 tide
1497 4341 1639 4396 catholica
1662 4345 1769 4408 emant,
1793 4341 1865 4397 istos

107 4447 215 4488 noram
236 4445 337 4487 eorum
364 4428 522 4486 abstrahite
546 4430 584 4485 ab
604 4429 696 4497 sinet
719 4428 840 4484 omniuo
862 4430 963 4501 despo·
1016 4428 1151 4485 homiues
1175 4428 1330 4499 timebunt,
1356 4434 1386 4486 et
1411 4429 1507 4484 servili
1532 4429 1628 4485 cilicio
1655 4427 1696 4484 eis
1722 4428 1866 4486 ministra·

108 4521 215 4578 liautas
235 4519 372 4576 suffocato
391 4534 450 4575 eos.
466 4521 532 4575 ilaec
551 4515 684 4574 diabolus
697 4517 729 4572 iu
747 4517 902 4588 semetipso
917 4518 962 4574 di·
1016 4519 1099 4586 bunt,
1117 4523 1145 4574 et
1161 4523 1302 4591 quantum
1326 4523 1471 4590 poterunt,
1496 4533 1546 4574 eos
1569 4517 1770 4573 imitabuntur.
1787 4518 1865 4574 Tunc

109 4611 156 4676 eit,
173 4625 240 4682 qua
255 4607 343 4664 eliam
367 4607 397 4663 iu
412 4607 511 4664 multis
528 4605 639 4678 jndicio
658 4605 707 4662 llei
723 4606 890 4679 complebit.
906 4607 962 4663 Sed
1015 4608 1051 4663 de
1074 4606 1291 4663 couversatione
1321 4608 1441 4663 istorum
1468 4606 1592 4679 populus
1620 4607 1769 4679 gaudebit,
1796 4622 1866 4678 quo·

109 4715 163 4770 ego
180 4698 233 4770 qui
255 4713 331 4764 sum,
346 4693 532 4751 audientibus
547 4709 595 4750 me
613 4694 676 4750 dico
693 4711 700 4750 :
717 4697 895 4768 intempore
911 4695 962 4751 illo
1015 4695 1132 4751 uiamei
1143 4695 1214 4767 justi
1230 4695 1410 4752 ridebuntur.

109 4803 176 4844 cum
191 4784 269 4842 istud
284 4785 335 4841 liet
347 4799 399 4857 per
413 4783 570 4857 quemdam
586 4788 731 4839 errantem
745 4784 885 4856 populum
908 4801 961 4857 pe·
1048 4785 1180 4856 illamque
1196 4783 1243 4839 isti
1257 4798 1373 4839 cursum
1395 4783 1500 4839 erroris
1515 4782 1560 4838 sni
1584 4782 1639 4837 boc
1661 4782 1748 4838 ruodo
1763 4781 1866 4838 coulir·

106 4877 202 4948 joram
216 4872 326 4930 erranti
339 4872 460 4946 populo,
475 4871 527 4943 qui
548 4887 627 4927 nuuc
640 4877 692 4939 est,
710 4888 797 4944 super
811 4889 861 4928 vos
885 4889 960 4946 prra-
1015 4872 1169 4941 manarint,
1192 4873 1322 4929 doctores
1344 4877 1375 4927 et
1396 4871 1550 4944 sapientes,
1574 4871 1626 4942 qni
1658 4876 1727 4928 tuuc
1752 4871 1783 4926 iu
1807 4871 1865 4926 lide

109 4965 270 5020 redeantes
291 4961 526 5034 prevaricatores
546 4960 633 5016 ruina
656 4961 749 5028 eadat,
777 4961 828 5034 qui
852 4962 961 5034 ubique
1014 4961 1153 5017 catholica
1175 4961 1300 5017 fideliter
1321 4960 1487 5033 persistunt,
1509 4960 1638 5032 undique
1659 4961 1865 5030 persequentes

110 5068 160 5109 vos
173 5055 421 5126 pomoraniam
434 5051 484 5123 qui
498 5065 586 5123 opere
600 5055 693 5106 restra
706 5050 890 5110 uoueelabit
906 5051 960 5108 Sed
1014 5050 1167 5122 expellent
1191 5049 1247 5106 Sed
1274 5058 1371 5105 taruco
1395 5065 1454 5106 uou
1477 5064 1588 5115 omues,
1618 5047 1755 5121 quoniam
1776 5045 1865 5118 aliqui

112 5159 142 5198 ea
155 5139 329 5208 denudabit,
345 5143 375 5197 et
386 5139 423 5196 da
437 5139 519 5195 robis
534 5138 610 5195 dicat
625 5155 632 5194 :
648 5139 698 5195 lsti
712 5139 878 5211 scorpiones
892 5145 961 5196 suut
1014 5155 1114 5195 eorum
1129 5139 1278 5195 tortissimi
1301 5139 1407 5196 m'ilites
1430 5139 1460 5195 iu
1473 5137 1585 5209 justitia
1596 5137 1647 5193 llei
1670 5135 1814 5193 suntsed
1837 5141 1866 5192 et

113 5229 139 5286 iu
154 5229 298 5297 moribus,
311 5233 341 5283 et
354 5227 386 5284 in
401 5226 539 5300 operibus
558 5227 740 5301 serpentinis.
763 5227 818 5282 Sed
833 5232 863 5282 et
876 5229 961 5300 quasi
1013 5229 1154 5301 quasdam
1181 5229 1419 5301 congregationes
1440 5233 1602 5283 sanctorum
1636 5240 1761 5298 quorum
1793 5241 1871 5282 con-1

114 5318 141 5374 iu
153 5321 219 5376 zelo
235 5317 351 5374 [lamini
365 5318 401 5373 de
413 5317 494 5372 robis
506 5317 718 5388 imprecabitur
741 5333 748 5371 ι
771 5317 835 5374 Iler
854 5315 960 5390 impio-
1013 5319 1137 5374 venatio
1163 5323 1260 5374 sancta
1276 5323 1334 5384 est,
1356 5332 1470 5372 morere
1492 5332 1548 5372 uou
1566 5319 1714 5386 poterunt.
1739 5315 1866 5388 Quapro·
1910 5375 1914 5380 ,

116 5404 296 5481 ramperibit
316 5406 410 5475 (Prot.
432 5405 547 5474 illlam
563 5405 623 5459 vias
641 5404 791 5460 vestraein
806 5405 959 5477 iniquitate
1014 5411 1078 5480 pler
1107 5407 1287 5480 principibus
1315 5414 1343 5460 at
1378 5405 1513 5462 divitibus
1541 5405 1694 5461 consilium
1722 5404 1802 5472 deut,
1833 5410 1866 5460 ut

117 5505 205 5554 restn
219 5497 255 5552 ad
269 5495 496 5552 internecionem
510 5493 719 5552 deridebuutet
732 5495 958 5552 subsannabunt.
1014 5496 1130 5553 eosdem
1163 5496 1291 5554 Ecclesia
1321 5493 1474 5566 magistros
1503 5499 1532 5550 et
1561 5495 1687 5567 reliquos
1722 5495 1866 5570 spiritales
